2205 3177
648 218 680 239 ia
706 216 855 239 PSALMUM
881 215 1000 236 xxxw.
1030 215 1068 236 Π
1093 215 1199 236 xxxv.
1692 201 1754 233 159

99 284 205 318 ritalis
229 283 334 316 instar
359 283 513 315 victimae
538 282 623 327 patri
651 280 792 317 offerre,
814 277 1026 323 glorificandi
1054 289 1169 315 causa,
1189 276 1341 322 quotidie
1366 275 1499 309 laudem
1518 286 1624 308 suam.
1653 275 1754 320 Atqui

100 341 241 386 posteris
267 339 439 376 Israhelis,
462 337 628 383 siquando
654 336 912 370 eucharisticum
937 334 1063 367 vellent
1088 334 1231 370 offerre,
1254 331 1482 378 praecipiebat
1508 332 1590 376 legis
1616 330 1753 367 umbra.

100 397 205 430 boum
231 402 285 430 aut
312 397 429 429 ovium
454 396 687 433 mactationes,
710 399 765 426 aut
787 398 958 425 turturum
978 391 1029 424 vel
1051 391 1227 436 pullorum
1250 389 1526 424 columbinorum
1546 389 1753 423 oblationes.

98 460 153 487 aut
181 453 351 499 placentas
375 459 407 485 et
433 452 579 486 similam
597 451 674 484 oleo
694 455 906 495 perunctam.
935 448 998 481 Sed
1019 449 1108 481 enim
1128 449 1160 480 in
1182 447 1314 480 Christo
1334 457 1550 491 perseverare
1572 452 1670 490 typos
1689 457 1757 478 non

96 509 291 556 oportebat.

717 596 944 635 PSAIMUS
973 596 1120 633 XXXV
1126 626 1133 633 .

655 687 694 710 111
711 687 816 714 finem,
832 693 917 709 servo
935 686 1060 708 nomini
1077 685 1200 707 Davidi.

195 740 295 780 Quod
322 739 482 773 hactenus
509 738 672 775 diximus,
694 737 735 770 ad
762 737 937 770 historiam
964 736 1076 781 potius
1103 736 1247 780 pertinet
1268 735 1326 779 (pl).
1357 733 1486 766 Altiore
1512 739 1621 766 autem
1643 744 1758 767 sensu.

102 797 299 830 criminatur
324 795 474 841 psalmus
499 794 620 827 iudaici
646 793 765 839 populi
791 791 1003 838 superbiam.
1025 792 1164 836 eiusque
1183 791 1335 836 coarguit
1358 790 1631 835 perversitatem:
1654 790 1760 822 conti-

102 860 157 886 net
184 854 285 886 etiam
312 853 479 885 iustorum
498 850 701 884 iudiciorum
720 849 856 884 laudem
869 875 876 887 ,
897 848 1021 894 quibus
1048 847 1215 881 mundum
1233 848 1322 881 Deus
1340 847 1498 879 salvavit:
1520 851 1760 891 praetereaque

102 910 228 955 gratiae
254 915 401 954 aguntur
427 909 512 954 patri
538 907 583 941 ob
609 919 646 941 ea
671 919 757 952 quae
783 918 843 952 per
870 906 977 939 lilium
1004 906 1145 950 largitus
1164 911 1213 937 est
1231 902 1411 937 beneficia:
1433 903 1579 947 denique
1605 900 1762 947 precibus

104 966 168 1001 sibi
193 972 288 1000 cavet
308 965 498 1011 psalmista,
518 966 701 1010 quominus
719 965 753 997 in
772 963 966 1009 superbiam
986 962 1111 995 incidat
1132 962 1283 1007 (2).1am
1301 961 1406 994 dictio
1429 975 1443 991 «
1466 960 1499 993 in
1519 960 1618 993 tinem
1642 973 1657 989 »
1679 958 1760 1003 quid

104 1023 287 1069 significet,
308 1023 482 1056 multoties
508 1023 574 1055 iam
593 1022 721 1055 dictum
749 1021 828 1058 fuit,
851 1021 1101 1064 molestumque
1128 1019 1268 1052 fortasse
1294 1024 1343 1052 est
1368 1016 1537 1051 crambem
1561 1027 1758 1061 recoquere.

103 1080 203 1120 Quod
229 1086 340 1113 autem
361 1080 395 1112 in
416 1079 514 1112 titulo
533 1077 692 1111 scribitur
714 1092 729 1107 «
752 1089 852 1111 servo
870 1077 1003 1110 Domini
1023 1077 1086 1109 Dax
1096 1075 1141 1108 idi
1164 1090 1179 1106 n
1202 1075 1236 1108 id
1256 1075 1464 1108 demonstrat
1484 1074 1604 1106 decere
1622 1072 1760 1118 quidem

105 1143 141 1171 ut
161 1137 225 1170 hoc
245 1137 411 1170 canticum
432 1147 595 1181 personae
613 1135 682 1168 dixi
704 1135 841 1168 Davidis
865 1133 1084 1168 attribuatur.
1107 1139 1222 1178 utpote
1241 1133 1298 1177 qui
1320 1138 1452 1165 sanctus
1479 1131 1595 1167 suerit,
1617 1136 1648 1163 et
1668 1141 1762 1162 men-

105 1195 146 1227 tis
172 1205 250 1227 suae
275 1194 439 1227 cervicem
458 1193 575 1226 divino
601 1193 819 1237 supposuerit
838 1192 930 1236 iugo.
960 1192 1046 1224 Dixit
1074 1191 1162 1223 enim
1189 1189 1232 1222 de
1258 1201 1299 1223 eo
1325 1188 1470 1222 Samueli
1489 1189 1577 1221 Deus
1598 1187 1626 1219 ἐ
1650 1187 1760 1220 inveni

106 1251 285 1287 Davidem.
303 1251 409 1284 Iessae
429 1250 554 1285 tilium.
570 1251 682 1283 virum
701 1249 887 1283 secuudum
902 1260 961 1281 cor
977 1259 1087 1281 meum
1099 1273 1106 1281 .
1123 1247 1178 1291 qni
1199 1246 1295 1279 faciet
1314 1257 1433 1278 omnes
1450 1245 1641 1278 voluntates
1657 1254 1758 1276 meas.

106 1308 205 1348 Quod
225 1309 251 1342 si
270 1309 438 1354 quispiam
465 1308 549 1341 alius
568 1308 631 1340 erit
650 1308 709 1340 Dei
730 1306 893 1341 famulus,
915 1312 1134 1348 sanctumque
1154 1305 1241 1337 vitae
1260 1314 1365 1348 genus
1390 1309 1537 1339 sectans,
1559 1302 1613 1334 hic
1639 1302 1764 1346 pariter

108 1365 302 1398 huiusmodi
329 1365 371 1397 ad
396 1366 504 1398 Deum
531 1375 630 1409 prece
657 1369 781 1397 utetur.
812 1364 963 1406 Namque
991 1362 1089 1394 huius
1116 1361 1225 1406 precis
1253 1367 1350 1394 tenor
1374 1359 1658 1404 vituperationem
1684 1369 1764 1391 con-

109 1423 190 1455 tinet
215 1422 355 1455 illorum
380 1423 438 1466 qui
465 1427 537 1454 toto
564 1421 678 1454 animo
704 1420 745 1453 ad
773 1418 980 1464 peccandum
1009 1418 1275 1451 declinaverunt.
1302 1416 1430 1450 Deinde
1454 1417 1512 1449 Dei
1539 1415 1765 1461 placiditatem

107 1479 217 1524 :lignis
244 1478 401 1512 laudibus
427 1484 526 1511 ornat
552 1477 744 1522 psalmista,
765 1476 983 1520 studiumque
1009 1474 1257 1509 munificentiae
1284 1476 1354 1507 eius
1380 1473 1469 1519 apud
1489 1484 1546 1506 eos
1565 1474 1685 1506 excitat
1707 1473 1764 1516 qui

107 1536 271 1570 constanti
298 1547 394 1569 more
419 1535 468 1568 illi
495 1535 710 1571 deserviunt,
733 1545 895 1578 suamque
921 1533 1032 1567 eidem
1059 1534 1161 1565 vitam
1189 1538 1397 1565 consecrant.
1426 1532 1509 1563 Tum
1528 1531 1613 1563 circa
1641 1528 1762 1567 linem,

106 1593 189 1638 quid
216 1591 451 1638 peccatoribus
477 1598 678 1626 eventurum
699 1592 739 1624 sit
759 1591 918 1625 declarat.
947 1590 1080 1635 Ubique
1099 1596 1211 1623 autem
1236 1595 1307 1622 tum
1327 1600 1360 1622 se
1381 1594 1451 1622 tum
1479 1588 1626 1621 lecturos
1648 1597 1766 1619 omnes

108 1650 149 1683 ad
176 1656 325 1683 sanctam
351 1648 755 1694 irreprehensibilemque
780 1649 884 1682 vitam
909 1648 1077 1681 hortatur.
1107 1648 1157 1680 Sic
1184 1653 1297 1680 autem
1323 1657 1458 1691 precem
1482 1644 1669 1678 exorditur.

261 1716 350 1738 Dixit
366 1716 503 1738 iniustus
521 1716 556 1737 ut
572 1715 737 1741 delinquat
753 1715 787 1736 in
804 1716 897 1737 semet
914 1715 993 1741 ipsoe
1011 1720 1070 1736 uon
1088 1716 1133 1736 est
1151 1714 1243 1735 timor
1260 1712 1318 1734 Dei
1335 1714 1407 1734 ante
1423 1711 1524 1734 oculos
1541 1712 1616 1733 eius.

205 1766 277 1798 Hoc
302 1771 367 1802 est,
390 1765 561 1798 neminem
587 1765 754 1797 existimat
773 1764 992 1808 cogitationes
1017 1764 1122 1808 ipsius
1147 1762 1274 1795 videre.
1304 1761 1407 1794 Simul
1428 1772 1464 1793 ac
1482 1771 1620 1805 peccare
1640 1770 1768 1804 propo-

110 1824 194 1861 suit,
216 1823 334 1868 procul
356 1822 463 1855 oculis
483 1822 551 1854 suis
569 1822 629 1854 Dei
650 1822 807 1854 timorem
826 1820 971 1866 ablegat.
1001 1821 1148 1854 Dicimus
1172 1831 1276 1865 porro
1300 1820 1462 1851 iniustum
1475 1843 1482 1852 .
1503 1818 1561 1862 qui
1580 1816 1702 1849 dixinis
1721 1816 1769 1848 le—

111 1880 209 1925 gibus
235 1881 376 1913 omnino
401 1879 476 1912 vale
502 1878 603 1916 dixit,
625 1879 671 1911 ita
697 1884 731 1911 ut
758 1890 813 1911 eas
840 1890 881 1911 ne
906 1890 978 1911 esse
1001 1878 1140 1923 quidem
1159 1877 1281 1913 vellet,
1303 1882 1331 1909 et
1361 1876 1500 1909 omnino
1527 1880 1684 1920 proterve
1703 1873 1771 1906 dis·—

111 1938 288 1982 soluteque
314 1938 413 1972 x'ivit.
435 1937 505 1970 sine
533 1936 601 1969 ulla
627 1936 854 1981 resipiscentia
881 1935 922 1969 ad
949 1935 1046 1969 inferi
1072 1934 1271 1968 barathrum
1298 1935 1483 1977 mortisque
1509 1932 1666 1977 laqueum
1695 1942 1770 1975 per-

112 2007 205 2041 gens.
237 1993 478 2028 Huiuscemodi
504 1994 608 2026 vitam
634 1994 805 2037 agentium
832 1993 983 2025 meminit
1011 1991 1134 2025 alicubi
1160 2003 1252 2025 sacra
1278 1992 1442 2036 scriptura
1459 2016 1466 2028 ,
1495 1990 1538 2022 ita
1564 1989 1606 2021 de
1632 1988 1770 2032 singulis

113 2053 256 2098 loquens
277 2053 304 2084 'z
327 2051 405 2084 dicit
427 2057 538 2084 antem
557 2051 722 2088 Domino,
743 2049 863 2084 recede
883 2062 899 2083 a
919 2061 990 2084 me.
1011 2050 1080 2082 xias
1100 2055 1172 2082 tuas
1192 2060 1395 2093 cognoscere
1414 2047 1507 2081 nolo.
1529 2047 1589 2079 Hic
1610 2046 1767 2081 caecutit,

113 2111 241 2155 inquit,
262 2116 292 2142 et
321 2120 400 2154 prae
428 2108 549 2141 mentis
575 2108 682 2141 oculis
708 2108 866 2141 timorem
893 2107 951 2140 Dei
979 2118 1045 2140 non
1072 2105 1192 2144 habet,
1215 2117 1232 2139 a
1257 2117 1327 2150 quo
1354 2112 1464 2138 tamen
1491 2104 1531 2137 ad
1559 2103 1643 2136 hene
1669 2114 1770 2147 agen-

114 2166 197 2200 dum
225 2165 353 2199 fervide
378 2165 545 2210 impulsus
573 2164 707 2201 suisset,
730 2165 956 2208 invictamque
982 2170 1015 2196 et
1040 2161 1304 2208 insuperabilem
1332 2162 1372 2194 ad
1400 2162 1574 2195 honestam
1600 2161 1701 2192 vitam
1723 2171 1773 2192 se-

115 2224 272 2258 ctandam
299 2224 480 2268 accepisset
507 2222 726 2255 alacritatem.
755 2223 840 2255 Nam
864 2222 921 2266 qui
942 2222 999 2253 Dei
1022 2221 1144 2253 timore
1170 2226 1302 2255 carent,
1325 2220 1346 2252 ii
1366 2219 1499 2252 nullum
1522 2229 1626 2263 genus
1653 2217 1774 2261 iniqui—

117 2282 191 2314 tatis
217 2286 391 2314 recusant:
413 2291 620 2324 quamquam
639 2279 675 2312 id
694 2290 791 2324 saepe
811 2289 936 2324 pavore
955 2278 1070 2322 aliquo
1089 2283 1146 2310 aut
1165 2277 1297 2322 pudore
1317 2274 1610 2309 circums⁹antibus
1631 2273 1774 2320 prodere

117 2337 333 2372 cohibentur.

545 2401 587 2424 112
604 2402 743 2424 inveniat
760 2401 961 2427 iniquitatem
978 2407 1079 2428 snam,
1095 2401 1125 2423 et
1141 2400 1210 2422 odio
1227 2400 1349 2422 habeat.

213 2451 244 2484 Si
265 2462 345 2496 prae
364 2450 488 2487 oculis,
509 2450 635 2495 inquit,
657 2450 724 2482 suis
744 2451 901 2482 timorem
922 2450 979 2483 Dei
999 2449 1156 2487 haberet,
1176 2449 1328 2495 profecto
1348 2448 1557 2493 iniquitatem
1577 2456 1670 2478 suam
1690 2456 1776 2477 com-

218 2560 251 2588 (ι)
270 2556 414 2583 Manifeste
434 2560 506 2590 patet
525 2555 616 2582 deesse
635 2555 694 2582 heic
713 2555 808 2591 Cyrilti
828 2560 932 2590 partem
951 2555 1027 2582 illam
1048 2555 1248 2585 commentarii,
1269 2562 1321 2588 qua
1341 2561 1449 2580 sensnm
1475 2552 1555 2578 huius
1579 2551 1674 2585 psalmi
1695 2550 1777 2576 bisto-

121 2602 207 2628 ricum
226 2604 391 2635 exposuerat.
413 2601 567 2634 Quamnam
587 2607 648 2626 vero
668 2600 696 2625 in
716 2600 766 2626 hoc
786 2600 903 2634 psalmo,
919 2599 1055 2634 ceteroqui
1077 2599 1185 2630 morali,
1202 2597 1341 2624 historiam
1358 2596 1474 2632 Cyrillus
1493 2595 1644 2630 agnoverit,
1661 2594 1780 2621 divinare

121 2645 233 2672 fortasse
252 2645 314 2670 lieet
333 2652 363 2670 ex
382 2643 443 2670 aliis
461 2643 581 2677 antiquis
600 2643 806 2677 interpretibus,
820 2652 888 2678 quos
908 2644 978 2670 inter
997 2648 1037 2669 est
1051 2641 1251 2672 Theodoretus,
1268 2641 1313 2675 qui
1328 2641 1417 2666 Saulis
1438 2640 1568 2666 malitiam
1589 2639 1646 2665 heic
1666 2637 1778 2664 describi

123 2692 298 2724 putaverunt,
319 2692 345 2714 et
364 2687 534 2714 elementiam
554 2686 678 2719 Davidis,
698 2688 744 2721 qui
764 2687 803 2714 illi
825 2687 853 2713 in
872 2687 966 2714 castris
986 2686 1130 2713 dormienti
1151 2685 1276 2720 pepercit.

219 2736 251 2764 (2,
275 2734 411 2759 Hactenus
430 2732 556 2758 nonnulli
570 2731 723 2758 tribuerunt
736 2731 885 2758 Athanasio
907 2731 1105 2762 fragmentum,
1121 2734 1213 2756 contra
1232 2733 1322 2755 tamen
1334 2727 1435 2755 codicis
1447 2728 1562 2754 ratic-ani
1577 2727 1779 2754 auctoritatem.

125 2778 152 2804 in
171 2785 223 2812 quo
243 2777 323 2803 etiam
343 2780 449 2802 tantum
469 2776 648 2811 prosequitur.
671 2776 765 2801 Nescio
785 2776 856 2802 enini
876 2775 1011 2810 quomodo
1032 2775 1059 2801 in
1079 2773 1180 2800 catenis
1200 2772 1253 2799 duo
1273 2772 1300 2798 hi
1320 2771 1487 2798 alexandrini
1511 2775 1598 2806 patres
1617 2770 1781 2797 Athanasius

124 2826 204 2857 atque
218 2820 334 2856 Cyl-illus
349 2820 383 2847 ab
397 2820 608 2847 amanuensibus
628 2819 764 2846 interdum
785 2819 891 2846 confusi
911 2819 1025 2850 fuerint3
1041 2827 1108 2853 quos
1125 2822 1215 2845 tamen
1229 2816 1430 2843 aecuratissime
1444 2815 1548 2847 codices
1566 2815 1649 2842 nostri
1668 2815 1782 2841 vaticani

125 2865 290 2892 discernunt.
308 2867 383 2892 Certe
398 2872 446 2899 ego
466 2864 568 2890 nullam
589 2865 694 2899 uspiam
709 2864 809 2900 Cynillo
829 2869 929 2899 partein
948 2864 1080 2895 attribuo,
1097 2863 1148 2889 nisi
1168 2861 1265 2889 diserte
1278 2861 1370 2896 (tyrini
1386 2868 1483 2887 nomen
1498 2861 1525 2887 in
1539 2859 1677 2886 codicibus
1696 2862 1770 2891 §.verat

1801 1206 1808 1211 “
1824 1204 1871 1223 Act.
1885 1202 1934 1223 Xlll
1958 1205 1988 1221 22.

1805 1538 1834 1557 ur
1857 1544 1869 1562 p
1893 1541 1929 1557 ’.Ἡ

1811 2064 1815 2068 ”
1834 2060 1879 2080 tut».
1896 2059 1952 2079 XM.
1971 2062 1990 2077 Η
