2205 3177
166 737 170 741 ”
189 734 207 753 l»
232 733 277 752 1Ᾱ1

180 791 199 810 l«
224 790 280 810 [ΧΗ
307 793 324 809 1.

286 1205 289 1207 .
306 1194 324 1208 N.

190 1219 220 1233 m
246 1221 256 1232 r-
282 1218 316 1235 2:ss

260 1710 278 1724 v,
297 1707 326 1724 tt.

307 735 313 752 1

136 1308 141 1313 '
165 1305 217 1323 thui
242 1303 289 1324 Ml,
308 1306 324 1323 l.

363 186 430 219 208
864 193 892 215 s.
921 192 1048 215 cvrum
1074 193 1296 215 AtizxANnmxi
1323 192 1529 215 examino

1001 281 1230 319 PSAt‘MUS
1258 281 1395 321 XCIV.

462 373 663 407 insultemus
683 372 840 407 Satanae.
865 371 1048 405 iubilemus
1075 373 1150 418 ipso
1175 373 1265 406 ricto
1285 378 1317 406 et
1337 373 1485 409 iacente.
1506 371 1722 417 triumphum
1742 382 1881 417 agamus
1906 373 1950 407 de
1974 375 2040 408 im-

365 434 417 478 pia
444 431 543 465 belua
570 430 744 463 insolubili
772 430 895 476 laqueo
921 431 1102 464 constricta
1129 430 1188 476 (l).

1012 526 1242 564 PSALMUS
1271 526 1390 563 XCV.

842 609 1041 633 Annnniinte
1057 612 1095 633 de
1112 611 1163 633 «lie
1180 611 1213 632 in
1231 611 1313 632 diem
1329 610 1471 632 salutare
1486 611 1563 633 eius.

459 662 641 694 Cuiusnam
668 661 775 694 xero?
801 662 931 706 Nempe
951 662 1010 694 Dei
1032 662 1156 706 patris:
1179 661 1289 694 filium
1309 661 1436 694 seilicet
1461 661 1505 694 de
1524 672 1594 706 quo
1617 660 1699 694 dicit
1725 660 1825 695 nobis
1852 673 1913 707 per
1935 673 2043 696 unum

364 719 406 752 de
432 720 554 752 =<auctis
574 718 750 764 prophetis
771 719 798 751 ⁶:
822 719 1074 764 appropinqiuit
1097 719 1191 752 brexi
1213 719 1337 752 iustitia
1358 730 1454 756 mea,
1477 725 1508 752 et
1536 718 1769 753 misericordia
1789 730 1865 753 mea
1884 731 1965 753 mox
1984 731 2044 766 ap-

364 776 508 823 parebit.
538 776 690 810 Salutare
715 787 799 809 xero
825 788 940 809 meum
968 788 1027 809 ceu
1057 775 1186 821 lampas
1213 776 1418 809 accendetur
1445 777 1469 809 '.
1498 777 1750 810 Misericordiae
1778 777 1908 822 quippe
1934 782 1967 810 et
1992 779 2044 811 iu-

359 836 468 868 stitiae
489 835 626 867 nomine
648 833 755 866 lilium
776 834 951 877 indigitat:
976 845 1036 878 per
1056 834 1168 879 ipsum
1188 834 1279 866 enim
1299 834 1514 867 elementiam
1534 834 1665 880 experti
1684 846 1821 873 sumus,
1845 841 1877 868 et
1904 845 2044 869 omnem

363 892 507 925 iustitiae
526 893 616 924 xiam
636 891 829 923 didicimus.
859 892 896 923 lii
925 891 1030 935 paulo
1050 897 1139 936 post.
1168 891 1278 924 Dietio
1298 878 1416 925 dc'die
1435 892 1469 924 in
1490 891 1582 925 diem
1607 892 1748 937 ponitur
1768 903 1832 937 pro
1852 892 1946 925 omni
1966 891 2042 930 die;

363 949 456 994 quod
479 960 559 982 saue
578 949 818 993 praestiterunt
846 947 936 981 beati
963 948 1142 993 discipuli,
1165 949 1223 993 qui
1252 948 1349 981 nullo
1376 949 1618 994 praetermisso
1645 955 1821 993 tempore,
1843 960 1905 994 per
1923 960 2044 994 quam-

364 1005 445 1039 libet
467 1007 640 1051 regionem
661 1006 900 1050 cixitatemque
918 1005 1176 1044 discurrerunt,
1197 1005 1370 1038 Christum
1389 1006 1608 1044 nunciantes,
1631 1017 1831 1050 sacramque
1850 1005 2044 1039 doctrinam

363 1063 547 1096 tradentes.
569 1083 591 1088 -
609 1062 892 1095 Praedicax'erunt
913 1063 1042 1095 cunetis
1061 1061 1189 1107 ubique
1210 1062 1348 1108 populis
1369 1074 1423 1096 res
1443 1063 1516 1096 eius
1535 1061 1727 1102 mirabiles,
1744 1053 1905 1109 prodigia*
1918 1063 2041 1108 ipsius,

367 1120 399 1153 id
427 1127 475 1154 cst
502 1119 680 1165 magnifica
707 1131 812 1165 opera
840 1126 976 1165 praeter
1001 1120 1157 1153 omnium
1183 1120 1455 1165 expectationem
1482 1125 1627 1165 patrata.

847 1186 964 1208 'ronne
981 1186 1115 1213 hostias,
1131 1187 1161 1208 et
1179 1186 1311 1208 introite
1328 1186 1362 1208 in
1381 1186 1466 1208 utria
1483 1186 1560 1208 eius-

460 1237 613 1276 Quanam
640 1247 723 1269 vero
749 1237 801 1269 via
828 1235 1037 1269 introibitis?
1056 1235 1124 1269 side
1145 1235 1290 1274 scilicet;
1311 1235 1396 1269 haec
1415 1240 1465 1269 est
1483 1236 1573 1269 enim
1592 1235 1635 1269 ad
1654 1234 1798 1269 salutem
1816 1234 2043 1270 introductio.

363 1295 401 1327 Et
423 1294 526 1339 paulo
545 1300 634 1339 post.
663 1294 834 1334 Quasnam
855 1304 961 1338 porro
981 1293 1108 1326 hostias
1129 1292 1309 1331 tollemus,
1331 1291 1451 1326 beatus
1470 1291 1632 1326 admonet
1651 1291 1776 1326 Paulus
1794 1292 1911 1325 dicens
1930 1292 1962 1325 *t
1985 1304 2047 1326 ex-

363 1349 477 1383 hibete
504 1361 649 1396 corpora
674 1356 786 1384 vestra
812 1349 958 1383 hostiam
985 1361 1128 1396 puram,
1148 1350 1341 1389 viventem,
1364 1350 1435 1382 Deo
1455 1348 1667 1394 placentem,
1690 1349 1893 1383 rationalem
1912 1349 2044 1383 cultum

365 1414 527 1442 vestrum.

913 1475 1072 1499 Iudicabit
1090 1475 1220 1503 populos
1236 1481 1305 1498 cum
1321 1476 1491 1502 aequitate.

457 1525 607 1571 Populos
631 1531 722 1560 reete
748 1525 909 1560 iudicavit
928 1527 1115 1564 Dominus,
1137 1527 1284 1560 servavit
1310 1526 1401 1559 enim
1426 1524 1616 1563 mundum,
1638 1522 1767 1558 diaboli
1791 1524 1917 1570 eripuit
1933 1524 2045 1558 mani-

363 1580 445 1619 bus,
467 1583 674 1617 daemonum
694 1583 875 1628 tyrannide
894 1584 1084 1629 expedivit,
1105 1583 1301 1617 iustificavit
1326 1582 1412 1622 fide,
1434 1583 1494 1628 qui
1513 1582 1598 1615 olim
1617 1580 1861 1615 aberraverant
1880 1582 1961 1626 iugo
1981 1593 2044 1616 suo

365 1638 524 1679 subiecit,
551 1647 684 1674 sanctos
709 1640 820 1675 effecit
839 1641 1057 1680 adoratores,
1081 1641 1294 1687 pestilentem
1315 1641 1473 1674 Satanam
1498 1651 1577 1673 cum
1600 1638 1730 1684 angelis
1755 1639 1828 1672 eius
1853 1637 2041 1673 damnavit.

1032 1706 1267 1729 Commoveatul·
1283 1712 1379 1728 mare.

459 1756 550 1788 Mare
576 1755 651 1789 heic.
676 1767 754 1789 cum
781 1755 894 1791 audis,
918 1768 959 1789 ne
985 1755 1052 1789 hoc
1076 1756 1294 1789 notissimum
1320 1755 1465 1800 cogites,
1487 1753 1547 1787 sed
1570 1752 1663 1787 aliud
1689 1753 1824 1799 potius,
1844 1752 1880 1786 id
1905 1758 2044 1801 estpter-

365 1818 471 1846 restre
497 1813 562 1845 lioc
588 1814 752 1858 spatium,
773 1814 843 1847 sive
869 1813 990 1847 orbem
1016 1814 1215 1847 universum
1242 1814 1382 1857 eiusque
1409 1810 1550 1845 incolas.

880 1878 968 1901 'fune
985 1879 1089 1901 omnia
1105 1878 1202 1900 silvae
1218 1878 1310 1907 ligna
1326 1877 1525 1900 exultalmnt.

460 1926 616 1961 Profecto
642 1939 859 1973 nequaqnam
885 1928 1049 1967 dicimus,
1073 1927 1147 1961 fieri
1167 1938 1267 1972 posse
1287 1933 1323 1960 ut
1342 1925 1552 1960 insensibilia
1572 1925 1664 1971 ligna
1685 1924 1873 1962 laetentur:
1898 1924 1932 1957 id
1952 1925 2043 1958 enim

365 1985 478 2030 potius
504 1991 638 2018 sanctos
663 1985 777 2021 decet.
800 1998 887 2030 quos
914 1986 1130 2030 potissimum
1157 1985 1292 2018 Christo
1317 1983 1394 2017 orbi
1420 1983 1639 2017 illucescente
1664 1982 1807 2016 laetatos
1833 1981 1926 2016 dicit.

863 2051 1019 2077 Quoniam
1037 2051 1121 2073 venit
1139 2051 1178 2073 ad
1196 2050 1397 2072 iudicandam
1415 2051 1543 2071 terram.

463 2101 557 2133 Venit
585 2101 728 2134 consilio
747 2113 786 2134 ex
806 2101 970 2145 dignitate
989 2101 1048 2134 Dei
1069 2106 1238 2145 suscepto.
1268 2097 1451 2132 Damnabit
1476 2098 1667 2144 principem
1691 2097 1865 2131 malorum
1883 2095 2040 2134 beluam,

365 2163 465 2201 atque
485 2158 518 2190 in
538 2158 651 2201 ignem
677 2157 913 2191 incessabilem
938 2158 1061 2192 mittet.
1090 2156 1264 2191 Liberabit
1283 2167 1341 2190 eos
1359 2156 1418 2201 qui
1438 2154 1503 2189 sub
1522 2155 1594 2189 eius
1619 2154 1786 2188 ditionem
1813 2153 2041 2192 devenerant,

366 2226 428 2248 nos
454 2215 630 2255 videlicet,
655 2227 692 2249 ac
720 2214 786 2249 fide
813 2215 1022 2249 iustificabit.

1006 2312 1231 2351 PSALMUS
1259 2311 1396 2351 XCVI.

853 2398 983 2425 namn,
999 2399 1124 2425 quando
1141 2400 1227 2420 terra
1245 2398 1312 2420 eius
1329 2397 1478 2419 restituta
1494 2396 1550 2419 est.

463 2447 570 2481 Daxid
595 2449 788 2493 saepissime.
815 2448 1005 2493 appellatus
1023 2455 1072 2481 est
1093 2447 1135 2481 ab
1154 2448 1314 2493 inspirata
1335 2447 1502 2492 scriptura
1530 2450 1628 2479 natus
1647 2443 1691 2479 de
1710 2444 1815 2489 stirpe
1833 2442 1973 2476 Davislis
1990 2454 2043 2476 se-

367 2503 516 2537 cundum
531 2516 668 2538 carnem
683 2505 851 2543 Clu·istus;
869 2506 953 2539 sicut
973 2506 1075 2539 etiam
1090 2505 1234 2543 Israhel,
1251 2504 1388 2537 oriundi
1407 2503 1574 2541 lsrahele3
1591 2508 1623 2536 et
1639 2501 1759 2540 Iacob,
1776 2499 1915 2534 oriundi
1932 2511 1973 2533 ex
1986 2510 2040 2532 eo.

367 2561 503 2594 Cauitur
528 2574 610 2607 ergo
636 2563 786 2608 psalmus
812 2563 930 2596 Davidi
958 2563 1145 2597 secundum
1174 2573 1310 2596 carnem
1336 2561 1484 2595 Christo.
1514 2559 1743 2601 Quandonam
1770 2569 1855 2592 vero
1880 2563 1914 2591 et
1938 2567 2043 2602 quam

367 2616 413 2650 ob
439 2629 510 2651 rem
536 2620 692 2652 canitur?
718 2619 883 2660 Quando,
906 2621 1035 2664 inquit,
1058 2626 1147 2653 terra
1173 2620 1245 2653 eius
1270 2619 1425 2652 restituta
1452 2618 1528 2651 fuit.
1556 2618 1597 2651 Et
1624 2616 1729 2662 paulo
1755 2621 1845 2661 post.
1875 2613 2043 2659 Apparuit

367 2673 467 2707 nobis
486 2676 695 2721 unigenitum
715 2678 774 2710 Dei
793 2676 944 2710 Verbum
957 2703 965 2716 ‚
986 2676 1262 2723 perturbationes
1280 2676 1430 2713 sedavit,
1452 2681 1579 2709 terram
1599 2673 1759 2708 restituit.
1786 2673 1942 2713 Quanam
1959 2680 2043 2704 vero

466 2773 485 2795 (t
518 2771 556 2797 Ut
574 2770 691 2798 diximus
715 2780 775 2806 paz.
797 2780 836 2806 gr.
858 2775 924 2805 420,
945 2772 1022 2807 plura
1046 2776 1112 2799 sunt
1129 2771 1225 2807 Cyrilli
1249 2769 1283 2797 ad
1307 2770 1380 2797 hune
1403 2770 1485 2797 etiam
1505 2769 1602 2796 XCIV.
1623 2767 1761 2803 psalmum
1786 2765 1953 2801 fragmenta,
1973 2770 2042 2799 quae

367 2812 511 2841 Corderius
535 2815 632 2848 partim
656 2823 805 2851 anonyma,
826 2817 923 2850 partim
947 2816 1025 2843 aliter
1045 2815 1174 2851 inscripta
1193 2813 1292 2847 edidit,
1311 2822 1435 2849 quaeque
1454 2813 1556 2841 idcirco
1580 2819 1630 2840 nos
1655 2811 1765 2838 interim
1789 2810 1948 2840 omisimus,
1967 2815 2041 2835 nunt·

368 2862 459 2886 tamen
479 2857 584 2886 codices
602 2859 717 2887 vaticam
736 2860 926 2888 demonstrant
944 2868 1002 2888 esse
1020 2860 1126 2896 Cyrilli.
