2205 3177
515 171 546 194 IN
573 171 752 194 EPISTOLAM
780 171 816 193 n.
845 170 887 192 AD
913 169 1104 192 CORINTHIOS
1131 170 1202 193 CAP.
1232 170 1279 193 VI.
1309 170 1347 192 ET
1374 170 1409 192 X.
1759 163 1803 195 fi«)

124 237 300 284 aequalem
328 235 475 281 apostoli
501 235 763 281 depraedicant,
792 233 875 267 dum
901 244 1004 265 unam
1031 234 1209 278 utriusque
1234 234 1505 268 dominationem
1532 240 1805 280 potestatemque

124 300 324 342 agnoscunt.
354 294 424 326 lam
450 305 533 327 vcro
558 293 669 339 qualis
695 301 825 337 quaeve
850 291 891 324 sit
918 290 1095 323 ministerii
1121 291 1298 329 doctrina,
1327 292 1380 325 xel
1407 302 1494 336 quae
1521 292 1806 325 reconciliationis

125 353 231 390 ratio,
259 351 370 397 pergit
395 350 508 384 dicere
535 352 598 384 sic:
626 351 716 384 Deus
741 354 812 382 erat
840 348 873 380 iu
900 347 1052 385 Christo,
1080 348 1250 381 mundum
1276 348 1340 382 sibi
1367 349 1608 387 reconcilians,
1635 349 1669 382 id
1696 355 1744 382 est
1772 349 1806 382 in

120 411 254 445 Christo
279 408 450 443 mundum
477 408 541 442 sibi
568 406 802 441 reconcilians.
832 406 922 438 Deus
950 411 1041 441 erat,
1063 406 1141 449 quia
1169 417 1230 450 per
1257 405 1362 439 fidem
1388 408 1422 440 in
1448 407 1640 444 Christum,
1662 413 1697 440 ut
1718 407 1806 440 dixi-

120 480 211 505 mus,
235 479 351 513 pacem
379 478 457 500 cum
475 468 548 499 Deo
568 464 863 499 confirmavimus,
887 462 920 495 id
941 468 987 495 est
1010 462 1039 494 ei
1060 463 1269 496 reconciliati
1290 475 1423 496 sumus:
1445 476 1533 509 quac
1553 476 1607 498 res
1630 465 1806 498 manifeste

118 526 376 559 demonstratur
395 536 413 558 a
432 529 649 569 peccatorum
669 520 886 557 remissione,
903 530 1006 564 quam
1025 519 1116 552 Deus
1136 526 1231 564 pater
1251 519 1407 564 largitur.
1428 522 1566 554 Manum
1583 526 1722 567 quoquc
1742 534 1808 568 pro

119 589 286 629 potestate
305 581 498 628 protendit,
519 580 577 613 Dei
602 579 726 616 instar,
750 577 842 610 tilius
863 577 1070 622 paralytico,
1092 577 1227 610 dicens:
1250 577 1470 611 dimittuntur
1497 578 1555 611 tibi
1577 586 1714 624 peecata
1735 587 1803 614 tua.

120 641 227 685 Igitur
252 641 286 673 in
313 640 464 677 Christo,
486 638 521 670 id
546 641 595 669 est
620 636 655 668 in
683 646 827 681 persona
846 635 990 673 Christi,
1013 634 1181 668 mundum
1208 633 1271 667 sibi
1299 635 1494 668 reconciliat
1523 637 1629 673 Deus,
1653 644 1808 682 peccato-

119 697 215 732 ribus
241 697 366 731 delicta
392 697 546 742 ipsorum
571 694 639 726 iam
665 704 735 726 non
762 699 937 738 reputans.
967 693 1139 733 Quoniam
1164 703 1268 730 vem,
1290 692 1418 736 inquit,
1442 693 1484 726 ad
1505 705 1637 726 sacrum
1661 707 1809 738 exange-

120 755 263 789 licarum
290 755 405 792 legum
430 751 658 786 ministerium
683 750 831 783 ordinati
860 750 1005 788 fuimus,
1028 749 1196 794 nobisque
1222 749 1511 782 reconciliationis
1537 750 1693 784 doctrina
1714 764 1809 785 com—

119 813 220 846 missa
246 791 480 849 estsininistri
508 809 599 842 enim
625 809 683 841 Dei
712 819 849 845 sumus,
872 808 1062 841 necessario
1088 807 1140 840 liis
1166 807 1224 852 qui
1253 807 1297 840 ita
1325 807 1563 845 crediderunt,
1590 819 1707 853 preces
1733 809 1809 842 illas

122 882 186 915 pro
211 870 251 903 iis
277 868 470 903 fundimus,
493 872 628 911 sumpta
647 866 743 910 quasi
764 865 887 898 Christi
909 876 1074 910 persona,
1097 876 1175 897 cum
1201 865 1401 910 resipiscere
1422 864 1619 898 xolenfibus
1645 865 1807 899 dicimus:

120 926 338 961 obsecramus
364 936 428 970 pro
452 923 604 961 Christo,
627 923 894 957 reconciliamini
914 924 1003 959 Deo,
1027 922 1204 956 credentes
1230 923 1265 955 in
1285 923 1418 967 ipsum,
1441 933 1565 968 nempe
1583 924 1618 956 in
1640 935 1718 956 eum
1746 936 1810 969 pro

120 995 190 1028 quo
215 982 385 1027 legatione
412 980 606 1026 fungimur:
635 980 789 1014 Christus
814 982 903 1013 enini
931 981 1031 1014 ianua
1058 986 1107 1013 est
1135 986 1166 1013 et
1194 980 1259 1012 xia.

213 1039 278 1074 Sed
305 1040 383 1084 quia
409 1039 595 1073 verisimile
622 1045 695 1072 erat
711 1064 719 1077 ,
747 1038 918 1083 quosdam
944 1038 1077 1071 nullam
1103 1037 1319 1082 evangelicae
1351 1038 1615 1083 praedicationis
1641 1039 1811 1073 rationem

118 1096 313 1133 habituros,
335 1103 366 1130 ct
395 1103 529 1142 tempus
555 1096 673 1130 salutis
700 1097 862 1141 propriae
890 1096 1106 1141 potissimum
1134 1094 1343 1140 acceptabile
1370 1095 1605 1141 neglecturos,
1628 1108 1666 1130 ac
1685 1096 1811 1131 deinde

118 1154 223 1188 fidem
251 1154 450 1199 repulsuros
466 1179 475 1193 ,
503 1154 671 1198 excogitat
698 1165 826 1186 rursus·
844 1153 975 1198 aliquid
1007 1154 1170 1197 mysticus
1201 1152 1326 1186 doctor
1352 1153 1550 1187 incutiendo
1576 1153 1702 1199 pudori
1730 1155 1811 1188 ido-

120 1224 242 1248 neum.
265 1224 303 1245 ac
329 1212 460 1245 facilius
481 1211 740 1257 persuadendo,
763 1222 805 1244 ne
832 1212 865 1244 in
893 1211 1063 1256 ignaviam
1089 1211 1269 1247 decidant,
1292 1210 1350 1244 sed
1378 1212 1483 1244 witam
1510 1212 1625 1256 potius
1651 1224 1739 1257 quae
1759 1224 1812 1246 se—

121 1270 274 1303 cundum
293 1270 465 1303 Christum
490 1276 539 1303 est
566 1269 725 1315 amplecti
745 1269 864 1303 velint.
894 1270 979 1306 Dicit
1007 1281 1090 1314 ergo
1110 1270 1152 1302 de
1171 1270 1243 1302 Deo
1269 1275 1385 1314 patre:
1412 1283 1426 1299 «
1450 1281 1529 1303 eum
1548 1271 1606 1314 qui
1634 1277 1809 1316 peccatum

122 1338 191 1360 non
211 1333 370 1365 noverat,
393 1338 457 1373 pro
476 1326 577 1360 nobis
596 1333 773 1372 peccatum
799 1326 897 1363 fecit,
920 1333 956 1359 ut
983 1338 1046 1359 nos
1064 1327 1190 1359 iustitia
1210 1327 1270 1359 Dei
1290 1326 1480 1360 efficiamur
1505 1328 1537 1360 in
1564 1328 1652 1373 ipso.
1680 1342 1694 1358 »
1716 1329 1812 1361 Tam-

120 1395 224 1429 quam
251 1385 277 1417 si
303 1384 447 1418 diceret:
469 1396 548 1417 eum
574 1385 633 1428 qui
660 1394 848 1427 numquam
877 1390 1093 1428 peccaverat,
1117 1384 1185 1428 pati
1213 1383 1248 1416 id
1266 1383 1375 1417 voluit
1403 1384 1499 1429 quod
1528 1386 1664 1418 maximi
1691 1397 1813 1431 pecca—

121 1447 213 1475 tores
238 1440 381 1478 dehent,
404 1447 441 1474 ut
460 1452 523 1474 nos
542 1440 740 1474 ostenderet
760 1440 867 1473 iustos
885 1441 945 1485 qui
965 1439 1070 1473 iidem
1090 1452 1170 1485 erga
1190 1452 1270 1474 eum
1295 1442 1523 1486 suscepimus:
1546 1449 1694 1476 mortem
1721 1444 1811 1476 enim

121 1499 300 1535 sustinuit,
322 1497 508 1543 ignominia
528 1503 745 1542 contempta.-
767 1508 857 1530 unus
876 1497 1005 1542 quippe
1025 1508 1089 1543 pro
1108 1497 1270 1531 omnibus
1296 1505 1454 1532 mortuus
1479 1505 1548 1537 est,
1570 1501 1628 1544 qui
1656 1501 1812 1534 omnium

120 1556 227 1589 instar
245 1561 329 1589 erat.
360 1555 444 1588 Cum
462 1566 546 1600 ergo
565 1554 718 1588 Christus
738 1554 846 1588 factus
865 1565 937 1588 esse
957 1561 1135 1600 peccatum
1154 1555 1296 1594 dicitur,
1319 1567 1400 1590 cave
1419 1568 1497 1590 eum
1518 1569 1674 1602 peccasse
1694 1565 1809 1604 putes:

121 1624 232 1658 neque
252 1614 343 1647 enim
370 1614 461 1647 Deus
480 1611 634 1646 Verbum
652 1624 793 1658 peccare
814 1613 944 1658 potuit:
967 1613 1026 1646 sed
1053 1613 1141 1647 illud
1166 1615 1275 1660 magis
1294 1615 1396 1653 scito,
1417 1615 1584 1649 traditum
1604 1627 1682 1649 cum
1710 1616 1813 1651 fuisse

122 1683 139 1704 a
158 1672 230 1704 Deo
257 1676 352 1717 patre
378 1682 443 1716 pro
469 1671 615 1717 peccatis
641 1671 786 1704 nostris:
808 1682 875 1715 qua
895 1671 1058 1705 nimirum
1079 1672 1211 1705 ratione
1232 1673 1390 1706 victimae
1409 1685 1549 1719 quoque
1575 1685 1640 1720 pro
1667 1676 1813 1720 peccatis

121 1727 294 1766 redditae,
316 1733 492 1774 peccatum
518 1727 783 1773 appellabantur
801 1728 836 1761 in
856 1729 980 1773 Moysis
1000 1728 1087 1774 lege.
1118 1730 1290 1775 Scriptum
1315 1737 1364 1764 est
1391 1731 1493 1776 igitur
1514 1731 1605 1777 apud
1625 1731 1813 1777 prophetas

121 1785 165 1818 de
183 1786 223 1819 iis
241 1786 300 1830 qui
327 1785 519 1819 sacerdotio
539 1785 716 1830 fungendo
742 1791 819 1818 sunt
846 1785 1004 1819 destinati
1026 1786 1053 1819 'z
1080 1801 1094 1817 «
1118 1787 1237 1832 populi
1258 1794 1395 1833 peccata
1416 1789 1619 1827 comedunt,
1641 1796 1673 1822 et
1693 1790 1726 1822 in
1746 1790 1811 1823 ini-
1851 1811 1859 1818 ·

121 1842 309 1886 quitatibus
326 1844 482 1888 ipsorum
501 1844 637 1889 capient
656 1844 784 1877 animas
803 1855 936 1877 eorum.
959 1859 973 1875 »
995 1844 1228 1879 Comedebant
1250 1847 1341 1879 enim
1360 1845 1493 1880 oblatas
1514 1859 1577 1892 pro
1597 1849 1743 1893 peccatis
1762 1849 1813 1880 xi-

122 1901 257 1938 ctimas,
277 1911 317 1933 ex
335 1912 455 1934 norma
474 1901 575 1945 legis,
593 1901 792 1934 dixinorum
813 1901 971 1935 altarium
989 1909 1166 1937 curatores
1185 1909 1287 1948 atque
1304 1905 1450 1937 ministri
1468 1906 1527 1949 (t).
1545 1905 1691 1938 Multum
1710 1906 1811 1951 igitur

122 1957 266 2003 pudoris
285 1959 404 1992 incutit
424 1958 481 1997 iis,
503 1959 562 2004 qui
581 1958 773 1992 socorditer
792 1971 892 2005 agere
909 1960 1055 1997 rellent,
1078 1961 1230 2006 prudens
1255 1963 1417 2008 cogitatio
1442 1963 1538 2008 quod
1559 1975 1636 1996 cum
1655 1970 1813 2009 peccato-

120 2014 218 2051 ribus
237 2015 418 2049 damnatus
438 2016 541 2049 suerit
561 2022 663 2061 atque
681 2028 864 2063 suspensus
883 2019 991 2052 nostri
1010 2020 1135 2064 gratia,
1158 2021 1186 2053 is
1203 2020 1263 2065 qui
1283 2027 1421 2065 peccata
1439 2022 1598 2060 nescivit,
1620 2028 1657 2054 ut
1676 2033 1739 2055 nos
1759 2021 1813 2056 tie-

122 2084 236 2106 remus
255 2073 380 2106 iustitia
395 2074 455 2106 Dei
475 2074 507 2106 in
527 2074 614 2119 ipso.
636 2073 863 2108 [ustificamur
879 2076 970 2109 enim
989 2075 1081 2121 apud
1095 2077 1204 2110 Deum
1223 2083 1357 2123 patrem
1375 2077 1466 2112 haud
1486 2090 1526 2112 ex
1544 2078 1708 2124 operibus
1724 2090 1812 2124 quae

122 2142 200 2165 cum
220 2132 344 2164 iustitia
365 2143 427 2164 nos
446 2131 646 2170 fecerimus,
669 2131 727 2165 sed
755 2131 801 2165 ob
827 2133 899 2167 eius
924 2134 1178 2168 misericordiae
1205 2136 1357 2180 copiam,
1380 2148 1442 2181 per
1468 2136 1573 2170 tidem
1599 2138 1634 2170 in
1661 2136 1806 2170 Christo.

251 2196 322 2223 lpse
338 2198 443 2219 autem
460 2203 516 2226 ego
534 2196 656 2220 Paulus
673 2198 796 2221 obsecro
814 2204 864 2221 vos
880 2195 937 2226 per
952 2201 1224 2223 mansuetudinem
1240 2203 1270 2223 et
1288 2202 1469 2224 modestiam
1486 2202 1607 2225 Christi
1624 2204 1681 2225 etc.

219 2246 325 2279 Multi*
342 2246 601 2280 Atheniensium
628 2248 798 2293 sapientes
824 2248 977 2282 Corinthi
1004 2249 1266 2284 diversabantur
1282 2277 1290 2288 ,
1318 2252 1377 2296 qui
1404 2252 1583 2286 stultitiam
1614 2251 1810 2285 iudicabant

125 2304 312 2336 Servatoris
339 2314 491 2337 crucem:
521 2310 552 2337 et
579 2316 659 2338 eum
684 2305 743 2350 qui
769 2305 933 2339 divinitus
959 2307 1142 2352 inspiratae
1169 2309 1358 2354 scripturae
1384 2309 1575 2343 doctrinam
1602 2308 1806 2347 nunciabat,

126 2360 366 2394 circulatorem
385 2367 418 2395 et
437 2362 735 2402 seminiverbium,
758 2376 825 2398 una
845 2376 923 2398 cum
942 2366 1062 2399 ceteris
1080 2367 1220 2405 sanctis,
1242 2365 1383 2401 beatum
1401 2378 1540 2412 quoque
1559 2367 1701 2400 Paulum
1722 2378 1810 2400 nun-

126 2417 309 2463 cupabant.
338 2418 404 2451 Alii
430 2430 514 2452 vero
539 2421 697 2454 nonnulli
722 2422 782 2467 qui
809 2421 852 2455 de
878 2423 1136 2457 circumcisione
1163 2425 1337 2459 tementes
1364 2425 1601 2463 crediderant,
1631 2426 1810 2458 circumci-

127 2477 258 2509 sionem
277 2475 388 2509 adliuc
408 2476 601 2522 legalesque
627 2479 780 2513 victimas
806 2480 1115 2520 commendabant,
1138 2494 1175 2515 ac
1202 2482 1371 2516 furiosum
1393 2482 1652 2528 quodammodo
1671 2482 1810 2515 beatum

128 2534 269 2567 Paulum
289 2532 448 2567 dicebant
462 2560 469 2570 ,
491 2546 553 2568 eeu
577 2536 750 2571 veteribus
769 2538 931 2572 institutis
951 2545 1212 2584 repugnantem.
1242 2540 1448 2573 Huiusmodi
1468 2539 1667 2573 hominibus
1687 2543 1810 2575 merito

127 2591 361 2625 irascebantur
386 2598 559 2637 quotquot
584 2600 681 2627 erant
705 2595 858 2629 Corinthi
885 2596 965 2630 fidei
991 2597 1172 2635 zelatores,
1198 2598 1306 2643 iisque
1332 2609 1453 2631 manus
1479 2597 1600 2632 afferre
1626 2597 1807 2635 x‘olelmnt,

127 2661 189 2683 ceu
207 2650 342 2683 divinae
362 2650 625 2695 praedicationis
644 2651 813 2687 hostibus.
835 2654 900 2687 Sed
919 2656 998 2699 quja
1018 2656 1053 2689 id
1073 2662 1143 2689 erat
1164 2656 1264 2689 valde
1284 2655 1522 2693 inhonestum,
1545 2662 1575 2689 et
1596 2655 1639 2689 ab
1665 2667 1703 2690 ea
1722 2668 1810 2702 quae

128 2714 262 2746 sanctos
288 2708 385 2741 decet
411 2708 578 2742 modestia
606 2708 771 2748 alienum,
793 2711 854 2744 Dei
880 2713 971 2745 enim
998 2713 1164 2747 famulum
1192 2724 1344 2758 pugnare
1370 2725 1440 2746 non
1467 2720 1622 2759 oportet,
1651 2714 1699 2747 uti
1727 2716 1810 2747 scri-

227 2794 262 2823 ·11)
282 2792 376 2818 Alium
398 2800 453 2818 non
475 2792 708 2819 contemnendum
729 2792 758 2819 in
779 2793 864 2821 Oscae
884 2795 971 2822 verbis
990 2804 1101 2823 sensum
1122 2795 1286 2830 agnoscebat
1302 2795 1462 2824 Theodorus
1485 2801 1705 2831 mopsuestenus,
1726 2806 1806 2833 quein

128 2834 218 2862 videre
238 2836 301 2863 licet
322 2837 350 2863 in
370 2840 462 2863 nostra
482 2835 602 2864 editione
626 2836 725 2871 Script.
747 2841 798 2864 ret.
820 2839 851 2864 T.
873 2839 918 2865 vt.
941 2847 966 2874 p.
990 2843 1030 2867 16.

1677 2902 1692 2923 ‘J

1874 1809 1912 1828 Os.
1930 1808 1952 1828 Π

1852 1866 1888 1886 (ir.
1904 1872 1925 1891 [ι.
1945 1869 1987 1885 [wi.

1848 2211 1902 2231 (1³1¹.
1921 2210 1947 2231 X
1967 2214 1972 2230 1
