2205 3177
141 255 150 273 t
165 258 181 273 tt
212 252 270 274 xltt.
288 255 319 273 2»

124 1692 130 1698 ⁸
144 1688 224 1710 Mattlt.
235 1688 273 1710 XI.
284 1691 316 1709 2¹⁶⁴.

192 2324 229 2342 (ιι.
245 2328 265 2348 p⁴
282 2326 313 2343 311,

365 177 373 182 .

366 167 409 198 t:

873 173 900 194 S.
929 172 1056 194 CYRlLLl
1083 172 1304 195 ALExtthtuxt
1331 173 1537 197 EXPLANATtO

570 251 691 273 §cliuus
706 251 810 272 nutem
827 250 1035 277 iungentibus
1054 250 1152 273 neum
1169 251 1275 273 omnin
1294 251 1328 273 in
1347 251 1462 274 bonum
1479 253 1655 280 cooperui-1,
1671 253 1711 275 iis
1728 259 1837 281 nempe

868 295 921 320 qut
940 295 1108 317 secundum
1124 297 1317 322 propositum
1336 298 1409 318 nunt
1427 297 1537 319 ‘'oenss.

456 356 540 386 sant·
568 352 746 385 conferunt
778 352 894 385 omnia
926 352 969 385 ad
996 351 1128 386 bouum
1156 353 1379 399 diligentibus
1406 355 1515 387 Deum
1545 361 1577 388 ct
1605 355 1795 390 secundum
1826 358 2043 403 propositum

361 412 498 444 vocatis.
528 410 591 443 Sed
619 421 851 454 quorumnam
877 416 926 443 est
955 412 1193 456 propositum?
1220 412 1348 457 quidve
1375 412 1567 457 significant
1594 412 1719 451 verba,
1748 414 1936 448 secundum
1965 426 2047 460 pro-

360 467 530 513 positum?
545 467 713 500 Nimirum
731 467 921 501 secundum
942 469 1158 513 propositum
1179 468 1271 503 idem
1290 475 1337 503 cst
1357 481 1396 503 ac
1416 468 1605 502 secundum
1625 469 1850 505 voluntatem.
1871 472 2048 505 Vocantur

359 526 470 569 itaque
497 524 547 561 tii,
569 523 612 557 dc
636 523 762 569 quibus
783 535 897 558 sermo
922 532 988 563 est,
1010 525 1199 559 secuudum
1220 527 1417 571 aliquorum
1446 526 1679 565 voluntatem;
1700 527 1761 560 sed
1788 539 1871 561 num
1894 530 2048 563 vocantis

359 581 617 620 tantummodo,
639 593 681 615 an
708 582 849 615 illorum
874 583 977 616 ctiam
996 584 1053 628 qui
1081 584 1270 616 vocantur?
1290 584 1449 618 Profecto
1474 585 1585 618 omnis
1605 584 1792 630 impulsus,
1814 585 1873 630 qui
1896 586 1939 619 ad
1959 587 2048 620 iusti-

358 641 437 673 tiam
457 639 585 677 desert,
609 638 643 672 tit
666 651 683 673 a
710 640 782 673 Dco
801 646 895 685 patre
917 640 976 685 tl).
1006 641 1095 673 Dixit
1115 641 1205 673 enim
1233 641 1420 686 aliquando
1439 642 1608 675 Christus:
1637 655 1651 673 «
1674 654 1777 676 nemo
1800 649 1914 688 potest
1931 643 1974 677 ad
1992 655 2048 677 me

358 697 490 733 tenire.
513 697 575 729 nisi
602 697 660 741 qui
681 697 770 730 misit
791 708 844 730 me
865 704 979 743 pater,
1003 698 1142 731 traxerit
1162 709 1254 731 eum.
1279 711 1294 729 »
1318 699 1383 732 Sed
1404 706 1516 733 tamen
1537 699 1600 732 hac
1627 699 1660 733 in
1680 710 1717 732 rc
1735 711 1753 733 a
1772 706 1864 733 recta
1881 701 2047 734 sententia

300 764 317 781 2-
360 766 427 787 uon
448 753 618 788 aberrabit
640 756 699 800 qui
725 754 846 788 dixerit
861 781 868 794 ‚
891 755 1078 789 nonnullos
1098 761 1239 789 vocatos
1263 755 1365 791 fuisse
1389 757 1578 791 secundum
1606 758 1824 804 propositum
1843 764 1877 792 et
1894 758 2048 792 vocantis

358 819 389 846 et
415 812 518 846 etiam
542 813 709 857 ipsorum.

517 887 601 914 Quos
617 889 721 910 autem
738 888 999 915 praedestinavit.
1015 887 1070 909 hos
1086 889 1115 909 et
1135 887 1268 913 vocavi&
1284 889 1316 910 et
1332 895 1407 915 quos
1425 890 1557 916 voravit,
1575 889 1629 911 hos
1645 890 1676 911 et
1692 889 1889 915 iustitteavttg

811 938 887 959 quos
905 939 974 955 *ero
992 931 1189 959 insum-avit,
1206 932 1261 954 hos
1279 933 1375 955 etiam
1392 933 1592 962 glorificavit.

452 986 726 1019 Consentaneum
752 992 800 1019 est
828 985 997 1030 quosdam
1019 985 1211 1031 speciosum
1230 986 1461 1020 incredulitati
1488 998 1568 1020 suae
1595 993 1810 1032 praetextum
1829 986 2045 1026 obtendisse,

355 1043 485 1076 inscitia
511 1054 571 1076 sua
598 1042 778 1087 deceptos.
801 1053 839 1075 ac
862 1042 1030 1075 dicentes:
1053 1043 1098 1081 si,
1127 1054 1215 1087 quos
1234 1043 1325 1076 Deus
1346 1044 1527 1088 praescivit
1554 1044 1744 1077 secundum
1771 1045 1987 1089 propositum
2013 1051 2048 1078 et

353 1100 570 1136 electionem.
593 1099 627 1132 hi
649 1106 833 1138 vocantur;
856 1099 903 1132 nil
924 1100 1070 1138 mirum,
1093 1099 1249 1133 nondum
1270 1112 1332 1133 nos
1352 1100 1556 1139 credidisse,
1580 1101 1639 1145 qui
1660 1112 1771 1146 neque
1788 1102 1899 1135 vocati
1920 1101 2047 1134 fuimus

354 1169 464 1202 neque
491 1157 746 1202 praedestinati.
777 1156 908 1197 Quibus
927 1157 974 1190 sic
993 1168 1226 1191 occurremus.
1256 1158 1321 1198 Qui
1348 1158 1485 1203 nuptias
1507 1157 1586 1191 fecit
1610 1156 1682 1191 filio
1707 1169 1791 1195 suo,
1820 1169 1937 1191 servos
1955 1158 2047 1191 misit

353 1214 395 1247 ad
415 1214 677 1259 congregandos
696 1214 874 1252 imitatos,
895 1215 954 1259 qui
975 1220 1089 1248 tamen
1108 1215 1226 1248 venire
1249 1214 1458 1248 abnuerunt.
1481 1214 1614 1255 Quibus
1631 1215 1653 1247 ii
1671 1221 1908 1248 successerunt
1924 1215 1984 1258 qui
2002 1225 2049 1247 se-

353 1272 505 1305 cundum
522 1271 696 1317 peculiare
716 1273 937 1317 propositum
956 1273 1067 1306 vocati
1094 1272 1242 1306 fuerant.
1271 1272 1455 1318 Repletum
1482 1279 1530 1306 est
1560 1273 1664 1318 igitur
1682 1272 1837 1318 nuptiale
1861 1271 2049 1305 triclinium

353 1329 660 1364 discumbentibus.
680 1331 788 1375 Igitur
807 1342 849 1364 ne
870 1330 1045 1376 prioribus
1063 1331 1223 1376 quidem,
1242 1331 1268 1364 si
1289 1331 1452 1365 accedere
1470 1330 1660 1365 voluissent
1672 1356 1679 1370 ‚
1698 1330 1809 1364 ullum
1828 1329 2050 1375 impedimen-

354 1393 426 1421 tum
445 1387 618 1421 obiectum
645 1387 747 1421 fuisse
766 1395 920 1434 apparet.
948 1389 1083 1422 Nemini
1110 1395 1225 1422 autem
1250 1389 1411 1422 iniuriam
1438 1388 1517 1423 facit
1537 1388 1790 1434 praecognitio,
1815 1398 1927 1432 neque
1949 1386 2048 1420 vicis-

352 1446 415 1478 sim
433 1445 645 1490 quibuslibet
665 1446 818 1491 prodest.
842 1446 982 1491 Alioqui
1002 1445 1261 1485 demonstrent,
1282 1458 1317 1480 se
1336 1457 1476 1492 quoque
1497 1458 1568 1479 non
1588 1445 1691 1480 fuisse
1709 1445 1966 1492 praecognitOS,
1987 1445 2046 1489 qui

352 1514 411 1535 sua
438 1502 677 1537 incredulitate
700 1504 772 1537 Deo
791 1504 928 1537 vocanti
952 1503 1067 1536 iniurii
1087 1503 1239 1537 fuerunt.
1262 1503 1327 1536 Sed
1347 1510 1381 1537 et
1398 1504 1509 1538 vocati
1528 1515 1649 1537 revera
1668 1503 1826 1540 suerunt,
1848 1508 1882 1535 et
1900 1512 2049 1535 accesse-

354 1566 433 1593 runt
455 1560 597 1605 quidam
617 1561 661 1595 ad
682 1562 837 1607 nuptias;
859 1572 970 1606 neque
989 1567 1104 1594 tamen
1128 1561 1226 1595 electi
1254 1560 1413 1599 fuerunt,
1434 1571 1547 1606 neque
1571 1560 1762 1599 iustificati,
1783 1571 1894 1605 neque
1914 1559 2049 1593 honore

353 1617 488 1652 adfecti.
511 1619 579 1652 Cur
599 1618 650 1657 id,
672 1619 835 1664 inquam?
855 1619 941 1659 Quia
961 1619 1222 1652 convenientem
1240 1619 1370 1664 nuptiis
1392 1624 1521 1652 vestem
1543 1629 1614 1652 non
1632 1618 1829 1651 induerant.
1852 1617 1991 1662 Alioqui
2015 1623 2049 1651 et

354 1676 467 1721 ipsum
493 1676 675 1710 dominum
694 1683 852 1710 nostrum
873 1677 983 1709 Iesum
1002 1676 1174 1710 Christum
1201 1682 1318 1721 aperte
1340 1675 1510 1709 dicentem
1531 1676 1764 1721 comperimus
1782 1675 1810 1708 ':
1836 1688 1851 1705 «
1873 1675 1986 1708 venite
2004 1674 2048 1707 ad

353 1745 408 1767 me
427 1745 546 1767 omnes
567 1735 625 1780 qui
647 1734 811 1768 laboratis
829 1741 862 1768 et
880 1735 1011 1768 onerati
1031 1735 1127 1773 estis,
1149 1740 1182 1768 et
1200 1746 1265 1780 ego
1283 1733 1435 1768 reficiam
1454 1745 1528 1767 vos.
1550 1747 1565 1765 »
1587 1734 1673 1767 Ecce
1691 1744 1812 1767 omnes
1831 1732 1873 1767 ad
1894 1744 1929 1766 se
1947 1743 2048 1766 voca-

355 1790 430 1829 bat;
452 1803 622 1837 nemoque
642 1792 727 1826 adeo
746 1793 934 1826 vocationis
959 1792 1066 1837 gratia
1086 1798 1195 1825 caret:
1217 1791 1302 1825 dum
1320 1792 1411 1825 enim
1430 1803 1550 1825 omnes
1569 1791 1667 1829 dicit,
1689 1791 1861 1824 neminem
1880 1789 2044 1824 excludit.

354 1849 523 1882 Nimirum
549 1860 637 1894 quos
662 1849 774 1883 multo
801 1856 878 1883 ante
897 1849 1087 1895 praevidit,
1109 1850 1250 1894 quinam
1271 1849 1377 1882 suturi
1403 1855 1533 1887 essent,
1555 1860 1614 1882 eos
1633 1848 1900 1893 praedestinavit
1925 1847 1969 1881 ad
1994 1846 2047 1880 fu-

355 1911 513 1939 turorum
532 1905 707 1940 bonorum
727 1907 1040 1952 participationem,
1063 1905 1272 1951 eosdemque
1290 1906 1425 1939 vocavit
1446 1906 1514 1951 (2);
1536 1911 1573 1939 ut
1596 1916 1659 1950 per
1677 1903 1783 1938 fidem
1804 1904 1840 1937 in
1863 1905 1977 1950 ipsum
1995 1905 2048 1938 iu-

353 1962 590 1997 stificationem
617 1971 928 2010 consequerentur,
958 1975 1070 2009 neque
1096 1963 1212 1997 denuo
1240 1965 1305 1997 iam
1332 1970 1524 2009 peccarent.
1552 1963 1667 1997 Gloria
1694 1969 1826 2002 autem,
1855 1963 2048 1996 constitutis

354 2020 455 2053 semel
477 2021 511 2054 in
530 2022 792 2067 incorruptione
811 2027 844 2055 et
861 2021 1118 2055 immortalitate
1144 2022 1227 2055 haec
1253 2023 1368 2055 omnia
1388 2021 1546 2055 contulit.
1576 2022 1647 2055 lam
1672 2020 1723 2054 his
1749 2019 1863 2054 verbis
1885 2034 1901 2051 «
1923 2020 2047 2054 scimus

352 2077 575 2123 diligentibus
601 2080 711 2112 Deum
731 2080 846 2113 omnia
866 2079 899 2112 in
918 2078 1050 2112 bouum
1077 2079 1257 2124 cooperari
1280 2093 1296 2110 »
1319 2079 1444 2113 docere
1462 2079 1537 2112 vult
1561 2078 1755 2125 apostoluS,
1776 2078 1918 2111 minime
1936 2078 2047 2112 Deum

353 2136 479 2169 electos
497 2147 577 2169 suos
596 2136 785 2182 negligere,
808 2136 893 2170 dum
911 2148 970 2170 eos
991 2136 1239 2182 temporalibus
1260 2138 1410 2170 exerceri
1430 2137 1509 2170 sinit
1528 2135 1789 2170 calamitatibus.
1814 2136 1879 2176 Qui
1900 2135 1992 2169 enim
2011 2133 2046 2168 id

353 2192 427 2227 fieri
446 2194 581 2239 potest?
607 2194 892 2239 quandoquidem
910 2194 988 2228 illos·
1008 2193 1050 2227 ad
1070 2200 1247 2228 tantorum
1271 2193 1446 2228 bonorum
1473 2206 1573 2228 usum
1599 2195 1752 2232 vocavit,
1774 2205 1837 2227 nec
1859 2194 1928 2227 iam
1948 2203 2046 2238 prae-

355 2252 441 2285 senti
461 2257 618 2297 tempore
637 2251 697 2285 sed
717 2257 814 2285 antea
834 2251 1051 2296 longissime,
1073 2264 1113 2285 ex
1133 2263 1203 2296 quo
1222 2252 1383 2285 videlicet
1400 2263 1460 2286 sua
1480 2250 1647 2286 ineffabili
1666 2251 1948 2297 praecognitione
1968 2256 2047 2284 ante

354 2309 510 2354 ipsorum
531 2309 743 2342 nativitatem
761 2309 894 2342 viderat
916 2309 1036 2354 quales
1056 2309 1077 2342 ii
1097 2309 1204 2343 futuri
1228 2316 1351 2343 essent.
1376 2310 1511 2343 Etenim
1529 2321 1637 2355 quum
1656 2312 1721 2343 hos
1740 2309 1976 2355 praescivisset
1996 2314 2047 2342 ta-

353 2366 402 2400 les
423 2366 574 2404 futuros,
595 2366 857 2400 convenientem
876 2378 939 2400 suo
957 2377 1038 2411 erga
1061 2366 1140 2399 illos
1158 2366 1293 2400 affectui
1318 2366 1421 2411 longe
1448 2373 1526 2400 ante
1550 2367 1695 2412 gratiam
1718 2367 1948 2412 praeparavit.
1979 2365 2047 2399 Cur

354 2436 413 2458 eos
434 2436 519 2470 ergo
538 2424 711 2470 negligere
730 2425 916 2470 potuisset,
937 2436 1089 2469 quorum
1109 2424 1266 2458 nondum
1293 2431 1455 2458 natorum
1480 2424 1614 2459 bouum
1640 2425 1861 2471 propositum
1887 2435 2046 2458 remune-

356 2483 421 2515 rari
443 2488 639 2528 paraverat,
660 2488 762 2527 atque
781 2481 824 2515 ad
842 2482 878 2515 id
897 2481 1038 2515 eosdem
1056 2482 1261 2515 vocaverat?
1275 2482 1512 2523 Quamobrem
1532 2490 1677 2529 propter
1696 2482 1858 2517 fiduciam
1876 2483 2046 2528 recipien-

354 2539 480 2573 dorum
506 2552 525 2574 a
550 2541 622 2574 Deo
648 2539 841 2578 bonorum,
864 2539 917 2573 his
942 2540 1002 2584 qui
1029 2539 1116 2573 bene
1143 2550 1243 2584 agere
1268 2541 1507 2579 instituerunt,
1530 2542 1668 2579 omnia,
1689 2542 1762 2574 Deo
1788 2540 1940 2579 favente,
1963 2551 2046 2574 coo-

357 2604 530 2641 perantur.
560 2599 647 2631 Nam
664 2598 723 2643 qui
746 2596 894 2631 naturali
913 2595 986 2630 filio
1005 2608 1067 2630 suo
1091 2608 1159 2630 non
1180 2598 1353 2642 pepercit,
1376 2604 1413 2631 ut
1438 2598 1670 2643 periclitantes
1689 2604 1840 2632 servaret
1860 2604 1963 2643 atque
1981 2598 2046 2631 eri-

357 2660 471 2697 peret,
492 2654 671 2699 quomodo
697 2666 768 2688 non
793 2655 896 2688 etiam
922 2665 1000 2687 cum
1027 2653 1090 2688 illo
1114 2655 1228 2688 omnia
1256 2654 1357 2688 nobis
1381 2654 1550 2689 donabit?

456 2796 490 2826 (1‘l
511 2795 570 2821 Hoc
592 2796 735 2824 manifeste
757 2800 852 2823 contra
874 2796 1037 2831 Pelagianos
1058 2795 1173 2823 dieitur.

457 2840 492 2870 (2)
511 2838 661 2867 Observent
681 2840 839 2868 scholastici
861 2840 1138 2876 praedestinationem
1158 2844 1219 2875 post
1241 2841 1361 2875 praevisa
1383 2842 1480 2870 merita
1500 2850 1514 2869 a
1534 2841 1638 2878 Cyrillo
1657 2842 1800 2877 perspicue
1820 2839 1960 2866 traditam.
