2205 3177
160 341 168 347 ”
192 339 205 358 l«
217 338 237 357 11,
254 337 301 359 xu.
317 340 348 357 at.

198 966 204 970 “
224 964 261 984 Os.
278 963 314 983 lll.
332 966 349 981 '·.

281 1482 299 1494 1.
319 1478 346 1495 ta,

214 1592 249 1609 fis.
263 1596 284 1615 ρ.
302 1592 345 1610 3111,

160 1983 166 1988 ’
177 1979 253 1999 [neh.
263 1979 310 1999 vn.
324 1982 353 1999 ie.

182 2010 186 2014 ⁴
204 2006 240 2026 Os.
257 2005 314 2027 le.
331 2009 350 2026 2.

173 2150 233 2190 'KPst
249 2150 347 2171 xxxiv.

180 2390 182 2392 ’
204 2385 241 2405 m.
266 2386 313 2406 XV.
331 2390 347 2406 ἰ.

385 137 453 168 212
887 140 914 162 s.
943 139 1069 162 61111111
1096 138 1316 161 Ati-:xamnum
1343 138 1548 160 mummio

384 211 467 243 sima
495 208 632 241 dextera
660 205 783 250 patris.
808 204 896 236 iusto
923 203 1061 235 decreto
1088 202 1292 246 flagitiosum
1312 202 1466 235 Satanam
1494 200 1626 246 depulit
1652 201 1695 235 ab
1721 203 1767 235 eis
1793 203 1851 247 qui
1878 202 1960 235 olim
1980 203 2058 237 victi

389 267 466 300 liuic
486 264 658 298 suberant.
683 260 877 294 {nstitit-avit
896 261 986 293 enim
1007 261 1098 304 ipsos
1118 271 1177 304 per
1197 259 1318 294 tidem.
1339 265 1369 292 et
1391 258 1537 303 antiquis
1557 257 1731 291 absolutos
1749 259 1965 298 criminibus,
1988 272 2058 294 san-

389 330 460 357 ctos
476 334 534 354 cos
551 327 580 353 ct
602 317 922 363 inrcprcliensibiles
941 316 1063 349 obtulit
1082 318 1152 349 Deo
1171 317 1270 362 patri.
1292 316 1349 349 Rei
1368 316 1459 349 testis
1477 316 1540 348 crit
1558 316 1628 360 ipse.
1647 315 1736 349 lilius
1754 316 1868 350 dicens
1882 317 1910 350 ':
1930 332 1945 347 «
1964 328 2054 351 nunc

388 380 549 413 iudicium
569 383 616 410 est
639 375 756 408 mundi
778 375 897 407 huius:
919 386 1008 408 nunc
1029 374 1186 419 prinecps
1206 373 1306 406 liuius
1325 373 1442 406 mundi
1470 373 1622 406 eiicietur
1643 373 1744 406 foras.
1773 374 1810 406 Ei
1832 385 1896 419 ego
1916 375 1941 408 si
1961 374 2054 408 exal-

388 443 474 470 tatus
493 436 606 471 sucro,
627 445 746 465 omncs
770 432 900 465 traham
921 431 961 464 ad
982 443 1035 464 me
1054 432 1177 476 ipsum.
1205 445 1219 461 »
1244 432 1334 474 Ergo
1353 429 1399 463 ob
1418 431 1629 463 sanctitatem
1649 436 1749 475 atque
1769 431 1928 464 iustitiam
1946 433 2054 477 suspi-

387 495 476 527 ciunt
504 502 710 535 magnopere
730 501 848 523 omnes
874 495 990 533 gentes
1010 488 1245 521 admirabilem
1265 488 1324 520 Dei
1345 488 1449 532 patris
1468 487 1660 526 dexteram,
1681 499 1767 532 qnae
1794 499 1976 533 oppressos
2001 488 2055 522 ul-

386 550 538 583 ciscitur,
563 548 688 580 fractos
714 546 859 583 relevat,
884 544 1129 578 obtenebratos
1155 544 1336 578 illuminat.

833 611 982 634 lmen-tin·
998 617 1084 633 mons
1101 611 1193 637 Sion,
1210 610 1349 632 exultent
1368 609 1454 632 mim·
1472 609 1615 632 iudaeae.

482 663 545 702 Qui
572 674 611 694 ex
638 660 798 695 omnibus
829 659 987 704 gentibus
1013 660 1054 693 ad
1082 660 1232 693 xci-itatis
1263 659 1378 691 lumen
1410 665 1598 697 venerunt,
1626 659 1726 693 valde
1756 659 1924 694 laetantur
1954 660 1997 694 de
2022 671 2057 694 se

388 722 484 766 ipsis.
505 720 583 764 quia
604 718 871 752 miscricordiam
900 718 1057 762 impetrax
1068 717 1155 749 erint
1174 722 1203 749 et
1226 716 1373 750 cuiusxis
1398 715 1480 749 boni
1501 717 1793 762 participationem
1820 728 1881 762 per
1906 717 2056 750 divinam

389 778 672 821 fortissimamque
693 777 749 808 llci
772 776 875 820 patris
900 775 1086 807 dexteram.
1111 774 1276 807 Videntur
1296 779 1408 807 autem
1428 773 1687 818 quodammodo
1713 773 1809 807 alteri
1829 785 1967 819 quoque
1994 785 2057 819 po-

387 835 471 880 pulo
497 834 678 879 gratulari,
700 833 836 866 lsi-abeli
865 834 1021 876 inquam,
1046 843 1106 865 ceu
1132 831 1191 876 qui
1218 843 1279 877 per
1306 838 1460 876 tempora
1487 831 1529 863 ad
1556 831 1711 865 notitiam
1731 831 1860 875 gloriae
1885 831 2059 865 vocandus

387 893 428 925 sit
447 892 629 925 servatoris
648 891 803 923 omnium
832 892 985 922 nostrum
1006 888 1146 925 Christi,
1169 895 1270 933 atque
1296 888 1338 922 ad
1365 888 1538 921 donorum
1565 888 1857 933 participationem
1883 899 1971 934 quae
1997 900 2058 922 nu-

388 961 449 995 per
474 949 597 981 ethnici
624 946 856 981 obtinuerant.
887 947 960 979 lloc
987 945 1207 991 propheticus
1231 956 1370 990 quoque
1396 956 1509 978 sermo
1536 944 1740 990 comprobat
1760 946 1788 978 ἐ
1815 960 1830 976 «
1854 951 1931 991 post
1957 945 2056 983 haec,

386 1007 564 1051 inquiens,
592 1011 805 1037 reici-{entur
831 1003 891 1036 filii
921 1002 1066 1037 lsi-abel.
1090 1008 1324 1047 quaerentque
1349 1002 1529 1035 dominum
1556 1003 1665 1035 Deum
1691 1014 1811 1039 suum,
1836 1009 1869 1037 et
1893 1002 2059 1037 Davidem

388 1064 468 1097 item
488 1074 602 1106 regem
629 1073 727 1094 suum
741 1087 748 1096 ,
772 1067 802 1094 et
831 1058 1019 1104 stupebunt
1037 1058 1080 1092 ad
1099 1060 1305 1098 Dominum,
1326 1065 1359 1092 et
1385 1070 1487 1104 super
1510 1057 1609 1093 bonis
1634 1060 1705 1093 eius
1724 1060 1758 1093 in
1777 1061 1964 1093 novissimo
1989 1059 2059 1093 die-

389 1132 477 1153 rum.
505 1134 520 1150 »
549 1120 707 1152 Laetetur
733 1119 866 1162 itaque,
896 1117 1073 1162 inquiunt,
1096 1128 1196 1149 mons
1221 1117 1320 1153 Sion.
1349 1115 1382 1148 id
1410 1122 1459 1149 est
1486 1116 1717 1155 Hierusalem,
1743 1123 1775 1149 et
1802 1116 1891 1150 filiae
1917 1116 2061 1151 Iudaeae

388 1183 529 1222 propter
555 1175 676 1208 iudicia
705 1181 780 1212 tua,
803 1174 966 1211 Domine,
991 1172 1081 1207 bona
1108 1173 1247 1206 scilieet.
1277 1172 1381 1206 Filiae
1404 1184 1486 1206 vero
1506 1172 1721 1207 Hierusalem
1747 1173 1890 1218 intelligi
1918 1179 2059 1218 possunt

387 1233 514 1279 oppida
540 1234 568 1266 ci
596 1233 847 1267 circumstantia
867 1237 899 1264 et
919 1230 1067 1264 subdita.
1089 1229 1148 1264 Vel
1169 1231 1271 1264 etiam
1291 1231 1337 1263 sic
1355 1229 1651 1275 interpretaberis:
1674 1242 1797 1276 nempe
1819 1236 1971 1264 montem
1990 1231 2061 1264 Sio-

388 1302 485 1328 nem,
506 1290 682 1324 ecclesiam
707 1301 778 1322 esse
798 1289 907 1326 ‹lices3
930 1288 1017 1321 filias
1041 1299 1126 1322 vero
1151 1288 1242 1327 eius,
1266 1288 1394 1321 animas
1413 1288 1447 1320 in
1469 1288 1542 1333 ipsa
1565 1288 1728 1327 nutritas,
1752 1288 1822 1321 sive.
1848 1288 1982 1333 prolem
2006 1299 2061 1321 ec—

385 1349 524 1383 clesiae.
548 1359 634 1393 quae
661 1347 693 1379 in
720 1347 839 1391 spiritu
867 1346 1161 1379 circumcisionem
1187 1346 1338 1390 excepit,
1359 1355 1515 1389 quaeque
1533 1345 1656 1378 melior
1681 1351 1729 1379 est
1750 1346 1865 1391 priore
1891 1356 2062 1391 synagoga

387 1417 424 1438 ac
449 1406 574 1439 verior.
604 1406 689 1437 Nam
717 1403 770 1437 lex
797 1402 919 1436 umbra
945 1409 1036 1441 erat,
1059 1403 1185 1436 veritas
1211 1408 1325 1436 autem
1350 1402 1522 1441 Christus,
1543 1408 1577 1436 et
1602 1414 1688 1447 quae
1715 1414 1776 1448 per
1802 1403 1927 1449 ipsum.

642 1469 844 1492 rii-cunniaco
861 1468 952 1496 Sion,
968 1470 999 1491 et
1014 1468 1254 1494 complectimini
1271 1473 1353 1495 eam,
1370 1469 1500 1490 narrate
1516 1468 1551 1490 in
1569 1468 1712 1490 tun-ibus
1728 1468 1805 1490 eius.

483 1521 627 1566 Spiritus
652 1526 787 1553 sauctus
813 1519 972 1552 hortatur
999 1518 1131 1551 divinas
1158 1518 1317 1555 virtutes,
1339 1524 1376 1550 ut
1402 1517 1561 1551 ecclesiae
1580 1518 1639 1551 Dei
1666 1518 1837 1563 praesidio
1862 1518 1950 1557 sint,
1970 1529 2064 1552 eam-

389 1589 453 1622 que
473 1577 738 1622 complectentes
757 1576 961 1609 custodiant.
992 1577 1056 1609 Pro
1080 1589 1095 1606 «
1120 1575 1387 1621 complectimini
1411 1589 1426 1606 »
1449 1575 1672 1619 Symmachus
1691 1575 1775 1608 dixit
1798 1589 1813 1606 «
1836 1576 1968 1609 circum
1986 1586 2064 1609 mu-

390 1635 469 1667 nite.
494 1648 510 1665 »
532 1635 597 1667 Pro
620 1648 634 1664 «
655 1640 789 1667 narrate
812 1648 826 1664 »
850 1639 963 1666 autem
983 1632 1124 1677 Aquilas
1143 1633 1188 1665 ait
1211 1646 1225 1663 «
1244 1637 1440 1677 computate
1459 1638 1570 1665 turres
1588 1632 1678 1670 eius;
1703 1645 1718 1663 >›
1739 1632 1962 1676 Symmachus
1980 1643 2064 1665 vero

391 1706 407 1721 a
430 1697 619 1724 numerate.
648 1706 662 1721 »
686 1690 801 1723 Alium
826 1702 965 1735 quoquc
991 1701 1127 1723 sensum
1153 1688 1348 1723 adtribues:
1370 1689 1466 1722 chori
1494 1699 1616 1733 nempe
1643 1687 1737 1722 iubet
1756 1690 1902 1734 speciem
1922 1699 2065 1734 compo-

389 1760 486 1785 nere,
509 1748 724 1792 mediamque
752 1747 915 1781 habentes
940 1747 1045 1780 veluti
1072 1753 1217 1780 matrem
1241 1747 1397 1784 Sionem,
1419 1752 1551 1779 sanctas
1576 1745 1648 1779 eius
1675 1745 1761 1779 silias
1787 1746 1925 1780 laudem
1943 1756 2065 1780 canere

388 1806 533 1839 Christo.
558 1806 630 1838 lloc
649 1806 741 1838 enim
762 1805 944 1850 significari
965 1804 1115 1838 arbitror
1134 1803 1266 1837 x'erbis:
1290 1809 1425 1837 narrate
1445 1804 1479 1836 in
1499 1802 1653 1836 turribus
1671 1804 1755 1837 eius.
1782 1794 1916 1849 Βάρεις
1941 1804 2062 1849 igitur,

389 1864 458 1895 sixe
485 1869 595 1895 turres
620 1863 796 1896 ecclesiae.
819 1863 963 1896 dicimus·
989 1873 1059 1895 esse
1086 1868 1219 1895 sanctos
1246 1861 1421 1906 apostolos
1446 1867 1480 1894 et
1505 1860 1741 1906 evangelistas.
1770 1861 1868 1894 Certe
1893 1872 1954 1895 ore
1972 1861 2066 1906 ipso-

392 1931 467 1952 rum
495 1931 691 1955 narramus,
715 1926 815 1964 atque
836 1919 1037 1952 eorumdem
1059 1918 1201 1952 vocibus
1227 1919 1390 1963 purisque
1409 1917 1574 1951 doctrinis
1602 1918 1749 1956 utimur,
1773 1924 1810 1951 ut
1829 1918 1952 1956 simus,
1974 1918 2065 1951 iuxta

391 1977 476 2009 illud
503 1978 641 2010 ell‘atnm
670 1978 698 2012 '.
723 1977 925 2010 meditantes
950 1979 994 2021 ¹⁴¹i)
1022 1975 1215 2010 columbae.
1244 1976 1463 2009 Meminimus
1490 1975 1678 2021 prophetae
1702 1986 1850 2020 quoque
1867 1975 2012 2009 dicentis
2033 1975 2062 2008 ἐ

389 2035 512 2067 sumite
537 2033 714 2067 wbiscum
742 2046 934 2071 serm‹›ucs;
960 2033 1037 2067 illos
1063 2033 1221 2067 videlicet
1247 2044 1335 2078 quos
1360 2039 1495 2066 sauctus
1513 2033 1656 2078 Spiritus
1682 2033 1851 2077 suggerit,
1875 2044 1916 2066 ex
1941 2031 2067 2077 quibus

388 2102 438 2135 m)
448 2092 586 2125 sterium
614 2091 735 2124 Christi
764 2091 884 2124 :lis-cere
921 2091 1010 2124 licet.
1035 2091 1120 2124 Vere
1140 2091 1231 2123 enim
1251 2101 1305 2123 res
1323 2089 1416 2123 utilis
1442 2090 1501 2123 Dei
1528 2090 1742 2129 meminisse,
1765 2096 1797 2123 et
1816 2090 1931 2135 lingua
1950 2089 2066 2135 eloqui

388 2148 505 2181 laudes
524 2149 608 2181 eius.
638 2148 750 2181 Sedet
773 2147 852 2181 alibi
881 2148 959 2181 (licit
990 2148 1163 2193 psalmista
1186 2148 1217 2180 ἐ
1244 2161 1258 2178 «
1282 2147 1397 2192 lingua
1424 2158 1499 2180 mea
1525 2146 1747 2181 meditabitur
1765 2147 1928 2181 iustitiam
1954 2153 2064 2187 tuam,

388 2211 457 2238 tota
478 2205 532 2238 die
552 2205 666 2238 datam
693 2217 710 2239 a
739 2212 768 2238 te
794 2206 939 2239 salutem
962 2208 1020 2246 12).
1048 2220 1062 2236 n
1088 2205 1213 2238 Adhuc
1239 2216 1317 2238 sane
1344 2204 1547 2238 adhortatur
1572 2204 1750 2238 manifeste
1776 2205 1919 2250 Spiritus
1944 2204 2065 2239 iustifi-

389 2269 480 2295 catos
502 2264 534 2295 in
553 2262 706 2298 Clu-iao,
729 2263 768 2296 ad
797 2262 1000 2308 aperiendos
1026 2262 1283 2307 vigilantissime
1308 2263 1431 2295 mentis
1456 2262 1595 2300 oeulos,
1619 2267 1652 2294 et
1671 2261 1792 2295 sedulo
1818 2262 2066 2307 speculandum

387 2319 548 2353 ecclesiae
574 2320 829 2364 redemptorem
854 2320 912 2364 qui
939 2325 988 2352 cst
1014 2320 1167 2353 Clu-istus
1194 2320 1297 2352 Iesus.
1326 2320 1407 2352 Tota
1433 2320 1525 2352 enim
1550 2319 1602 2352 vis
1628 2325 1744 2353 nostra
1771 2320 1842 2364 ipse
1861 2326 1928 2358 est,
1950 2325 1983 2353 et
2003 2320 2066 2365 ipsi

388 2376 555 2410 innititur.
576 2377 810 2417 Quamobrem
831 2376 931 2409 nobis
951 2377 992 2409 ait
1017 2377 1046 2409 ':
1074 2390 1087 2406 «
1112 2377 1183 2409 sine
1202 2388 1256 2409 mc
1277 2376 1360 2408 nihil
1382 2377 1523 2421 potestis
1549 2376 1671 2410 facere.
1697 2390 1712 2408 n
1735 2375 1933 2410 Videbimus
1952 2383 2067 2410 autem

387 2433 499 2477 ipsum
521 2435 693 2478 potissinn¹
715 2441 787 2467 tuin
808 2434 994 2467 visibilium
1013 2445 1078 2478 ope
1098 2438 1350 2471 creaturarum,
1374 2439 1446 2466 tum
1465 2434 1567 2467 etiam
1585 2432 1829 2467 invisibilium:
1852 2445 1999 2479 namque
2018 2440 2067 2468 est

388 2491 541 2523 omnium
561 2498 711 2527 creator,
734 2498 852 2536 utpote
872 2492 962 2524 Deus
981 2503 1019 2524 ae
1037 2490 1216 2528 (lominus,
1238 2496 1270 2523 et
1291 2491 1325 2522 in
1344 2489 1467 2523 eodem
1487 2502 1564 2523 cum
1585 2497 1698 2536 patre,
1720 2503 1738 2525 a
1757 2503 1827 2536 quo
1846 2493 1979 2537 genitus
1997 2499 2064 2532 est,

390 2546 515 2580 throno
534 2548 725 2581 considens.
755 2550 872 2594 Neque
899 2549 1006 2581 secius
1033 2558 1278 2593 cognoscemus
1296 2558 1335 2580 ex
1356 2547 1395 2580 iis
1421 2559 1508 2592 quae
1535 2548 1712 2593 insigniter
1731 2548 1809 2582 fecit
1828 2555 1984 2595 tempore
2003 2550 2065 2584 ad-

490 2641 516 2667 1
541 2639 610 2665 iimo
629 2639 747 2673 Cyrillus
767 2638 872 2673 legebat
891 2638 1055 2666 vocabulum
1073 2639 1243 2673 μελετητικαί
1262 2637 1317 2669 (uti
1338 2641 1378 2663 est
1398 2646 1423 2672 p.
1445 2646 1484 2672 gr.
1502 2641 1568 2670 340)
1587 2638 1661 2674 quod
1680 2648 1694 2666 a
1714 2640 1838 2666 vaticano
1856 2640 1967 2675 quidem
1986 2645 2060 2668 textu

389 2679 478 2707 abest.
499 2680 544 2706 sed
564 2686 633 2708 extat
653 2682 680 2708 in
702 2683 807 2716 proprie
826 2682 899 2709 dicto
920 2682 1112 2715 alexandrino,
1132 2690 1206 2709 nune
1225 2681 1386 2716 anglicano,
1406 2686 1436 2708 ut
1454 2681 1544 2708 videre
1562 2686 1603 2710 est
1621 2682 1694 2717 apud
1714 2683 1925 2718 Breitingerum.

488 2727 518 2754 '2
541 2725 578 2750 Ita
599 2726 736 2753 evidenter
755 2727 783 2753 in
804 2731 938 2761 pervetere
958 2727 1050 2754 codiee
1072 2727 1091 2753 1.
1110 2726 1128 2753 f.
1145 2730 1206 2753 264.
1227 2725 1279 2752 eol.
1297 2728 1321 2751 2.
1343 2728 1386 2755 τήν
1407 2727 1530 2762 σωτηρία-ι
1552 2738 1614 2759 σου,
1634 2734 1718 2762 quum
1739 2727 1785 2754 alii
1805 2728 1906 2762 passim
1925 2728 2013 2763 graeei
2033 2731 2059 2754 et

389 2771 466 2798 latini
487 2771 603 2806 itemque
624 2774 739 2801 :wbraivi
762 2775 879 2802 habeant
899 2775 1010 2802 (malem
1034 2778 1126 2807 luant,
1148 2775 1245 2802 ἔπαινόν
1268 2785 1332 2806 σευ,
1352 2765 1489 2821 ΤΙΞἾῘΞΠΠ.
