2205 3177
690 173 722 196 IN
748 173 902 195 PSALMUM
928 172 982 195 XC·
1012 173 1080 196 xcl.
1109 174 1190 196 xcn.
1219 175 1259 196 ET
1285 174 1378 197 xcln.
1810 166 1879 199 267

184 243 312 272 creato.
342 235 546 281 {nsipientes
565 236 670 281 igitur
689 237 868 270 enimvero
887 235 1051 282 stultique
1065 263 1072 276 ,
1093 238 1153 283 qui
1179 249 1233 271 res
1259 244 1400 272 naturae
1420 250 1462 271 ne
1481 245 1622 273 eatenus
1647 238 1788 284 quidem
1814 251 1878 274 no-

186 300 284 334 runt,
306 299 476 339 quatenus
496 293 538 326 ad
558 294 745 326 sententias
765 299 906 327 naturae
926 294 1115 327 contrarias
1134 295 1275 328 minime
1295 294 1542 334 devolvantur,
1563 301 1596 329 et
1617 296 1786 330 factorum
1806 308 1879 330 suo-

186 363 266 386 rum
290 351 458 385 iudicium
484 350 696 387 detrectent;
718 351 825 383 immo
844 356 877 383 et
897 349 971 383 aliis
996 351 1161 384 suadeant
1189 351 1325 384 nullum
1352 351 1426 385 fore
1450 352 1634 386 iudicium:
1656 359 1689 386 et
1715 354 1807 399 quod
1829 361 1879 389 est

186 408 419 455 impossibile,
440 409 647 453 opinentur;
669 408 733 441 nisi
760 407 849 440 forte
868 408 979 440 Deum
998 414 1031 440 et
1050 407 1140 441 dicta
1166 420 1236 442 non
1256 408 1392 447 audire,
1414 416 1445 443 et
1467 409 1553 443 facta
1580 422 1649 444 nou
1675 411 1799 445 intueri
1820 418 1877 446 aut

184 468 289 505 scire,
313 466 485 511 quispiam
510 466 692 499 existimet.

788 530 888 556 Quem
905 533 940 553 tu
956 531 1114 553 erudieris
1132 530 1275 553 Domine.

281 581 468 623 Quomodo
488 587 602 615 autem
628 580 791 614 erudies?
813 592 897 614 num
922 579 1152 614 verberibus?
1178 582 1255 614 Non
1283 581 1328 614 ita
1347 581 1405 614 ait.
1436 581 1501 614 Sed
1520 582 1579 626 qui
1599 582 1725 616 modus
1741 583 1783 617 sit
1802 583 1877 617 heic

186 639 446 685 intelligendus,
471 639 544 684 ipse
569 637 731 684 explanat
757 638 933 683 psalmista
959 638 1094 672 dicens:
1119 637 1162 671 de
1189 637 1264 683 lege
1290 644 1347 671 tua
1374 637 1532 672 docueris
1558 639 1670 673 illum.

892 704 921 728 A
937 705 1048 728 diebus
1064 704 1168 727 malis.

282 755 360 789 Dies
386 765 506 788 revera
531 752 655 788 nefasti
675 759 708 787 et
728 753 809 787 mali
830 755 869 787 iis
887 754 946 799 qui
967 765 1110 799 prorsus
1137 759 1215 787 sunt
1242 755 1387 793 extrusi,
1408 760 1442 788 et
1461 753 1503 788 ad
1524 756 1612 800 ignis
1630 767 1776 801 poenam
1796 768 1878 802 pro·

188 813 326 851 secturi,
350 812 423 846 dies
449 812 592 857 inquam
619 811 841 845 inexorabilis
867 812 996 845 iudicii.

697 877 767 900 Xon
784 878 918 905 repellet
934 877 1087 900 Dominus
1104 877 1254 905 populum
1271 884 1371 900 suum.

280 928 432 961 Excessit
457 927 601 973 quidem
626 939 643 961 a
671 926 789 967 nobis,
812 927 908 973 quod
935 927 978 962 ad
1005 939 1145 962 carnem
1171 928 1319 966 adtinet,
1339 934 1418 973 post
1437 939 1534 961 suam
1553 940 1570 961 a
1589 929 1737 962 mortuis
1762 941 1876 962 resur-

185 986 374 1020 rectionem
387 1012 394 1024 ,
415 986 451 1018 in
477 985 612 1019 caelum
631 985 759 1024 redux,
781 992 814 1019 et
835 986 879 1019 ad
897 986 958 1020 Dei
978 986 1086 1031 patris
1105 985 1281 1019 dexteram
1301 986 1436 1019 sedens.
1465 985 1530 1019 Sed
1550 987 1629 1031 quia
1649 992 1769 1032 utpote
1787 988 1878 1020 Deus

184 1044 301 1077 omnia
327 1043 467 1089 implet,
487 1054 599 1088 eoque
626 1050 699 1077 tum
725 1043 860 1077 caelum
886 1049 961 1077 tum
988 1044 1059 1089 ipsa
1086 1049 1176 1077 terra
1203 1043 1305 1088 plena
1331 1049 1398 1080 θεῖ,
1419 1049 1574 1077 amanter
1600 1043 1773 1077 credimus
1798 1055 1877 1077 eum

185 1112 277 1135 nunc
301 1112 441 1146 quoque
468 1099 649 1134 nobiscum
675 1101 822 1139 versari,
844 1100 1069 1146 eiusdemque
1089 1112 1155 1146 ope
1176 1112 1276 1146 posse
1296 1111 1358 1134 nos
1378 1100 1508 1134 diaboli
1535 1100 1673 1134 fraudes
1695 1112 1873 1147 superare.

185 1158 385 1204 peccatique
412 1157 649 1203 tyrannidem,
672 1164 705 1191 et
731 1159 994 1203 congenitarum
1019 1158 1240 1203 voluptatum
1260 1158 1504 1191 incursionem.
1533 1159 1574 1192 Et
1598 1159 1714 1204 paucis
1739 1159 1878 1192 interie-

185 1217 260 1250 ctis.
288 1217 379 1250 Num
398 1216 522 1261 igitur,
544 1216 625 1260 quia
643 1226 706 1249 nos
725 1215 867 1260 quidem
886 1216 921 1248 in
940 1214 1075 1249 mundo
1094 1216 1299 1253 mansimus,
1319 1216 1392 1260 ipse
1412 1222 1526 1249 autem
1546 1215 1589 1248 ad
1609 1222 1743 1261 patrem
1762 1227 1876 1250 ascen-

185 1273 254 1313 dit,
278 1272 321 1307 ab
348 1272 562 1307 amatoribus
580 1274 650 1306 suis
670 1272 787 1306 abest?
813 1274 953 1307 Minime
972 1274 1139 1318 gentium.
1169 1274 1325 1318 Namque
1352 1274 1495 1318 ipsemet
1514 1273 1700 1318 spopondit
1722 1272 1822 1307 nobis
1842 1275 1873 1307 ’τ

186 1342 257 1365 non
282 1331 478 1376 relinquam
503 1342 567 1365 vos
592 1331 787 1377 orphanos,
809 1330 868 1364 sed
889 1330 931 1364 ad
951 1342 1013 1364 vos
1038 1331 1187 1364 veniam.
1217 1332 1315 1364 Venit
1342 1337 1455 1364 autem
1481 1331 1524 1364 ad
1551 1342 1631 1369 nos,
1653 1343 1732 1364 cum
1758 1343 1822 1378 pro
1842 1343 1876 1365 se

185 1395 219 1422 et
244 1395 422 1434 tamquam
440 1400 476 1422 se
494 1389 607 1434 ipsum
627 1388 670 1422 ad
690 1400 754 1422 nos
773 1389 864 1421 misit
883 1388 1109 1427 Paraclitum‚
1132 1388 1168 1422 id
1194 1395 1244 1422 est
1270 1388 1517 1434 procedentem
1537 1400 1554 1422 a
1574 1390 1671 1422 Patre
1690 1389 1873 1435 Spiritum.

184 1447 245 1492 qui
270 1452 321 1480 est
347 1447 449 1480 etiam
475 1446 580 1492 ipsius
606 1444 668 1478 filii
695 1446 858 1491 proprius
884 1446 944 1491 (1).

680 1511 785 1534 Donec
802 1512 929 1534 iustitia
946 1513 1149 1535 convertatur
1166 1512 1200 1534 in
1218 1512 1381 1535 iudicium.

279 1562 411 1596 Iustitia
429 1568 480 1595 est
500 1562 573 1608 ipse
591 1562 750 1596 omnium
770 1562 932 1595 Servator
951 1567 984 1595 et
1007 1561 1182 1595 dominus.
1211 1563 1264 1595 Sic
1289 1562 1381 1595 enim
1407 1560 1557 1595 eundem
1575 1562 1666 1595 Deus
1685 1568 1782 1607 pater
1800 1573 1876 1596 san-

183 1625 319 1653 ctorum
346 1618 599 1665 prophetarum
617 1630 679 1653 ore
698 1625 877 1665 nuncupat
895 1619 1013 1653 dicens
1033 1619 1065 1652 ¹:
1089 1620 1343 1665 appropinquat
1363 1618 1461 1652 breti
1481 1620 1605 1652 iustitia
1632 1631 1727 1657 mea,
1752 1625 1785 1653 et
1810 1620 1876 1653 mi-

183 1677 371 1710 sericordia
390 1688 465 1711 mea
484 1688 565 1711 mox
585 1676 778 1725 apparebit.
795 1678 837 1710 Et
856 1676 961 1723 paulo
981 1683 1071 1723 post.
1093 1677 1320 1711 Convertetur
1339 1678 1374 1710 in
1393 1677 1577 1716 iudicium,
1594 1677 1629 1710 id
1648 1682 1697 1711 est
1717 1677 1760 1711 de
1779 1677 1875 1711 caelo

183 1736 297 1769 veniet
323 1746 403 1768 cum
428 1734 539 1780 gloria
567 1735 675 1780 patris
701 1736 773 1772 sui,
794 1734 1039 1769 comitantibus
1065 1735 1194 1780 angelis
1210 1761 1218 1774 ‚
1241 1742 1279 1769 ut
1305 1735 1476 1769 mundum
1503 1735 1589 1769 iuste
1616 1735 1754 1769 iudicet.
1782 1736 1875 1769 Tunc

184 1794 294 1831 enim,
317 1793 447 1837 inquit,
471 1804 581 1838 quum
607 1792 733 1826 iustitia
760 1799 982 1827 convertetur
1007 1793 1043 1826 in
1069 1793 1252 1833 iudicium,
1278 1793 1369 1827 iuxta
1394 1793 1489 1827 illam
1516 1799 1634 1831 erunt,
1659 1793 1694 1826 id
1721 1798 1769 1827 est
1795 1804 1874 1826 cum

186 1850 262 1887 illa,
283 1862 406 1884 omnes
431 1851 514 1884 recti
541 1850 665 1888 corde,
689 1850 725 1884 id
751 1857 801 1885 est
827 1851 920 1885 iusti.

591 1916 829 1940 Consolationes
846 1920 919 1939 tuae
935 1917 1188 1940 laetificaverunt
1204 1917 1342 1940 animam
1358 1923 1468 1939 meam.

281 1965 487 2000 Consolatur
506 1967 597 2000 Deus
616 1977 674 2000 eos
693 1967 753 2012 qui
772 1966 1004 2012 defatigantur
1023 1972 1167 2012 propter
1184 1968 1346 2000 virtutem
1359 1993 1366 2005 ‚
1386 1965 1584 2000 laborantes
1603 1966 1736 2011 pietatis
1754 1977 1871 2003 causa,

185 2024 273 2058 vitae
299 2035 407 2069 genus
433 2024 498 2070 ipsi
525 2030 704 2070 acceptum
729 2024 850 2058 sectari
877 2024 1052 2063 volentes,
1077 2025 1188 2058 carnis
1213 2030 1347 2058 motum
1368 2023 1630 2062 mortificantes,
1655 2024 1796 2056 suismet
1815 2034 1874 2057 vo—

185 2080 375 2115 luntatibus
401 2081 614 2119 resistentes,
638 2080 750 2115 donec
775 2081 809 2114 id
835 2081 932 2126 quod
959 2081 1112 2115 studiose
1137 2082 1338 2120 intendunt,
1362 2087 1453 2115 recte
1479 2080 1672 2127 perficiant.

692 2147 774 2170 Num
790 2147 977 2170 adhaerebit
992 2148 1053 2170 tibi
1070 2148 1156 2170 sedes
1172 2147 1373 2174 iniquitatis?

280 2197 473 2242 Iniquitatis
499 2196 670 2231 vocabulo
695 2198 853 2231 Satanam
879 2197 1051 2242 designat,
1074 2198 1133 2242 qui
1153 2203 1203 2231 est
1223 2197 1409 2243 iniquitatis
1435 2196 1632 2242 peccatique
1657 2196 1816 2229 inventor
1835 2207 1874 2229 ac

185 2255 360 2301 magister.
389 2255 492 2289 Sedes
511 2261 627 2289 autem
646 2255 787 2289 denotat
808 2256 1041 2301 principatum
1066 2267 1125 2289 seu
1151 2261 1368 2301 potestatem.
1398 2256 1489 2288 Num
1514 2265 1617 2299 ergo,
1638 2255 1800 2291 Domine,
1823 2260 1873 2287 est

184 2314 366 2359 quisquam
379 2339 386 2352 ‚
409 2314 473 2352 ait,
495 2313 582 2347 adeo
608 2313 801 2347 ineruditus
820 2320 853 2347 et
872 2314 1035 2360 insipiens
1048 2340 1056 2353 ,
1076 2314 1135 2360 qui
1162 2320 1258 2360 putet
1277 2320 1334 2347 aut
1353 2314 1468 2347 animo
1492 2313 1667 2349 admittat,
1689 2313 1875 2357 quicquam

185 2372 314 2417 negotii
341 2382 420 2404 cum
447 2382 554 2416 regno
574 2377 634 2404 tuo
659 2370 787 2404 habere
813 2371 931 2405 sedem
957 2372 1163 2417 iniquitatis,
1186 2371 1221 2405 id
1248 2377 1297 2405 θεῖ
1323 2370 1454 2404 diaboli
1473 2370 1691 2415 tyrannidem
1717 2381 1755 2403 ac
1781 2370 1875 2415 prin-

185 2428 361 2473 cipatum?
388 2427 505 2467 Absit,
529 2428 654 2473 inquit.
683 2428 783 2462 Solus
809 2429 901 2462 euim
927 2435 962 2462 tu
988 2430 1079 2463 Deus
1105 2441 1159 2467 es,
1184 2430 1350 2463 virtutum
1369 2428 1550 2465 dominus,
1575 2428 1800 2472 omniumque
1819 2439 1874 2461 re-

185 2496 264 2518 rum
290 2484 508 2519 dominatum
534 2484 666 2519 habens
691 2497 770 2519 cum
798 2487 943 2532 proprio
970 2493 1079 2532 patre.

795 2551 1007 2575 Venabunuu·
1023 2552 1161 2574 animam
1179 2552 1265 2574 iusti.

281 2600 401 2633 Venati
427 2606 507 2634 sunt
532 2606 731 2634 sanctorum
759 2601 908 2641 animas,
937 2602 1148 2646 laqueosque
1173 2601 1242 2635 illis
1267 2600 1488 2634 intenderunt
1514 2599 1595 2634 mali
1621 2599 1873 2645 execrandique

187 2657 390 2695 daemones,
413 2663 447 2691 et
473 2657 601 2691 horum
620 2657 691 2691 dux
710 2659 860 2694 Satanas.
889 2658 1098 2693 Insidiantur
1116 2670 1236 2692 revera
1256 2659 1377 2703 cuique
1398 2664 1534 2697 sancto,
1557 2663 1589 2691 et
1615 2656 1776 2691 dentibus
1794 2658 1874 2691 stri-

185 2715 268 2750 dent
294 2715 459 2749 advcrsus
484 2727 543 2749 eos
568 2716 628 2761 qui
655 2715 842 2750 honestatis
869 2716 957 2750 fama
983 2715 1151 2750 celebrari
1178 2716 1301 2750 solent.
1332 2716 1504 2762 Scriptum
1530 2721 1579 2749 θεῖ
1605 2716 1697 2749 enim
1721 2716 1751 2748 'z
1777 2714 1873 2749 cibus

186 2774 258 2808 eius
284 2773 425 2807 electus.

283 2845 320 2875 (1)
342 2844 399 2869 Hoc
414 2846 473 2869 tum
487 2841 522 2869 ad
537 2845 664 2869 naturam
677 2841 795 2876 Spiritus
809 2842 897 2869 sancti
913 2842 1043 2877 pertinet,
1060 2846 1118 2869 tum
1134 2842 1217 2869 etiam
1233 2841 1268 2869 ad
1281 2842 1493 2877 processionem.
1506 2841 1606 2869 Recole
1618 2849 1644 2878 p.
1656 2841 1703 2869 lat.
1716 2845 1759 2869 57.
1770 2840 1833 2869 adn.
1849 2844 1869 2867 1⁴

1918 422 1947 439 tir
1971 428 1977 447 f
2011 428 2052 441 ιμ’..

1915 1291 1924 1298 ¹
1942 1289 1990 1309 luti.
2004 1289 2062 1310 XIV.
2080 1294 2101 1310 l>

1916 1635 1922 1641 ’
1940 1632 1967 1652 Ιε.
1985 1632 2038 1651 Lw.
2058 1636 2064 1651 ἰ

1915 1746 1952 1765 (ἓνΔ
1968 1752 1989 1772 ρ,
2005 1749 2039 1766 ⁴2⁴

1912 2730 1919 2739 '
1940 2727 2024 2749 Babae.
2040 2726 2057 2749 1.
2075 2731 2097 2748 ιι,
