2205 3177
753 181 784 202 IN
810 179 962 202 estiment
989 179 1073 200 xvn.
1102 178 1141 199 ET
1167 177 1266 199 xvnt.
1786 161 1847 194 131

170 256 272 296 puto.
293 247 378 281 dum
398 247 523 281 dicitur
542 246 614 279 dies
633 245 700 279 diei
719 250 873 278 eructare
892 241 1056 278 verbum,
1078 253 1115 275 ac
1135 252 1243 286 paene
1262 250 1381 273 vocem
1402 239 1577 275 emittere,
1600 242 1733 281 partem
1752 236 1854 268 maio-

129 310 132 311 ’
172 318 244 340 rem
271 305 435 338 horarum
463 309 601 348 petens.
624 313 760 346 noxque
787 300 914 346 pariter
940 300 1032 332 nocti
1060 298 1216 331 eamdem
1243 297 1416 330 scientiam
1443 295 1607 328 indicare.

377 369 444 392 Non
461 370 534 391 sunt
553 367 695 394 loquelae
712 372 810 392 neque
827 370 997 389 sermones,
1013 370 1145 390 quorum
1164 370 1224 385 non
1242 362 1418 384 audiantur
1435 366 1518 382 voces
1534 365 1651 381 eorum.

270 421 411 453 Sanctus
437 423 550 451 autem
577 416 723 461 Cyrillus
749 420 781 447 et
806 413 974 446 maximus
1001 412 1205 445 Athanasius
1231 423 1308 444 cum
1334 410 1603 454 interrogatione
1630 408 1748 452 legunt
1776 407 1856 439 liaec

177 477 298 515 xetba:
325 487 395 509 non
423 481 500 508 sunt
526 473 683 519 loquelae
710 482 820 515 neque
846 481 1039 505 sermones.
1060 480 1209 513 quornm
1238 480 1306 500 non
1330 467 1512 500 audiantur
1537 476 1636 498 iores
1663 475 1803 499 eorum:
1825 464 1858 496 td

175 541 244 568 est:
268 545 383 567 nonne
404 538 482 565 sunt
502 537 677 564 mutorum
697 539 837 574 quoque
859 527 911 561 vel
934 527 1153 571 negotiorum
1174 525 1225 557 κο]
1251 535 1396 569 operum
1414 535 1532 560 xoces,
1554 522 1682 566 alisque
1701 533 1860 554 sermone

177 599 235 626 aut
260 591 399 635 lingua?
425 590 567 633 Utique,
591 587 680 619 dicet
706 585 844 630 aliquis:
867 585 950 617 sicut
978 585 1069 617 enim
1097 583 1236 616 textoris
1263 588 1370 615 artem
1398 582 1568 625 variegata
1587 581 1690 612 xestis
1717 579 1858 615 clamat:

177 656 209 684 et
236 648 395 694 opificem
422 657 522 680 suum
549 645 642 678 navis
660 644 795 689 egregie
814 648 991 687 compacta
1012 641 1205 686 praedicat:
1226 646 1257 673 et
1279 639 1459 671 ferrarium
1485 637 1620 670 fabrum
1640 638 1767 682 pariter
1786 637 1863 682 opi-

179 706 295 740 ficium
321 706 410 741 eius.
439 705 486 736 sic
511 703 614 736 etiam
640 707 770 734 creatae.
796 711 867 734 res,
896 711 981 744 quas
1006 709 1118 743 nuper
1144 697 1428 732 memoravimus,
1458 701 1571 727 mutae
1596 694 1736 738 quidem
1763 699 1862 731 sunt,

179 764 259 809 quia
285 761 516 796 irrationales:
537 759 595 792 sed
624 765 735 791 tamen
762 769 880 791 earum
900 757 1005 790 reluti
1025 756 1183 800 loquelae
1204 761 1298 790 sunt.
1322 752 1522 786 admiranda
1549 753 1776 786 constructio:
1798 762 1864 784 x‘ox

181 827 315 857 autem,
344 816 566 864 pulchritudo
592 818 742 861 ipsarum
770 822 802 848 et
830 821 942 848 rectus
969 813 1070 847 ordo.
1100 815 1186 846 Nam
1214 812 1367 845 caelestis
1392 811 1588 847 enarratio,
1617 816 1646 841 vt
1676 808 1820 842 verbum
1850 820 1866 841 a

182 877 237 911 die
263 877 463 912 clamatum,
486 886 552 908 vox
579 874 718 919 quidem
747 873 923 906 articulata
951 883 1020 905 non
1048 878 1114 908 cst,
1145 882 1255 915 neque
1282 870 1351 902 oris
1378 868 1535 913 loquela,
1559 867 1617 900 sed
1646 873 1758 899 tamen
1786 866 1868 899 haec

182 934 318 968 divinae
344 932 479 965 virtutis
504 931 737 976 magisterium
765 929 851 964 fiunt
879 931 919 963 iis
944 930 1002 974 qui
1023 928 1214 962 auscultare
1233 928 1360 961 sciunt.
1383 926 1484 959 etiam
1512 936 1594 958 voce
1619 923 1751 957 silente.
1782 924 1869 956 lnte-

183 992 249 1024 rim
267 990 349 1023 dum
371 995 500 1023 mutam
528 988 613 1022 dixit
632 994 823 1022 creaturam
850 987 978 1023 David,
1001 987 1122 1032 spiritu
1150 997 1229 1018 sane
1257 984 1446 1030 praeditam
1467 989 1497 1015 et
1525 981 1683 1015 rationali
1711 980 1871 1014 facultate

184 1048 339 1093 negavit,
361 1058 458 1080 secus
484 1057 521 1079 ac
547 1045 685 1079 videtur
710 1046 929 1079 ethnicorum
956 1042 1185 1090 sapientibus:
1216 1042 1249 1075 hi
1276 1042 1367 1075 enim
1394 1040 1516 1074 animal
1546 1051 1617 1072 esse
1644 1044 1754 1071 totum
1781 1037 1872 1070 hunt·

185 1105 355 1139 mundum
383 1105 496 1137 aiunt:
518 1103 677 1137 animalia
704 1103 862 1136 similiter
887 1109 1003 1148 partes
1028 1101 1104 1135 illas
1131 1113 1170 1134 ex
1198 1099 1325 1145 quibus
1351 1099 1572 1143 componitur
1594 1098 1653 1129 1

568 1169 607 1191 131
624 1170 690 1196 ipse
707 1170 866 1196 tamquam
883 1174 1013 1195 sponsus
1029 1167 1196 1194 procedens
1213 1167 1250 1188 de
1268 1165 1407 1188 thalamo
1425 1171 1489 1186 suo.

284 1219 472 1254 Commode
498 1225 667 1252 memorat
692 1218 800 1251 Dax'id
826 1218 1024 1251 ordinatum
1050 1217 1131 1250 solis
1158 1227 1317 1253 cursum,
1347 1222 1379 1248 et
1405 1214 1498 1259 quod
1527 1225 1545 1246 e
1572 1213 1725 1246 thalamo
1753 1211 1873 1246 linium

189 1285 317 1316 terrae,
335 1283 509 1322 tamquam
529 1276 783 1322 pulcherrimus
802 1287 948 1321 sponsus
968 1274 1149 1320 procedat:
1167 1264 1293 1306 deinde
1312 1279 1487 1317 tamquam
1509 1283 1525 1304 a
1546 1270 1718 1316 repagulis
1738 1280 1874 1303 cursum

190 1335 387 1381 auspicans,
404 1334 547 1368 celerem
566 1333 788 1378 validumque
807 1333 961 1365 volatum
982 1332 1097 1369 faciat,
1120 1338 1150 1364 et
1172 1330 1361 1364 indefessus
1380 1330 1552 1363 decurrat.
1575 1329 1648 1361 Hoc
1668 1330 1758 1361 enim
1780 1327 1878 1372 signi-

192 1393 284 1427 ficari
312 1398 396 1438 puto
422 1391 553 1425 verbis:
575 1390 740 1425 exultabit
768 1396 805 1423 ut
831 1391 924 1435 gigas
951 1390 993 1423 ad
1020 1389 1227 1423 currendam
1252 1389 1356 1422 viani.

636 1456 700 1479 Lex
717 1456 845 1479 nomini
862 1456 1081 1483 immaculata,
1098 1458 1280 1478 eonvertens
1296 1456 1428 1477 animas.

286 1508 364 1540 Non
384 1506 505 1539 inutile
523 1505 777 1540 cordatioribus
795 1512 843 1539 est
864 1512 1006 1539 naturae
1026 1505 1278 1551 spectaculum:
1300 1504 1395 1550 quod
1416 1503 1642 1548 contemplari
1663 1500 1877 1536 rolentibus.

191 1565 251 1598 Dei
272 1569 504 1610 repraesentat
523 1563 688 1609 gloriam,
710 1575 750 1596 ex
770 1569 1006 1599 creaturarum
1025 1569 1151 1596 ornatu
1172 1569 1203 1596 et
1223 1569 1317 1595 recto
1337 1561 1459 1595 ordine
1479 1559 1770 1605 dignoscendam:
1793 1559 1881 1592 invi—

177 1620 303 1661 ‚sibilia
323 1622 414 1655 enim
431 1621 521 1659 eius,
538 1632 579 1654 ex
597 1627 751 1654 creatura
770 1621 908 1657 mundi,
925 1632 987 1666 per
1005 1632 1044 1654 ea
1061 1632 1150 1665 quae
1169 1619 1255 1653 facta
1275 1626 1370 1657 sunt,
1388 1618 1559 1652 intellecta
1579 1618 1838 1663 conspiciuntur
1853 1616 1863 1624 ⁶

193 1679 286 1720 Quae
312 1690 421 1724 quum
440 1679 486 1711 ita
506 1689 541 1711 se
561 1677 745 1715 haberent,
770 1679 841 1723 ipse
867 1689 1007 1724 quoque
1033 1678 1191 1723 apparuit
1218 1677 1319 1711 nobis
1337 1677 1509 1713 Christus.
1532 1687 1663 1721 nosque
1686 1675 1727 1708 ad
1749 1680 1881 1720 patrem

195 1736 358 1774 adduxit,
379 1736 471 1769 haud
491 1747 553 1781 per
572 1736 717 1781 legalem
744 1736 894 1771 cultum,
916 1736 975 1770 sed
994 1747 1056 1781 per
1075 1735 1305 1780 evangelicam
1327 1735 1442 1780 potius
1463 1734 1751 1767 exhortationem.
1775 1733 1881 1777 Ergo.

196 1800 332 1840 praeter
358 1800 498 1827 naturae
525 1793 774 1839 spectaculum,
797 1793 892 1838 quod
920 1793 956 1826 fit
984 1800 1019 1827 ut
1039 1793 1189 1826 diximus
1215 1804 1255 1826 ex
1282 1798 1518 1826 creaturarum
1546 1790 1673 1824 fabrica
1693 1797 1725 1823 et
1744 1790 1882 1824 ordine.

197 1852 289 1886 illius
315 1863 454 1897 quoque
473 1852 594 1885 lucrati
615 1862 733 1885 sumus
759 1851 1062 1897 praedicationem.
1092 1851 1285 1884 Sufficiebat
1307 1862 1387 1884 sane
1414 1856 1568 1883 creatura
1590 1850 1632 1882 ad
1653 1849 1888 1882 demonstran-

198 1909 282 1943 dum
310 1908 507 1942 hominibus
533 1915 742 1947 creatorem;
764 1909 988 1942 nihilominus
1014 1908 1100 1954 legis
1125 1920 1265 1954 quoque
1289 1909 1499 1942 adiutorium
1521 1907 1769 1953 suppeditavit,
1792 1905 1886 1950 quod

199 1974 352 2001 errantes
379 1977 540 2000 revocare
568 1973 693 2012 posset.
723 1966 921 2000 Socorditer
947 1978 1030 2011 ergo
1056 1967 1218 1999 scrutanti
1248 1966 1368 2011 psalmi
1394 1965 1499 1999 verba
1515 1992 1522 2001 ,
1545 1976 1615 1998 non
1634 1964 1771 1997 videtur
1791 1973 1888 2008 prae-

200 2024 402 2059 cedentibus
427 2025 582 2058 connecti
602 2024 658 2057 hie
677 2024 720 2057 (le
740 2024 814 2069 lege
834 2031 867 2057 et
886 2023 1186 2058 iustificationibus
1213 2035 1339 2057 sermo.
1362 2024 1521 2057 Attamen
1542 2023 1648 2056 multa
1671 2023 1783 2068 potius
1805 2032 1888 2054 con-

201 2083 313 2116 sensio
340 2088 402 2115 est.
431 2082 532 2122 Quod
552 2088 589 2114 ut
609 2081 683 2115 heic
703 2081 857 2115 brexiter
875 2093 1064 2127 exponam:
1087 2089 1156 2115 tres
1175 2089 1272 2117 sunt,
1295 2088 1326 2114 et
1354 2081 1494 2126 quidem
1521 2081 1658 2113 ‹lirinae
1679 2091 1817 2115 omnes.
1840 2079 1889 2111 le-

201 2152 279 2186 ges:
303 2141 411 2186 prima
438 2146 580 2173 naturae.
607 2139 707 2172 simul
736 2145 769 2171 et
795 2140 994 2177 creationis,
1016 2139 1063 2173 ob
1089 2151 1192 2185 quam
1221 2140 1308 2172 duce
1328 2139 1534 2172 conscientia
1555 2145 1586 2171 et
1611 2138 1792 2172 creaturis.
1814 2137 1889 2169 otti-

203 2199 293 2232 cium
320 2203 477 2230 nostrum
503 2196 727 2241 intelligimus
747 2203 778 2230 et
800 2203 990 2230 creatorem
1016 2198 1116 2231 simul
1146 2198 1374 2242 agnoscimus.
1405 2196 1559 2230 Secunda
1586 2196 1639 2230 lex
1666 2196 1806 2240 scripta,
1828 2205 1890 2240 per

204 2256 357 2301 Moysem
383 2254 474 2287 data.
502 2254 611 2287 Tertia
638 2254 691 2287 lex
718 2254 879 2300 spiritalis
905 2261 939 2288 et
965 2255 1172 2300 evangelica.
1202 2256 1387 2298 Postquam
1406 2255 1521 2299 itaque
1549 2254 1590 2287 tle
1617 2254 1690 2298 lege
1710 2252 1891 2285 creationis

204 2313 310 2346 veluti
339 2311 407 2345 filia
433 2312 513 2345 satis
538 2312 605 2356 egit
631 2311 757 2349 Daxid,
779 2312 1097 2358 ‹lemonstraxitque
1123 2312 1256 2345 caelum
1284 2318 1315 2345 et
1343 2311 1620 2349 firmamentum,
1647 2310 1739 2343 diem
1767 2321 1802 2342 ac
1831 2320 1892 2342 no—

207 2376 313 2405 ctem,
335 2375 367 2401 et
392 2368 518 2406 solem,
539 2374 729 2401 creatorem
756 2380 854 2402 suum
883 2371 1109 2405 annunciare.
1132 2375 1161 2403 et
1183 2370 1217 2402 in
1238 2370 1384 2402 naturali
1414 2369 1487 2414 lege
1512 2368 1606 2401 illam
1633 2378 1773 2412 quoque
1799 2378 1894 2400 crea-

208 2427 308 2459 tionis
335 2425 534 2470 complems
560 2431 629 2463 est,
653 2436 800 2471 namque
826 2427 897 2471 ipsa
924 2432 1044 2460 natura
1071 2427 1159 2459 inter
1178 2432 1307 2460 creatas
1332 2438 1384 2459 res
1405 2432 1471 2463 est,
1495 2425 1613 2458 transit
1632 2424 1758 2457 deinde
1779 2424 1822 2457 ad
1844 2435 1894 2457 re—

209 2484 336 2529 liquas,
359 2484 520 2528 scriptam
548 2483 673 2516 scilicet
698 2489 731 2517 et
757 2484 964 2529 spiritalem,
988 2491 1090 2530 atque
1110 2491 1292 2529 utramque
1319 2485 1505 2518 subdixidit
1528 2484 1559 2516 in
1580 2483 1758 2520 mandata,
1782 2483 1892 2528 leges,

209 2541 351 2576 iudicia.
374 2541 587 2577 testimonia,
610 2547 643 2574 et
670 2541 937 2576 iustificationes.

306 2599 422 2632 Primo
449 2599 552 2643 igitur
578 2599 810 2643 evangelicam
837 2600 1049 2638 doctrinam,
1073 2601 1183 2645 legem
1211 2601 1346 2633 Domini
1373 2600 1472 2632 dicit:
1497 2610 1564 2631 non
1591 2599 1683 2632 enim
1711 2597 1754 2631 ab
1781 2597 1896 2644 aliquo

312 2712 346 2739 ³1]
367 2709 440 2735 Haec
460 2708 633 2735 ethnicorum
653 2708 770 2735 absurda
791 2709 925 2743 theologia
945 2710 1084 2743 eleganter
1105 2709 1234 2736 recitatur
1253 2709 1326 2743 apud
1342 2709 1485 2743 Virgilium
1507 2717 1567 2735 arn.
1584 2709 1630 2734 Vt.
1647 2711 1706 2735 724.
1723 2716 1796 2744 seqq.
1812 2711 1896 2736 Prin-

213 2754 287 2789 cipio
307 2752 416 2779 caelum
436 2761 470 2779 α(-
495 2754 588 2778 (erras
607 2757 659 2779 etc.
679 2754 798 2787 spiritus
824 2755 898 2780 tutus
922 2755 992 2785 alil,
1015 2756 1158 2787 totamque
1182 2752 1276 2785 insum
1296 2762 1352 2787 per
1376 2755 1457 2779 artus
1482 2761 1556 2778 mmm·
1582 2754 1676 2787 aqita!
1699 2754 1808 2779 molem.
1830 2753 1898 2779 lude

214 2798 357 2824 hominum
375 2798 570 2831 pecudumque
589 2805 688 2831 qenus,
711 2799 839 2832 vitaeque
859 2798 1013 2824 volantium.
1035 2800 1076 2824 En
1096 2805 1215 2825 errorem
1236 2794 1392 2829 ethnicum,
1413 2805 1447 2824 en
1466 2796 1587 2824 eiusdem
1608 2802 1778 2824 constantem
1800 2806 1814 2824 a
1834 2798 1899 2824 scri-

215 2842 303 2876 pturis
322 2841 406 2869 sacris
426 2841 603 2876 patribusque
623 2842 814 2868 ecclesiasticis
834 2842 1036 2870 refutationem.

1895 364 1914 378 Υ.
1932 361 1950 377 'h

1871 1643 1877 1649 -
1922 1636 1928 1641 ·
1946 1632 2010 1652 Itum.
2029 1633 2042 1653 1,
2060 1637 2091 1653 ze.

1931 2212 1967 2231 (ir.
1985 2217 2005 2237 ρ.
2022 2213 2067 2231 tiss.
