2205 3177
742 178 774 199 lx
801 176 953 199 rsamum
979 176 1014 198 x.
1043 177 1082 198 ET
1108 177 1157 199 XI.
1723 165 1789 198 119

110 246 224 280 citiam
249 242 487 290 spondebant,
508 253 628 288 reapse
655 248 769 275 autem
795 240 935 274 inimico
960 240 1051 274 Sauli
1077 241 1189 286 ipsum
1214 239 1425 286 prodebant,
1447 246 1479 274 et
1506 239 1565 274 ubi
1591 239 1710 274 lateret
1731 239 1792 273 de-

110 300 333 336 nunciabant.
363 300 428 334 Sed
455 299 577 345 psalmi
604 297 709 333 verba
736 303 853 331 sancto
878 307 1017 341 quoque
1043 297 1149 330 cuivis
1173 298 1398 335 conveniunt,
1419 298 1476 342 qui
1498 308 1621 342 puram
1641 297 1793 342 singula-

112 371 254 405 remque
278 359 384 392 vitam
410 358 616 395 instituerit;
638 368 748 401 neque
775 355 936 400 propriae
956 360 1089 387 tanturn
1108 355 1149 387 sit
1170 355 1336 389 sollicitus
1361 355 1512 393 animae,
1534 354 1594 389 sed
1613 354 1656 388 de
1675 365 1792 389 erran-

112 419 196 452 tium
222 427 361 462 quoque
388 416 519 449 inscitia
539 415 671 452 doleat,
693 423 820 457 eosque
846 412 974 458 pariter
992 412 1105 458 cupiat
1124 413 1196 446 Deo
1215 412 1414 447 obedientes
1434 411 1522 446 fieri.
1544 413 1673 447 Cantici
1692 413 1793 446 huius

111 480 353 521 argumentum
378 480 447 513 est,
469 473 615 507 invectio
641 477 761 505 contra
778 470 935 515 quemvis
955 470 1118 503 iniustum
1138 481 1175 503 ac
1194 470 1384 515 malignum
1397 496 1404 508 ,
1427 471 1541 504 animo
1560 471 1794 516 sententiaque

112 535 381 571 inconstantem,
404 531 605 565 mendacem
624 536 657 563 et
676 534 939 565 assentatorem,
961 527 1051 561 dolis
1077 539 1114 561 ae
1140 527 1320 562 fraudibus
1343 529 1560 562 innutritum.
1582 528 1725 562 Videtur
1744 534 1795 561 et-

114 592 182 626 iam
208 591 426 625 ethnicorum
451 590 651 635 sapientiam
678 588 869 632 increpare.
900 587 990 620 Facit
1017 586 1156 631 insuper
1174 585 1297 619 Christi
1316 593 1472 620 nostrum
1498 587 1654 620 omnium
1680 598 1795 620 serva-

113 649 198 682 toris
223 649 449 682 mentionem.
478 645 635 680 Continet
661 644 762 678 etiam
789 644 1072 689 promissionem,
1093 649 1269 688 tamquam
1288 643 1360 676 eius
1378 644 1436 688 qui
1463 643 1611 677 necdum
1631 644 1673 677 ad
1698 643 1796 677 adiu-

114 705 267 739 vandum
292 706 440 739 venisset
465 714 650 749 oppressos
668 713 686 735 a
704 700 858 735 diabolo.
880 701 1019 735 Canitur
1045 707 1159 735 autem
1185 712 1250 747 pro
1275 707 1414 740 octava,
1434 712 1505 746 quo
1522 701 1578 735 die
1597 701 1661 734 suit
1679 703 1796 735 resur-

115 764 238 801 rectio,
261 768 293 796 et
320 763 454 795 vocatio
473 760 644 806 gentium,
665 766 699 793 ct
717 760 822 793 sancti
844 760 988 804 Spiritus
1007 758 1166 797 donatio,
1187 765 1221 792 et
1241 758 1478 792 intellectualis
1498 757 1533 791 id
1552 764 1601 792 est
1619 759 1653 791 in
1674 759 1796 803 spiritu

113 821 382 854 circumcisionis
406 819 526 852 virtus.
555 819 639 851 Orat
665 817 854 863 propheta,
875 823 913 850 ut
939 828 955 850 a
982 818 1202 863 generatione
1228 816 1317 850 mala
1344 817 1526 862 eripiatur:
1548 827 1635 862 quae
1654 815 1795 861 quidem

114 878 173 912 illa
200 878 262 912 fuit
289 884 323 911 ut
352 876 522 915 arbitror,
543 876 668 910 Christi
693 882 822 914 aetate,
843 874 886 908 de
911 886 979 920 qua
1004 875 1077 920 ipse
1103 873 1232 908 aiebat:
1259 875 1323 908 viri
1349 875 1511 908 ninivitae
1537 875 1794 919 generationem

118 936 205 970 hanc
229 933 442 968 iudicabunt.
470 934 523 968 Sic.
548 939 663 967 autem
689 933 858 966 canticum
883 932 1075 966 exorditur.

562 1000 657 1023 Salva
674 1006 739 1028 me,
756 999 905 1027 Domine,
921 1000 1070 1026 quoniam
1085 999 1199 1021 defecit
1216 1001 1352 1021 sanetus.

207 1052 349 1084 Tantam
375 1051 488 1095 itaque
515 1051 560 1084 ait
586 1049 694 1083 David
721 1056 811 1083 recte
837 1050 1027 1083 viventium
1053 1060 1124 1082 esse
1152 1050 1350 1095 penuriam,
1373 1055 1408 1082 ut
1431 1060 1538 1094 paene
1564 1055 1597 1082 et
1624 1048 1673 1081 illi
1693 1048 1726 1081 in
1746 1048 1797 1081 vi-

115 1109 200 1142 tium
226 1108 408 1142 trahantur
426 1109 484 1153 qui
503 1108 538 1140 in
557 1107 671 1140 dix‘ina
692 1107 767 1152 lege
787 1107 920 1140 fuerant
942 1107 1104 1140 instituti:
1128 1112 1228 1151 atque
1254 1117 1353 1152 egere
1372 1118 1407 1140 se
1427 1106 1525 1144 dicit,
1548 1105 1583 1139 id
1606 1112 1655 1139 est
1675 1116 1795 1138 omnes

114 1166 158 1200 de
178 1165 304 1212 quibus
322 1165 426 1199 verba
447 1165 543 1203 facit,
564 1176 668 1198 manu
695 1165 851 1202 tutelari,
872 1165 1036 1197 nimirum
1056 1164 1208 1201 Christo:
1230 1176 1341 1210 neque
1364 1164 1508 1198 Iudaeos
1534 1162 1793 1200 tantummodo,

115 1222 174 1256 sed
201 1233 320 1256 omnes
339 1222 402 1256 sub
423 1222 518 1256 caelo
538 1222 713 1255 mortales.
742 1222 799 1254 Est
820 1222 910 1255 enim
930 1221 1002 1267 ipse
1028 1222 1218 1267 expectatio
1244 1222 1414 1266 gentium,
1437 1222 1484 1254 uti
1508 1222 1672 1266 scriptum
1699 1226 1748 1253 est
1768 1220 1792 1253 '.

532 1286 615 1313 Quia
632 1287 811 1309 deminutae
827 1288 900 1308 suut
918 1287 1065 1310 veritates
1081 1293 1099 1308 a
1117 1286 1193 1308 filiis
1210 1286 1381 1309 hominum.

211 1338 309 1371 Falsa
334 1343 411 1371 sunt
437 1338 552 1370 onmia
579 1336 671 1382 apud
697 1336 867 1373 ethnicos,
897 1336 1061 1381 sapientia
1087 1335 1264 1373 videlicet,
1293 1346 1488 1373 sermones,
1517 1341 1549 1368 et
1576 1336 1664 1368 ritae
1690 1335 1795 1368 ratio:

116 1406 195 1429 nam
219 1406 320 1428 verae
345 1396 414 1433 rei,
437 1395 471 1428 id
498 1401 547 1427 est
574 1394 780 1428 necessariae
805 1393 859 1426 vel
886 1393 997 1432 utilis,
1019 1393 1102 1427 nihil
1123 1393 1213 1439 apud
1234 1404 1292 1427 eos
1311 1393 1482 1438 quispiam
1508 1392 1715 1438 comperiet,
1736 1392 1795 1436 qui

115 1458 306 1485 creaturam
332 1451 553 1490 deificarum,
575 1452 702 1485 omisso
729 1461 770 1484 eo
795 1451 854 1496 qui
880 1457 1000 1496 suapte
1026 1457 1147 1484 natura
1165 1455 1214 1485 est
1233 1452 1335 1484 Deus.
1365 1451 1455 1496 Ergo
1474 1449 1566 1496 apud
1585 1450 1664 1483 illos
1687 1449 1797 1482 demi-

115 1515 216 1543 nutae
241 1515 318 1542 sunt
344 1509 516 1542 veritates.

510 1573 603 1596 Vana
619 1574 716 1597 locuti
734 1576 807 1597 sunt
824 1574 1037 1600 unusquisque
1054 1574 1094 1596 ml
1111 1574 1288 1601 proximum
1304 1579 1404 1596 suum.

211 1625 285 1658 Hoc
311 1624 354 1658 de
381 1623 514 1657 Iudaeis
539 1635 620 1657 vere
646 1623 789 1657 dicitur:
818 1624 1053 1669 unusquisque
1078 1634 1165 1657 vana
1192 1623 1353 1669 proximo
1379 1634 1441 1657 suo
1467 1622 1602 1656 locutus
1628 1628 1700 1659 est,
1727 1632 1797 1666 quo

113 1688 270 1727 tempore
297 1682 461 1715 adversus
479 1673 695 1716 Servatorem
718 1687 874 1715 nostrum
895 1680 1074 1715 struebant
1092 1681 1244 1715 insidias.
1274 1680 1377 1727 Apud
1396 1681 1550 1714 ethnicos
1568 1681 1696 1726 pariter
1715 1683 1799 1725 poe-

114 1746 167 1773 tae
185 1746 219 1774 et
238 1747 393 1774 oratores
412 1741 482 1773 sive
501 1739 653 1773 historici
669 1766 676 1775 ,
699 1739 782 1772 nihil
807 1739 850 1773 de
876 1739 1017 1773 veritate
1043 1739 1200 1776 solliciti,
1221 1738 1386 1785 quicquid
1411 1739 1458 1772 eis
1484 1739 1595 1772 visum
1614 1738 1696 1775 suit,
1718 1748 1798 1783 per-

114 1797 194 1832 inde
220 1803 509 1844 composuerunt,
531 1797 599 1831 hoc
624 1809 694 1831 uno
720 1796 784 1830 sibi
810 1796 877 1830 fine
905 1798 1103 1843 proposito,
1126 1797 1262 1842 linguae
1287 1797 1414 1831 scilicet
1439 1797 1666 1830 ostentatione
1687 1796 1746 1841 (l).

412 1864 533 1887 Perdat
549 1864 701 1886 Dominus
718 1865 830 1886 cuncta
846 1864 934 1886 labia
949 1864 1070 1892 dolosa,
1086 1864 1232 1894 linguam
1248 1864 1499 1894 magniloquam}

210 1914 406 1947 Secundum
424 1926 507 1948 vero
526 1925 701 1959 anagogen
715 1940 722 1952 ,
743 1913 922 1959 quomodo
950 1914 1006 1947 illa
1027 1926 1096 1948 non
1124 1921 1174 1948 est
1199 1914 1344 1948 dicenda
1370 1925 1534 1959 arrogans
1552 1913 1689 1958 lingua,
1710 1924 1797 1957 quae

115 1983 195 2006 ausa
215 1972 275 2005 fuit
297 1972 467 2005 Sem-amri
493 1971 608 2005 dicere
628 1972 658 2004 ':
681 1972 714 2004 in
734 1983 801 2016 qua
825 1977 992 2017 potestate
1019 1971 1101 2005 haec
1127 1972 1232 2006 sacis?
1251 1973 1317 2006 Aut
1344 1973 1420 2017 quis
1446 1971 1507 2005 tibi
1527 1971 1614 2005 lianc
1634 1970 1730 2004 dedit
1750 1970 1798 2003 sa-

115 2029 302 2063 cultatem'?
326 2029 417 2062 Illud
436 2040 576 2074 quoque
594 2028 747 2062 iudaicae
773 2029 934 2062 audaciae
954 2030 1135 2074 proprium
1155 2029 1237 2063 fuit:
1260 2028 1350 2063 labia
1370 2035 1485 2063 nostra
1506 2028 1598 2074 apud
1617 2039 1679 2061 nos
1698 2034 1795 2063 sunt.

114 2089 191 2133 quis
217 2094 333 2121 noster
351 2088 519 2120 Dominus
544 2087 616 2119 est‘?
636 2093 811 2131 tamquam
837 2087 864 2120 si
891 2087 940 2120 illi
966 2093 1080 2121 mente
1101 2088 1336 2125 revolxerent.
1359 2098 1458 2133 posse
1484 2099 1519 2121 se
1544 2086 1707 2133 quicquid
1727 2086 1797 2120 vel-

116 2144 205 2184 lent,
228 2144 391 2179 adversus
416 2145 633 2178 Sei-vatorem
658 2143 784 2177 dicere.

722 2212 823 2234 habia
841 2214 948 2235 nostra
966 2219 984 2234 n
1001 2213 1090 2236 nobis
1106 2215 1190 2235 snut.

211 2265 298 2302 Nos,
327 2265 421 2297 aiunt
448 2262 591 2299 ethnici.
621 2263 719 2308 politi
745 2264 873 2308 eloquii
900 2264 1096 2297 inventores
1122 2263 1260 2296 fuimus.

703 2328 840 2356 Propter
856 2329 1015 2352 miseriam
1032 2336 1216 2357 pauperum.

212 2380 296 2413 Heic
321 2380 497 2424 consurgit
522 2379 781 2425 deprecantium
807 2391 966 2425 persona.
997 2381 1062 2420 Qui
1088 2386 1202 2414 autem
1230 2392 1348 2426 preces
1366 2381 1506 2426 recipit,
1528 2378 1713 2425 respondet
1741 2390 1800 2424 pe-

117 2435 284 2473 tentibus.
303 2437 508 2482 promittens
526 2437 587 2470 Dei
606 2437 839 2471 interventum
856 2444 889 2471 ct
909 2437 1025 2471 auxilii
1044 2449 1182 2471 munus.
1205 2439 1374 2484 Pauperes
1392 2439 1563 2475 nominat,
1580 2437 1702 2483 spiritu
1723 2447 1801 2482 pau-

118 2505 234 2539 peres,
256 2506 406 2539 quorum
432 2494 636 2533 exaudiens,
658 2495 779 2543 inquit·
795 2496 902 2534 Deus,
925 2495 1129 2533 clamorem,
1152 2507 1358 2540 consurgam
1384 2495 1532 2529 adiutor.

288 2559 377 2583 Nunc
393 2567 572 2590 exsurgam,
588 2561 665 2583 dicit
681 2561 849 2589 Dominus,
865 2568 979 2588 ponam
995 2563 1030 2584 in
1046 2562 1198 2589 salutari,
1215 2562 1407 2584 fiducialiter
1423 2568 1516 2591 agam
1532 2562 1565 2583 in
1583 2567 1628 2583 eo.

214 2610 524 2644 Consurrecturum
543 2621 578 2644 se
595 2609 689 2644 dicit.
711 2612 830 2656 Neque
847 2623 931 2645 vero
950 2612 1113 2649 dicimus,
1135 2611 1353 2657 corporalem
1372 2622 1444 2644 esse
1463 2611 1796 2649 consurrectionem,

118 2668 188 2701 sire
213 2669 451 2702 excitationem
467 2693 475 2706 ,
504 2668 562 2702 sed
589 2669 775 2702 voluntatis
801 2669 1085 2714 significationem
1111 2669 1198 2702 hauc
1225 2680 1319 2707 esse,
1348 2680 1490 2702 manum
1515 2668 1677 2713 deinceps
1703 2667 1801 2700 adiu-

117 2726 238 2760 tricem
265 2725 501 2760 laborantibus
520 2726 733 2772 porrigendi.
762 2746 785 2752 ·-
811 2727 1005 2761 Secundum
1027 2739 1109 2760 vero
1128 2738 1323 2772 anagogen,
1349 2725 1567 2760 manifestum
1592 2726 1722 2759 cunctis
1747 2736 1801 2758 sa-

217 2812 251 2841 (l)
277 2812 479 2845 Argumentum
506 2810 558 2837 hoc
585 2809 668 2838 latius
696 2814 807 2838 exornat
833 2811 953 2846 Cyrillus
980 2815 1072 2838 noster
1096 2810 1262 2844 respondens
1288 2813 1400 2845 quartae
1424 2809 1500 2845 impii
1526 2809 1627 2837 Iuliani
1652 2808 1799 2836 obiectiom

119 2853 167 2880 lib.
188 2854 248 2880 VII.

1831 305 1869 325 Gr.
1883 311 1905 331 p.
1925 309 1966 326 μετ.

1837 1217 1917 1264 ἱῡῦεη.
1933 1217 2001 1239 XLIX

1834 1289 1855 1304 Y.
1872 1287 1890 1305 ⁵2.
