<?xml version="1.0" encoding="UTF-8"?>
<!DOCTYPE html PUBLIC "-//W3C//DTD XHTML 1.0 Transitional//EN"
    "http://www.w3.org/TR/xhtml1/DTD/xhtml1-transitional.dtd">
<html xmlns="http://www.w3.org/1999/xhtml" xml:lang="en" lang="en">
 <head>
  <title>
</title>
<meta http-equiv="Content-Type" content="text/html;charset=utf-8" />
  <meta name='ocr-system' content='tesseract 3.04.00' />
  <meta name='ocr-capabilities' content='ocr_page ocr_carea ocr_par ocr_line ocrx_word'/>
</head>
<body>
  <div class='ocr_page' id='page_1' title='image "./novaepatrumbibli03maiauoft/novaepatrumbibli03maiauoft_0755.png"; bbox 0 0 2205 3177; ppageno 0'>
   <div class='ocr_carea' id='block_1_1' title="bbox 713 107 1861 211">
    <p class='ocr_par' dir='ltr' id='par_1_1' title="bbox 713 107 1861 211">
     <span class='ocr_line' id='line_1_1' title="bbox 713 107 1861 140; baseline -0.001 -1"><span class='ocrx_word' id='word_1_1' title='bbox 713 116 972 140; x_wconf 72' lang='lat' dir='ltr'><strong>EXPLANATIONIS</strong></span> <span class='ocrx_word' id='word_1_2' title='bbox 999 116 1032 138; x_wconf 72' lang='lat' dir='ltr'>ix</span> <span class='ocrx_word' id='word_1_3' title='bbox 1058 115 1170 138; x_wconf 75' lang='lat' dir='ltr'>mimos</span> <span class='ocrx_word' id='word_1_4' title='bbox 1198 116 1319 138; x_wconf 63' lang='lat' dir='ltr'>msam.</span> <span class='ocrx_word' id='word_1_5' title='bbox 1794 107 1861 138; x_wconf 67' lang='lat'>277</span> 
     </span>
     <span class='ocr_line' id='line_1_2' title="bbox 815 183 1226 211; baseline -0.005 -4"><span class='ocrx_word' id='word_1_6' title='bbox 815 183 875 207; x_wconf 77' lang='lat' dir='ltr'>Sed</span> <span class='ocrx_word' id='word_1_7' title='bbox 893 185 924 206; x_wconf 81' lang='lat' dir='ltr'>et</span> <span class='ocrx_word' id='word_1_8' title='bbox 940 184 1053 211; x_wconf 73' lang='lat' dir='ltr'>regina</span> <span class='ocrx_word' id='word_1_9' title='bbox 1069 183 1152 205; x_wconf 74' lang='lat' dir='ltr'>Saba</span> <span class='ocrx_word' id='word_1_10' title='bbox 1169 185 1226 206; x_wconf 77' lang='lat' dir='ltr'>etc.</span> 
     </span>
    </p>
   </div>
   <div class='ocr_carea' id='block_1_2' title="bbox 181 236 1868 402">
    <p class='ocr_par' dir='ltr' id='par_1_2' title="bbox 181 236 1868 402">
     <span class='ocr_line' id='line_1_3' title="bbox 273 236 1867 282; baseline 0.003 -10"><span class='ocrx_word' id='word_1_11' title='bbox 273 240 428 275; x_wconf 72' lang='lat' dir='ltr'>cmm.</span> <span class='ocrx_word' id='word_1_12' title='bbox 450 250 492 271; x_wconf 79' lang='lat' dir='ltr'>Ex</span> <span class='ocrx_word' id='word_1_13' title='bbox 513 249 745 272; x_wconf 56' lang='lat' dir='ltr'>nomn-:smnio</span> <span class='ocrx_word' id='word_1_14' title='bbox 765 250 797 271; x_wconf 69' lang='lat' dir='ltr'>ix</span> <span class='ocrx_word' id='word_1_15' title='bbox 816 249 923 271; x_wconf 55' lang='lat' dir='ltr'>Lucan</span> <span class='ocrx_word' id='word_1_16' title='bbox 944 237 1003 281; x_wconf 71' lang='lat'>(1).</span> <span class='ocrx_word' id='word_1_17' title='bbox 1030 236 1152 270; x_wconf 80' lang='lat' dir='ltr'>Mulier</span> <span class='ocrx_word' id='word_1_18' title='bbox 1171 236 1318 271; x_wconf 87' lang='lat' dir='ltr'>barbara</span> <span class='ocrx_word' id='word_1_19' title='bbox 1331 263 1338 274; x_wconf 81' lang='lat'>.</span> <span class='ocrx_word' id='word_1_20' title='bbox 1361 248 1486 282; x_wconf 84' lang='lat' dir='ltr'>magno</span> <span class='ocrx_word' id='word_1_21' title='bbox 1508 237 1665 272; x_wconf 90' lang='lat' dir='ltr'>locorum</span> <span class='ocrx_word' id='word_1_22' title='bbox 1685 240 1867 277; x_wconf 71' lang='lat' dir='ltr'>intervallo</span> 
     </span>
     <span class='ocr_line' id='line_1_4' title="bbox 182 295 1868 342; baseline 0.001 -10"><span class='ocrx_word' id='word_1_23' title='bbox 182 300 327 337; x_wconf 85' lang='lat' dir='ltr'>distans,</span> <span class='ocrx_word' id='word_1_24' title='bbox 349 296 543 331; x_wconf 78' lang='lat' dir='ltr'>socordiam</span> <span class='ocrx_word' id='word_1_25' title='bbox 570 297 703 333; x_wconf 81' lang='lat' dir='ltr'>omisit.</span> <span class='ocrx_word' id='word_1_26' title='bbox 725 307 794 329; x_wconf 93' lang='lat' dir='ltr'>non</span> <span class='ocrx_word' id='word_1_27' title='bbox 815 301 851 328; x_wconf 90' lang='lat' dir='ltr'>ut</span> <span class='ocrx_word' id='word_1_28' title='bbox 870 306 954 340; x_wconf 87' lang='lat' dir='ltr'>opes</span> <span class='ocrx_word' id='word_1_29' title='bbox 973 296 1210 340; x_wconf 82' lang='lat' dir='ltr'>conquireret,</span> <span class='ocrx_word' id='word_1_30' title='bbox 1232 295 1292 328; x_wconf 87' lang='lat' dir='ltr'>sed</span> <span class='ocrx_word' id='word_1_31' title='bbox 1313 302 1347 329; x_wconf 89' lang='lat' dir='ltr'>ut</span> <span class='ocrx_word' id='word_1_32' title='bbox 1368 295 1562 329; x_wconf 87' lang='lat' dir='ltr'>Salomonis</span> <span class='ocrx_word' id='word_1_33' title='bbox 1580 298 1781 342; x_wconf 77' lang='lat' dir='ltr'>sapientiam</span> <span class='ocrx_word' id='word_1_34' title='bbox 1809 312 1868 334; x_wconf 89' lang='lat' dir='ltr'>au-</span> 
     </span>
     <span class='ocr_line' id='line_1_5' title="bbox 181 352 1866 402; baseline 0.001 -12"><span class='ocrx_word' id='word_1_35' title='bbox 181 357 290 395; x_wconf 84' lang='lat' dir='ltr'>diret,</span> <span class='ocrx_word' id='word_1_36' title='bbox 310 355 493 402; x_wconf 80' lang='lat' dir='ltr'>parabolas</span> <span class='ocrx_word' id='word_1_37' title='bbox 511 361 545 388; x_wconf 90' lang='lat' dir='ltr'>et</span> <span class='ocrx_word' id='word_1_38' title='bbox 564 355 753 399; x_wconf 87' lang='lat' dir='ltr'>aenigmata</span> <span class='ocrx_word' id='word_1_39' title='bbox 775 352 964 397; x_wconf 86' lang='lat' dir='ltr'>loquentis,</span> <span class='ocrx_word' id='word_1_40' title='bbox 984 358 1017 386; x_wconf 90' lang='lat' dir='ltr'>et</span> <span class='ocrx_word' id='word_1_41' title='bbox 1037 352 1269 387; x_wconf 88' lang='lat' dir='ltr'>humanorum</span> <span class='ocrx_word' id='word_1_42' title='bbox 1289 364 1427 386; x_wconf 90' lang='lat' dir='ltr'>morum</span> <span class='ocrx_word' id='word_1_43' title='bbox 1447 353 1565 387; x_wconf 86' lang='lat' dir='ltr'>laudes</span> <span class='ocrx_word' id='word_1_44' title='bbox 1583 355 1866 401; x_wconf 70' lang='lat' dir='ltr'>vituperationes—</span> 
     </span>
    </p>
   </div>
   <div class='ocr_carea' id='block_1_3' title="bbox 181 412 1499 500">
    <p class='ocr_par' dir='ltr' id='par_1_3' title="bbox 181 412 1499 500">
     <span class='ocr_line' id='line_1_6' title="bbox 181 412 516 458; baseline -0.006 -11"><span class='ocrx_word' id='word_1_45' title='bbox 181 425 251 458; x_wconf 82' lang='lat' dir='ltr'>que</span> <span class='ocrx_word' id='word_1_46' title='bbox 276 412 516 446; x_wconf 75' lang='lat' dir='ltr'>describentis.</span> 
     </span>
     <span class='ocr_line' id='line_1_7' title="bbox 561 474 1499 500; baseline -0.001 0"><span class='ocrx_word' id='word_1_47' title='bbox 561 477 650 500; x_wconf 74' lang='lat' dir='ltr'>Tune</span> <span class='ocrx_word' id='word_1_48' title='bbox 664 474 841 498; x_wconf 71' lang='lat' dir='ltr'>aedificavit</span> <span class='ocrx_word' id='word_1_49' title='bbox 857 474 1004 497; x_wconf 73' lang='lat' dir='ltr'>Salomon</span> <span class='ocrx_word' id='word_1_50' title='bbox 1022 475 1131 497; x_wconf 75' lang='lat' dir='ltr'>fanum</span> <span class='ocrx_word' id='word_1_51' title='bbox 1147 475 1280 498; x_wconf 71' lang='lat' dir='ltr'>Chamon</span> <span class='ocrx_word' id='word_1_52' title='bbox 1297 475 1380 499; x_wconf 77' lang='lat' dir='ltr'>idolo</span> <span class='ocrx_word' id='word_1_53' title='bbox 1397 475 1499 499; x_wconf 71' lang='lat' dir='ltr'>floab.</span> 
     </span>
    </p>
   </div>
   <div class='ocr_carea' id='block_1_4' title="bbox 178 524 1867 2402">
    <p class='ocr_par' dir='ltr' id='par_1_4' title="bbox 182 524 1866 689">
     <span class='ocr_line' id='line_1_8' title="bbox 280 524 1866 573; baseline 0.002 -12"><span class='ocrx_word' id='word_1_54' title='bbox 280 529 428 562; x_wconf 66' lang='lat' dir='ltr'>CYmLu.</span> <span class='ocrx_word' id='word_1_55' title='bbox 458 528 551 561; x_wconf 85' lang='lat' dir='ltr'>Inter</span> <span class='ocrx_word' id='word_1_56' title='bbox 576 524 726 560; x_wconf 88' lang='lat' dir='ltr'>absurda</span> <span class='ocrx_word' id='word_1_57' title='bbox 751 536 835 557; x_wconf 64' lang='lat' dir='ltr'>vero</span> <span class='ocrx_word' id='word_1_58' title='bbox 862 530 1018 570; x_wconf 81' lang='lat' dir='ltr'>peccata,</span> <span class='ocrx_word' id='word_1_59' title='bbox 1042 524 1220 569; x_wconf 88' lang='lat' dir='ltr'>quodnam</span> <span class='ocrx_word' id='word_1_60' title='bbox 1246 526 1413 570; x_wconf 74' lang='lat' dir='ltr'>ingratius</span> <span class='ocrx_word' id='word_1_61' title='bbox 1438 537 1510 559; x_wconf 76' lang='lat' dir='ltr'>esse</span> <span class='ocrx_word' id='word_1_62' title='bbox 1535 532 1647 571; x_wconf 83' lang='lat' dir='ltr'>potest</span> <span class='ocrx_word' id='word_1_63' title='bbox 1667 539 1770 573; x_wconf 84' lang='lat' dir='ltr'>quam</span> <span class='ocrx_word' id='word_1_64' title='bbox 1789 542 1866 565; x_wconf 89' lang='lat' dir='ltr'>cum</span> 
     </span>
     <span class='ocr_line' id='line_1_9' title="bbox 182 581 1865 630; baseline 0.001 -11"><span class='ocrx_word' id='word_1_65' title='bbox 182 586 327 620; x_wconf 84' lang='lat' dir='ltr'>honoris</span> <span class='ocrx_word' id='word_1_66' title='bbox 354 585 548 630; x_wconf 86' lang='lat' dir='ltr'>amorisque</span> <span class='ocrx_word' id='word_1_67' title='bbox 567 583 678 617; x_wconf 84' lang='lat' dir='ltr'>cultus</span> <span class='ocrx_word' id='word_1_68' title='bbox 697 582 755 615; x_wconf 91' lang='lat' dir='ltr'>uni</span> <span class='ocrx_word' id='word_1_69' title='bbox 775 588 895 627; x_wconf 85' lang='lat' dir='ltr'>suapte</span> <span class='ocrx_word' id='word_1_70' title='bbox 920 588 1042 616; x_wconf 85' lang='lat' dir='ltr'>natura</span> <span class='ocrx_word' id='word_1_71' title='bbox 1061 582 1133 615; x_wconf 92' lang='lat' dir='ltr'>Deo</span> <span class='ocrx_word' id='word_1_72' title='bbox 1153 581 1309 619; x_wconf 76' lang='lat' dir='ltr'>debitus.</span> <span class='ocrx_word' id='word_1_73' title='bbox 1330 582 1596 617; x_wconf 80' lang='lat' dir='ltr'>daemoniorum</span> <span class='ocrx_word' id='word_1_74' title='bbox 1621 585 1783 630; x_wconf 72' lang='lat' dir='ltr'>gregibus</span> <span class='ocrx_word' id='word_1_75' title='bbox 1802 589 1865 621; x_wconf 87' lang='lat' dir='ltr'>im-</span> 
     </span>
     <span class='ocr_line' id='line_1_10' title="bbox 185 638 1865 689; baseline 0.001 -12"><span class='ocrx_word' id='word_1_76' title='bbox 185 643 365 689; x_wconf 76' lang='lat' dir='ltr'>penditur,</span> <span class='ocrx_word' id='word_1_77' title='bbox 385 643 494 675; x_wconf 85' lang='lat' dir='ltr'>immo</span> <span class='ocrx_word' id='word_1_78' title='bbox 519 641 619 674; x_wconf 88' lang='lat' dir='ltr'>etiam</span> <span class='ocrx_word' id='word_1_79' title='bbox 645 638 820 685; x_wconf 86' lang='lat' dir='ltr'>lapidibus</span> <span class='ocrx_word' id='word_1_80' title='bbox 845 639 1015 684; x_wconf 85' lang='lat' dir='ltr'>lignisque</span> <span class='ocrx_word' id='word_1_81' title='bbox 1041 638 1239 677; x_wconf 73' lang='lat' dir='ltr'>exhibetur,</span> <span class='ocrx_word' id='word_1_82' title='bbox 1259 645 1361 684; x_wconf 84' lang='lat' dir='ltr'>atque</span> <span class='ocrx_word' id='word_1_83' title='bbox 1387 640 1438 674; x_wconf 91' lang='lat' dir='ltr'>his</span> <span class='ocrx_word' id='word_1_84' title='bbox 1464 641 1592 687; x_wconf 88' lang='lat' dir='ltr'>templa</span> <span class='ocrx_word' id='word_1_85' title='bbox 1619 642 1865 679; x_wconf 76' lang='lat' dir='ltr'>aedificantur?</span> 
     </span>
    </p>

    <p class='ocr_par' dir='ltr' id='par_1_5' title="bbox 702 704 1354 732">
     <span class='ocr_line' id='line_1_11' title="bbox 702 704 1354 732; baseline 0 -5"><span class='ocrx_word' id='word_1_86' title='bbox 702 705 871 732; x_wconf 70' lang='lat' dir='ltr'>natusque</span> <span class='ocrx_word' id='word_1_87' title='bbox 885 706 933 727; x_wconf 72' lang='lat' dir='ltr'>est</span> <span class='ocrx_word' id='word_1_88' title='bbox 950 704 1102 727; x_wconf 77' lang='lat' dir='ltr'>Dominus</span> <span class='ocrx_word' id='word_1_89' title='bbox 1119 704 1280 727; x_wconf 73' lang='lat' dir='ltr'>Salomoni</span> <span class='ocrx_word' id='word_1_90' title='bbox 1297 707 1354 727; x_wconf 72' lang='lat' dir='ltr'>ete.</span> 
     </span>
    </p>

    <p class='ocr_par' dir='ltr' id='par_1_6' title="bbox 182 754 1866 1546">
     <span class='ocr_line' id='line_1_12' title="bbox 281 754 1866 801; baseline 0 -8"><span class='ocrx_word' id='word_1_91' title='bbox 281 760 428 794; x_wconf 56' lang='lat' dir='ltr'>Crixum.</span> <span class='ocrx_word' id='word_1_92' title='bbox 455 758 521 790; x_wconf 89' lang='lat' dir='ltr'>Cur</span> <span class='ocrx_word' id='word_1_93' title='bbox 541 761 655 789; x_wconf 86' lang='lat' dir='ltr'>autem</span> <span class='ocrx_word' id='word_1_94' title='bbox 673 755 875 788; x_wconf 83' lang='lat' dir='ltr'>mandatum</span> <span class='ocrx_word' id='word_1_95' title='bbox 895 754 1006 788; x_wconf 88' lang='lat' dir='ltr'>fuerat</span> <span class='ocrx_word' id='word_1_96' title='bbox 1024 760 1057 788; x_wconf 90' lang='lat' dir='ltr'>et</span> <span class='ocrx_word' id='word_1_97' title='bbox 1075 754 1139 800; x_wconf 87' lang='lat' dir='ltr'>ipsi</span> <span class='ocrx_word' id='word_1_98' title='bbox 1158 759 1191 787; x_wconf 89' lang='lat' dir='ltr'>et</span> <span class='ocrx_word' id='word_1_99' title='bbox 1211 755 1330 788; x_wconf 86' lang='lat' dir='ltr'>ceteris</span> <span class='ocrx_word' id='word_1_100' title='bbox 1350 755 1478 788; x_wconf 87' lang='lat' dir='ltr'>cunctis</span> <span class='ocrx_word' id='word_1_101' title='bbox 1497 754 1562 789; x_wconf 91' lang='lat' dir='ltr'>sub</span> <span class='ocrx_word' id='word_1_102' title='bbox 1581 756 1655 801; x_wconf 85' lang='lat' dir='ltr'>lege</span> <span class='ocrx_word' id='word_1_103' title='bbox 1674 758 1866 794; x_wconf 66' lang='lat' dir='ltr'>viventibus</span> 
     </span>
     <span class='ocr_line' id='line_1_13' title="bbox 185 811 1864 856; baseline 0 -5"><span class='ocrx_word' id='word_1_104' title='bbox 185 816 401 852; x_wconf 78' lang='lat' dir='ltr'>hominibus.</span> <span class='ocrx_word' id='word_1_105' title='bbox 424 824 466 846; x_wconf 89' lang='lat' dir='ltr'>ne</span> <span class='ocrx_word' id='word_1_106' title='bbox 486 813 666 846; x_wconf 86' lang='lat' dir='ltr'>affinitates</span> <span class='ocrx_word' id='word_1_107' title='bbox 685 823 763 846; x_wconf 89' lang='lat' dir='ltr'>cum</span> <span class='ocrx_word' id='word_1_108' title='bbox 783 811 981 856; x_wconf 81' lang='lat' dir='ltr'>alienigenis</span> <span class='ocrx_word' id='word_1_109' title='bbox 1000 811 1265 844; x_wconf 73' lang='lat' dir='ltr'>contraherent?</span> <span class='ocrx_word' id='word_1_110' title='bbox 1285 811 1397 845; x_wconf 80' lang='lat' dir='ltr'>Edixit</span> <span class='ocrx_word' id='word_1_111' title='bbox 1423 813 1534 845; x_wconf 87' lang='lat' dir='ltr'>enim:</span> <span class='ocrx_word' id='word_1_112' title='bbox 1559 812 1664 847; x_wconf 85' lang='lat' dir='ltr'>filiam</span> <span class='ocrx_word' id='word_1_113' title='bbox 1684 821 1776 849; x_wconf 85' lang='lat' dir='ltr'>tuam</span> <span class='ocrx_word' id='word_1_114' title='bbox 1797 829 1864 851; x_wconf 90' lang='lat' dir='ltr'>non</span> 
     </span>
     <span class='ocr_line' id='line_1_14' title="bbox 184 867 1865 915; baseline 0 -8"><span class='ocrx_word' id='word_1_115' title='bbox 184 873 284 907; x_wconf 89' lang='lat' dir='ltr'>dabis</span> <span class='ocrx_word' id='word_1_116' title='bbox 302 872 374 906; x_wconf 84' lang='lat' dir='ltr'>filio</span> <span class='ocrx_word' id='word_1_117' title='bbox 392 870 505 908; x_wconf 85' lang='lat' dir='ltr'>illius;</span> <span class='ocrx_word' id='word_1_118' title='bbox 528 881 639 915; x_wconf 85' lang='lat' dir='ltr'>neque</span> <span class='ocrx_word' id='word_1_119' title='bbox 657 870 806 903; x_wconf 72' lang='lat' dir='ltr'>vicissim</span> <span class='ocrx_word' id='word_1_120' title='bbox 827 868 933 903; x_wconf 83' lang='lat' dir='ltr'>filiam</span> <span class='ocrx_word' id='word_1_121' title='bbox 952 868 1043 902; x_wconf 90' lang='lat' dir='ltr'>illius</span> <span class='ocrx_word' id='word_1_122' title='bbox 1066 867 1138 901; x_wconf 89' lang='lat' dir='ltr'>filio</span> <span class='ocrx_word' id='word_1_123' title='bbox 1158 874 1218 902; x_wconf 91' lang='lat' dir='ltr'>tuo</span> <span class='ocrx_word' id='word_1_124' title='bbox 1237 870 1418 914; x_wconf 86' lang='lat' dir='ltr'>coniugem</span> <span class='ocrx_word' id='word_1_125' title='bbox 1438 870 1593 915; x_wconf 83' lang='lat' dir='ltr'>accipies.</span> <span class='ocrx_word' id='word_1_126' title='bbox 1623 871 1790 906; x_wconf 86' lang='lat' dir='ltr'>Futurum</span> <span class='ocrx_word' id='word_1_127' title='bbox 1816 880 1865 907; x_wconf 85' lang='lat' dir='ltr'>est</span> 
     </span>
     <span class='ocr_line' id='line_1_15' title="bbox 184 925 1865 973; baseline 0.001 -10"><span class='ocrx_word' id='word_1_128' title='bbox 184 931 275 964; x_wconf 88' lang='lat' dir='ltr'>enim</span> <span class='ocrx_word' id='word_1_129' title='bbox 294 934 332 961; x_wconf 90' lang='lat' dir='ltr'>ut</span> <span class='ocrx_word' id='word_1_130' title='bbox 351 927 462 961; x_wconf 87' lang='lat' dir='ltr'>filium</span> <span class='ocrx_word' id='word_1_131' title='bbox 481 933 579 960; x_wconf 87' lang='lat' dir='ltr'>tuum</span> <span class='ocrx_word' id='word_1_132' title='bbox 598 938 616 960; x_wconf 88' lang='lat' dir='ltr'>a</span> <span class='ocrx_word' id='word_1_133' title='bbox 637 938 692 960; x_wconf 86' lang='lat' dir='ltr'>me</span> <span class='ocrx_word' id='word_1_134' title='bbox 711 925 880 960; x_wconf 84' lang='lat' dir='ltr'>abalienet</span> <span class='ocrx_word' id='word_1_135' title='bbox 892 952 900 964; x_wconf 83' lang='lat'>‚</span> <span class='ocrx_word' id='word_1_136' title='bbox 923 927 1019 971; x_wconf 88' lang='lat' dir='ltr'>isque</span> <span class='ocrx_word' id='word_1_137' title='bbox 1038 925 1080 959; x_wconf 86' lang='lat' dir='ltr'>ad</span> <span class='ocrx_word' id='word_1_138' title='bbox 1101 925 1185 959; x_wconf 87' lang='lat' dir='ltr'>alios</span> <span class='ocrx_word' id='word_1_139' title='bbox 1203 927 1292 960; x_wconf 83' lang='lat' dir='ltr'>Deos</span> <span class='ocrx_word' id='word_1_140' title='bbox 1311 926 1506 961; x_wconf 89' lang='lat' dir='ltr'>adorandos</span> <span class='ocrx_word' id='word_1_141' title='bbox 1526 934 1656 973; x_wconf 82' lang='lat' dir='ltr'>pergat.</span> <span class='ocrx_word' id='word_1_142' title='bbox 1678 929 1748 962; x_wconf 82' lang='lat' dir='ltr'>lam</span> <span class='ocrx_word' id='word_1_143' title='bbox 1768 942 1865 965; x_wconf 85' lang='lat' dir='ltr'>man-</span> 
     </span>
     <span class='ocr_line' id='line_1_16' title="bbox 182 982 1865 1030; baseline 0.001 -11"><span class='ocrx_word' id='word_1_144' title='bbox 182 986 251 1019; x_wconf 90' lang='lat' dir='ltr'>dati</span> <span class='ocrx_word' id='word_1_145' title='bbox 279 985 381 1019; x_wconf 89' lang='lat' dir='ltr'>huius</span> <span class='ocrx_word' id='word_1_146' title='bbox 406 986 590 1018; x_wconf 90' lang='lat' dir='ltr'>immemor</span> <span class='ocrx_word' id='word_1_147' title='bbox 610 984 792 1023; x_wconf 87' lang='lat' dir='ltr'>Salomon,</span> <span class='ocrx_word' id='word_1_148' title='bbox 815 983 1084 1029; x_wconf 78' lang='lat' dir='ltr'>alienigenarum</span> <span class='ocrx_word' id='word_1_149' title='bbox 1111 982 1248 1016; x_wconf 82' lang='lat' dir='ltr'>filiabus</span> <span class='ocrx_word' id='word_1_150' title='bbox 1275 994 1391 1018; x_wconf 84' lang='lat' dir='ltr'>amore</span> <span class='ocrx_word' id='word_1_151' title='bbox 1411 984 1592 1030; x_wconf 88' lang='lat' dir='ltr'>copulatus</span> <span class='ocrx_word' id='word_1_152' title='bbox 1611 991 1672 1019; x_wconf 89' lang='lat' dir='ltr'>est.</span> <span class='ocrx_word' id='word_1_153' title='bbox 1702 986 1865 1026; x_wconf 86' lang='lat' dir='ltr'>Quando-</span> 
     </span>
     <span class='ocr_line' id='line_1_17' title="bbox 182 1040 1866 1088; baseline 0.001 -12"><span class='ocrx_word' id='word_1_154' title='bbox 182 1042 324 1088; x_wconf 88' lang='lat' dir='ltr'>quidem</span> <span class='ocrx_word' id='word_1_155' title='bbox 343 1043 463 1088; x_wconf 82' lang='lat' dir='ltr'>igitur,</span> <span class='ocrx_word' id='word_1_156' title='bbox 480 1043 608 1087; x_wconf 62' lang='lat' dir='ltr'>inquit,</span> <span class='ocrx_word' id='word_1_157' title='bbox 626 1041 744 1075; x_wconf 87' lang='lat' dir='ltr'>datum</span> <span class='ocrx_word' id='word_1_158' title='bbox 765 1048 986 1087; x_wconf 84' lang='lat' dir='ltr'>praeceptum</span> <span class='ocrx_word' id='word_1_159' title='bbox 1007 1040 1104 1074; x_wconf 90' lang='lat' dir='ltr'>ssocci</span> <span class='ocrx_word' id='word_1_160' title='bbox 1124 1041 1267 1079; x_wconf 79' lang='lat' dir='ltr'>faciens,</span> <span class='ocrx_word' id='word_1_161' title='bbox 1284 1047 1385 1085; x_wconf 85' lang='lat' dir='ltr'>atque</span> <span class='ocrx_word' id='word_1_162' title='bbox 1404 1041 1446 1074; x_wconf 88' lang='lat' dir='ltr'>ad</span> <span class='ocrx_word' id='word_1_163' title='bbox 1467 1043 1671 1087; x_wconf 85' lang='lat' dir='ltr'>apostasiam</span> <span class='ocrx_word' id='word_1_164' title='bbox 1691 1043 1866 1079; x_wconf 89' lang='lat' dir='ltr'>declinans</span> 
     </span>
     <span class='ocr_line' id='line_1_18' title="bbox 183 1099 1866 1145; baseline 0.001 -11"><span class='ocrx_word' id='word_1_165' title='bbox 183 1100 452 1145; x_wconf 80' lang='lat' dir='ltr'>alienigenarum</span> <span class='ocrx_word' id='word_1_166' title='bbox 472 1099 555 1133; x_wconf 87' lang='lat' dir='ltr'>deos</span> <span class='ocrx_word' id='word_1_167' title='bbox 575 1099 742 1137; x_wconf 86' lang='lat' dir='ltr'>adorasti;</span> <span class='ocrx_word' id='word_1_168' title='bbox 764 1105 796 1133; x_wconf 90' lang='lat' dir='ltr'>et</span> <span class='ocrx_word' id='word_1_169' title='bbox 815 1110 923 1144; x_wconf 89' lang='lat' dir='ltr'>quum</span> <span class='ocrx_word' id='word_1_170' title='bbox 943 1110 1082 1132; x_wconf 91' lang='lat' dir='ltr'>omnem</span> <span class='ocrx_word' id='word_1_171' title='bbox 1103 1104 1295 1132; x_wconf 83' lang='lat' dir='ltr'>creaturam</span> <span class='ocrx_word' id='word_1_172' title='bbox 1314 1099 1417 1131; x_wconf 86' lang='lat' dir='ltr'>scires</span> <span class='ocrx_word' id='word_1_173' title='bbox 1436 1099 1519 1132; x_wconf 83' lang='lat' dir='ltr'>mihi</span> <span class='ocrx_word' id='word_1_174' title='bbox 1544 1111 1616 1133; x_wconf 87' lang='lat' dir='ltr'>esse</span> <span class='ocrx_word' id='word_1_175' title='bbox 1642 1112 1791 1141; x_wconf 68' lang='lat' dir='ltr'>servam,</span> <span class='ocrx_word' id='word_1_176' title='bbox 1815 1103 1866 1135; x_wconf 89' lang='lat' dir='ltr'>ni-</span> 
     </span>
     <span class='ocr_line' id='line_1_19' title="bbox 183 1155 1866 1201; baseline 0.001 -11"><span class='ocrx_word' id='word_1_177' title='bbox 183 1156 256 1190; x_wconf 85' lang='lat' dir='ltr'>hilo</span> <span class='ocrx_word' id='word_1_178' title='bbox 275 1163 389 1190; x_wconf 88' lang='lat' dir='ltr'>tamen</span> <span class='ocrx_word' id='word_1_179' title='bbox 409 1157 522 1190; x_wconf 89' lang='lat' dir='ltr'>minus</span> <span class='ocrx_word' id='word_1_180' title='bbox 541 1168 657 1190; x_wconf 88' lang='lat' dir='ltr'>meum</span> <span class='ocrx_word' id='word_1_181' title='bbox 684 1155 838 1201; x_wconf 84' lang='lat' dir='ltr'>mihique</span> <span class='ocrx_word' id='word_1_182' title='bbox 857 1155 1101 1190; x_wconf 86' lang='lat' dir='ltr'>tantummodo</span> <span class='ocrx_word' id='word_1_183' title='bbox 1127 1161 1374 1201; x_wconf 80' lang='lat' dir='ltr'>congruentem</span> <span class='ocrx_word' id='word_1_184' title='bbox 1392 1155 1561 1189; x_wconf 83' lang='lat' dir='ltr'>honorem</span> <span class='ocrx_word' id='word_1_185' title='bbox 1580 1156 1692 1190; x_wconf 80' lang='lat' dir='ltr'>eidem</span> <span class='ocrx_word' id='word_1_186' title='bbox 1718 1158 1866 1192; x_wconf 86' lang='lat' dir='ltr'>contuli-</span> 
     </span>
     <span class='ocr_line' id='line_1_20' title="bbox 183 1212 1866 1260; baseline 0.002 -13"><span class='ocrx_word' id='word_1_187' title='bbox 183 1215 244 1252; x_wconf 87' lang='lat' dir='ltr'>sti;</span> <span class='ocrx_word' id='word_1_188' title='bbox 267 1225 332 1259; x_wconf 83' lang='lat' dir='ltr'>ego</span> <span class='ocrx_word' id='word_1_189' title='bbox 351 1225 491 1260; x_wconf 89' lang='lat' dir='ltr'>quoque</span> <span class='ocrx_word' id='word_1_190' title='bbox 517 1225 661 1259; x_wconf 85' lang='lat' dir='ltr'>regnum</span> <span class='ocrx_word' id='word_1_191' title='bbox 681 1220 779 1247; x_wconf 90' lang='lat' dir='ltr'>tuum</span> <span class='ocrx_word' id='word_1_192' title='bbox 805 1212 1014 1252; x_wconf 82' lang='lat' dir='ltr'>discindam,</span> <span class='ocrx_word' id='word_1_193' title='bbox 1034 1213 1138 1258; x_wconf 88' lang='lat' dir='ltr'>idque</span> <span class='ocrx_word' id='word_1_194' title='bbox 1163 1224 1264 1247; x_wconf 67' lang='lat' dir='ltr'>servo</span> <span class='ocrx_word' id='word_1_195' title='bbox 1290 1219 1350 1246; x_wconf 90' lang='lat' dir='ltr'>tuo</span> <span class='ocrx_word' id='word_1_196' title='bbox 1378 1213 1527 1252; x_wconf 84' lang='lat' dir='ltr'>tradam;</span> <span class='ocrx_word' id='word_1_197' title='bbox 1549 1220 1585 1247; x_wconf 91' lang='lat' dir='ltr'>ut</span> <span class='ocrx_word' id='word_1_198' title='bbox 1612 1220 1709 1247; x_wconf 90' lang='lat' dir='ltr'>tuum</span> <span class='ocrx_word' id='word_1_199' title='bbox 1737 1215 1866 1250; x_wconf 86' lang='lat' dir='ltr'>facinus</span> 
     </span>
     <span class='ocr_line' id='line_1_21' title="bbox 183 1270 1866 1318; baseline 0.001 -12"><span class='ocrx_word' id='word_1_200' title='bbox 183 1284 224 1306; x_wconf 81' lang='lat' dir='ltr'>ex</span> <span class='ocrx_word' id='word_1_201' title='bbox 243 1272 296 1305; x_wconf 90' lang='lat' dir='ltr'>his</span> <span class='ocrx_word' id='word_1_202' title='bbox 315 1283 402 1317; x_wconf 87' lang='lat' dir='ltr'>quae</span> <span class='ocrx_word' id='word_1_203' title='bbox 422 1272 599 1306; x_wconf 51' lang='lat' dir='ltr'>ex&#39;enerint</span> <span class='ocrx_word' id='word_1_204' title='bbox 626 1282 801 1316; x_wconf 77' lang='lat' dir='ltr'>agnoscas.</span> <span class='ocrx_word' id='word_1_205' title='bbox 830 1291 853 1297; x_wconf 93' lang='lat'>-</span> <span class='ocrx_word' id='word_1_206' title='bbox 879 1272 995 1305; x_wconf 82' lang='lat' dir='ltr'>Victus</span> <span class='ocrx_word' id='word_1_207' title='bbox 1015 1282 1132 1305; x_wconf 87' lang='lat' dir='ltr'>amore</span> <span class='ocrx_word' id='word_1_208' title='bbox 1158 1270 1362 1308; x_wconf 82' lang='lat' dir='ltr'>mulierum.</span> <span class='ocrx_word' id='word_1_209' title='bbox 1386 1282 1596 1316; x_wconf 81' lang='lat' dir='ltr'>quamquam</span> <span class='ocrx_word' id='word_1_210' title='bbox 1622 1271 1707 1306; x_wconf 87' lang='lat' dir='ltr'>adeo</span> <span class='ocrx_word' id='word_1_211' title='bbox 1732 1274 1866 1318; x_wconf 87' lang='lat' dir='ltr'>sapiens</span> 
     </span>
     <span class='ocr_line' id='line_1_22' title="bbox 183 1328 1863 1375; baseline 0.002 -13"><span class='ocrx_word' id='word_1_212' title='bbox 183 1329 363 1366; x_wconf 80' lang='lat' dir='ltr'>Salomon,</span> <span class='ocrx_word' id='word_1_213' title='bbox 384 1329 427 1363; x_wconf 79' lang='lat' dir='ltr'>ad</span> <span class='ocrx_word' id='word_1_214' title='bbox 454 1329 618 1362; x_wconf 87' lang='lat' dir='ltr'>immanes</span> <span class='ocrx_word' id='word_1_215' title='bbox 644 1339 746 1362; x_wconf 86' lang='lat' dir='ltr'>ausus</span> <span class='ocrx_word' id='word_1_216' title='bbox 773 1334 809 1362; x_wconf 93' lang='lat' dir='ltr'>ut</span> <span class='ocrx_word' id='word_1_217' title='bbox 834 1329 880 1362; x_wconf 86' lang='lat' dir='ltr'>ita</span> <span class='ocrx_word' id='word_1_218' title='bbox 906 1328 1018 1362; x_wconf 83' lang='lat' dir='ltr'>dicam</span> <span class='ocrx_word' id='word_1_219' title='bbox 1044 1329 1223 1374; x_wconf 84' lang='lat' dir='ltr'>prorupit,</span> <span class='ocrx_word' id='word_1_220' title='bbox 1248 1339 1371 1374; x_wconf 86' lang='lat' dir='ltr'>nempe</span> <span class='ocrx_word' id='word_1_221' title='bbox 1390 1334 1426 1362; x_wconf 87' lang='lat' dir='ltr'>ut</span> <span class='ocrx_word' id='word_1_222' title='bbox 1446 1340 1590 1375; x_wconf 88' lang='lat' dir='ltr'>regnum</span> <span class='ocrx_word' id='word_1_223' title='bbox 1607 1329 1667 1363; x_wconf 86' lang='lat' dir='ltr'>Dei</span> <span class='ocrx_word' id='word_1_224' title='bbox 1690 1329 1863 1369; x_wconf 73' lang='lat' dir='ltr'>diviserit.</span> 
     </span>
     <span class='ocr_line' id='line_1_23' title="bbox 184 1385 1865 1431; baseline 0.001 -12"><span class='ocrx_word' id='word_1_225' title='bbox 184 1386 287 1419; x_wconf 88' lang='lat' dir='ltr'>idolis</span> <span class='ocrx_word' id='word_1_226' title='bbox 306 1385 460 1419; x_wconf 89' lang='lat' dir='ltr'>tribuens</span> <span class='ocrx_word' id='word_1_227' title='bbox 479 1385 610 1420; x_wconf 88' lang='lat' dir='ltr'>cultum</span> <span class='ocrx_word' id='word_1_228' title='bbox 627 1385 868 1430; x_wconf 83' lang='lat' dir='ltr'>honoremque</span> <span class='ocrx_word' id='word_1_229' title='bbox 886 1385 959 1418; x_wconf 89' lang='lat' dir='ltr'>Deo</span> <span class='ocrx_word' id='word_1_230' title='bbox 982 1386 1081 1419; x_wconf 85' lang='lat' dir='ltr'>unice</span> <span class='ocrx_word' id='word_1_231' title='bbox 1100 1385 1267 1419; x_wconf 87' lang='lat' dir='ltr'>debitum.</span> <span class='ocrx_word' id='word_1_232' title='bbox 1298 1386 1375 1419; x_wconf 92' lang='lat' dir='ltr'>Iure</span> <span class='ocrx_word' id='word_1_233' title='bbox 1392 1386 1497 1431; x_wconf 87' lang='lat' dir='ltr'>igitur</span> <span class='ocrx_word' id='word_1_234' title='bbox 1520 1387 1711 1431; x_wconf 89' lang='lat' dir='ltr'>meritoque</span> <span class='ocrx_word' id='word_1_235' title='bbox 1737 1386 1865 1422; x_wconf 79' lang='lat' dir='ltr'>divisu—</span> 
     </span>
     <span class='ocr_line' id='line_1_24' title="bbox 183 1440 1866 1489; baseline 0.001 -12"><span class='ocrx_word' id='word_1_236' title='bbox 183 1455 262 1477; x_wconf 87' lang='lat' dir='ltr'>rum</span> <span class='ocrx_word' id='word_1_237' title='bbox 281 1455 316 1477; x_wconf 85' lang='lat' dir='ltr'>se</span> <span class='ocrx_word' id='word_1_238' title='bbox 335 1454 480 1488; x_wconf 86' lang='lat' dir='ltr'>regnum</span> <span class='ocrx_word' id='word_1_239' title='bbox 498 1442 591 1475; x_wconf 91' lang='lat' dir='ltr'>illius</span> <span class='ocrx_word' id='word_1_240' title='bbox 610 1443 700 1475; x_wconf 91' lang='lat' dir='ltr'>Deus</span> <span class='ocrx_word' id='word_1_241' title='bbox 719 1440 1013 1480; x_wconf 80' lang='lat' dir='ltr'>comminabatur,</span> <span class='ocrx_word' id='word_1_242' title='bbox 1032 1443 1105 1488; x_wconf 86' lang='lat' dir='ltr'>pari</span> <span class='ocrx_word' id='word_1_243' title='bbox 1125 1443 1257 1476; x_wconf 88' lang='lat' dir='ltr'>ratione</span> <span class='ocrx_word' id='word_1_244' title='bbox 1276 1454 1354 1476; x_wconf 90' lang='lat' dir='ltr'>eum</span> <span class='ocrx_word' id='word_1_245' title='bbox 1374 1444 1545 1482; x_wconf 75' lang='lat' dir='ltr'>crucians,</span> <span class='ocrx_word' id='word_1_246' title='bbox 1561 1444 1658 1477; x_wconf 88' lang='lat' dir='ltr'>sicuti</span> <span class='ocrx_word' id='word_1_247' title='bbox 1677 1443 1769 1489; x_wconf 91' lang='lat' dir='ltr'>apud</span> <span class='ocrx_word' id='word_1_248' title='bbox 1788 1445 1866 1479; x_wconf 90' lang='lat' dir='ltr'>Eze-</span> 
     </span>
     <span class='ocr_line' id='line_1_25' title="bbox 183 1498 1860 1546; baseline 0.001 -12"><span class='ocrx_word' id='word_1_249' title='bbox 183 1500 329 1534; x_wconf 86' lang='lat' dir='ltr'>chielem</span> <span class='ocrx_word' id='word_1_250' title='bbox 342 1499 521 1533; x_wconf 86' lang='lat' dir='ltr'>scribitur:</span> <span class='ocrx_word' id='word_1_251' title='bbox 538 1499 621 1532; x_wconf 88' lang='lat' dir='ltr'>sicut</span> <span class='ocrx_word' id='word_1_252' title='bbox 638 1498 764 1538; x_wconf 86' lang='lat' dir='ltr'>fecisti,</span> <span class='ocrx_word' id='word_1_253' title='bbox 781 1498 826 1533; x_wconf 89' lang='lat' dir='ltr'>ita</span> <span class='ocrx_word' id='word_1_254' title='bbox 842 1498 904 1532; x_wconf 90' lang='lat' dir='ltr'>tibi</span> <span class='ocrx_word' id='word_1_255' title='bbox 920 1500 1071 1538; x_wconf 58' lang='lat' dir='ltr'>exeniet3</span> <span class='ocrx_word' id='word_1_256' title='bbox 1087 1498 1269 1533; x_wconf 87' lang='lat' dir='ltr'>retributio</span> <span class='ocrx_word' id='word_1_257' title='bbox 1284 1505 1340 1534; x_wconf 89' lang='lat' dir='ltr'>tua</span> <span class='ocrx_word' id='word_1_258' title='bbox 1356 1501 1390 1533; x_wconf 91' lang='lat' dir='ltr'>in</span> <span class='ocrx_word' id='word_1_259' title='bbox 1405 1506 1506 1546; x_wconf 84' lang='lat' dir='ltr'>caput</span> <span class='ocrx_word' id='word_1_260' title='bbox 1525 1507 1622 1535; x_wconf 88' lang='lat' dir='ltr'>tuum</span> <span class='ocrx_word' id='word_1_261' title='bbox 1641 1500 1860 1536; x_wconf 85' lang='lat' dir='ltr'>retribuetur.</span> 
     </span>
    </p>

    <p class='ocr_par' dir='ltr' id='par_1_7' title="bbox 488 1564 1562 1594">
     <span class='ocr_line' id='line_1_26' title="bbox 488 1564 1562 1594; baseline 0.001 -7"><span class='ocrx_word' id='word_1_262' title='bbox 488 1564 528 1587; x_wconf 71' lang='lat'>132</span> <span class='ocrx_word' id='word_1_263' title='bbox 545 1564 720 1594; x_wconf 73' lang='lat' dir='ltr'>excogitato</span> <span class='ocrx_word' id='word_1_264' title='bbox 736 1564 867 1587; x_wconf 75' lang='lat' dir='ltr'>consilio</span> <span class='ocrx_word' id='word_1_265' title='bbox 883 1565 965 1587; x_wconf 77' lang='lat' dir='ltr'>abiit</span> <span class='ocrx_word' id='word_1_266' title='bbox 982 1571 1051 1592; x_wconf 77' lang='lat' dir='ltr'>rex,</span> <span class='ocrx_word' id='word_1_267' title='bbox 1067 1565 1206 1592; x_wconf 79' lang='lat' dir='ltr'>duasque</span> <span class='ocrx_word' id='word_1_268' title='bbox 1222 1565 1391 1588; x_wconf 73' lang='lat' dir='ltr'>fabricavit</span> <span class='ocrx_word' id='word_1_269' title='bbox 1409 1567 1562 1589; x_wconf 73' lang='lat' dir='ltr'>iuveneas.</span> 
     </span>
    </p>

    <p class='ocr_par' dir='ltr' id='par_1_8' title="bbox 180 1613 1867 1948">
     <span class='ocr_line' id='line_1_27' title="bbox 278 1613 1867 1661; baseline 0.002 -14"><span class='ocrx_word' id='word_1_270' title='bbox 278 1614 426 1647; x_wconf 62' lang='lat' dir='ltr'>(lx-mm.</span> <span class='ocrx_word' id='word_1_271' title='bbox 455 1613 562 1648; x_wconf 86' lang='lat' dir='ltr'>Causa</span> <span class='ocrx_word' id='word_1_272' title='bbox 585 1615 703 1648; x_wconf 84' lang='lat' dir='ltr'>ruinae</span> <span class='ocrx_word' id='word_1_273' title='bbox 723 1613 787 1647; x_wconf 88' lang='lat' dir='ltr'>fuit</span> <span class='ocrx_word' id='word_1_274' title='bbox 804 1613 991 1648; x_wconf 88' lang='lat' dir='ltr'>Israhelitis</span> <span class='ocrx_word' id='word_1_275' title='bbox 1011 1614 1282 1653; x_wconf 87' lang='lat' dir='ltr'>Hieroboamus‚</span> <span class='ocrx_word' id='word_1_276' title='bbox 1305 1615 1431 1649; x_wconf 88' lang='lat' dir='ltr'>docens</span> <span class='ocrx_word' id='word_1_277' title='bbox 1450 1627 1507 1650; x_wconf 89' lang='lat' dir='ltr'>eos</span> <span class='ocrx_word' id='word_1_278' title='bbox 1526 1622 1730 1661; x_wconf 88' lang='lat' dir='ltr'>praeoptare</span> <span class='ocrx_word' id='word_1_279' title='bbox 1755 1616 1867 1650; x_wconf 91' lang='lat' dir='ltr'>homi-</span> 
     </span>
     <span class='ocr_line' id='line_1_28' title="bbox 182 1671 1866 1719; baseline 0.002 -16"><span class='ocrx_word' id='word_1_280' title='bbox 182 1681 266 1704; x_wconf 91' lang='lat' dir='ltr'>num</span> <span class='ocrx_word' id='word_1_281' title='bbox 291 1671 499 1716; x_wconf 84' lang='lat' dir='ltr'>imperium,</span> <span class='ocrx_word' id='word_1_282' title='bbox 521 1677 623 1716; x_wconf 87' lang='lat' dir='ltr'>atque</span> <span class='ocrx_word' id='word_1_283' title='bbox 643 1682 661 1704; x_wconf 91' lang='lat' dir='ltr'>a</span> <span class='ocrx_word' id='word_1_284' title='bbox 680 1671 741 1704; x_wconf 90' lang='lat' dir='ltr'>Dei</span> <span class='ocrx_word' id='word_1_285' title='bbox 761 1682 869 1716; x_wconf 88' lang='lat' dir='ltr'>regno</span> <span class='ocrx_word' id='word_1_286' title='bbox 896 1683 957 1717; x_wconf 90' lang='lat' dir='ltr'>per</span> <span class='ocrx_word' id='word_1_287' title='bbox 983 1671 1171 1717; x_wconf 89' lang='lat' dir='ltr'>prophetas</span> <span class='ocrx_word' id='word_1_288' title='bbox 1197 1672 1435 1706; x_wconf 86' lang='lat' dir='ltr'>administrato</span> <span class='ocrx_word' id='word_1_289' title='bbox 1461 1673 1634 1707; x_wconf 81' lang='lat' dir='ltr'>recedere.</span> <span class='ocrx_word' id='word_1_290' title='bbox 1662 1674 1731 1711; x_wconf 90' lang='lat' dir='ltr'>En,</span> <span class='ocrx_word' id='word_1_291' title='bbox 1756 1674 1866 1719; x_wconf 84' lang='lat' dir='ltr'>inquit</span> 
     </span>
     <span class='ocr_line' id='line_1_29' title="bbox 181 1727 1866 1776; baseline 0.002 -15"><span class='ocrx_word' id='word_1_292' title='bbox 181 1728 291 1766; x_wconf 87' lang='lat' dir='ltr'>Deus,</span> <span class='ocrx_word' id='word_1_293' title='bbox 315 1727 569 1762; x_wconf 88' lang='lat' dir='ltr'>Hieroboamus</span> <span class='ocrx_word' id='word_1_294' title='bbox 595 1739 650 1761; x_wconf 90' lang='lat' dir='ltr'>me</span> <span class='ocrx_word' id='word_1_295' title='bbox 676 1728 858 1762; x_wconf 87' lang='lat' dir='ltr'>dominum</span> <span class='ocrx_word' id='word_1_296' title='bbox 883 1728 1027 1762; x_wconf 62' lang='lat' dir='ltr'>irritavit</span> <span class='ocrx_word' id='word_1_297' title='bbox 1054 1729 1276 1763; x_wconf 69' lang='lat' dir='ltr'>iuvencarum</span> <span class='ocrx_word' id='word_1_298' title='bbox 1302 1741 1391 1763; x_wconf 60' lang='lat' dir='ltr'>nox-a</span> <span class='ocrx_word' id='word_1_299' title='bbox 1418 1736 1608 1767; x_wconf 81' lang='lat' dir='ltr'>structura,</span> <span class='ocrx_word' id='word_1_300' title='bbox 1631 1729 1794 1776; x_wconf 86' lang='lat' dir='ltr'>cultuque</span> <span class='ocrx_word' id='word_1_301' title='bbox 1813 1731 1866 1765; x_wconf 86' lang='lat' dir='ltr'>his</span> 
     </span>
     <span class='ocr_line' id='line_1_30' title="bbox 182 1784 1865 1833; baseline 0.002 -15"><span class='ocrx_word' id='word_1_302' title='bbox 182 1784 351 1819; x_wconf 82' lang='lat' dir='ltr'>adhibito.</span> <span class='ocrx_word' id='word_1_303' title='bbox 380 1786 420 1818; x_wconf 89' lang='lat' dir='ltr'>Et</span> <span class='ocrx_word' id='word_1_304' title='bbox 447 1797 578 1819; x_wconf 87' lang='lat' dir='ltr'>rursus.</span> <span class='ocrx_word' id='word_1_305' title='bbox 606 1786 817 1830; x_wconf 71' lang='lat' dir='ltr'>Excogitaw‘t</span> <span class='ocrx_word' id='word_1_306' title='bbox 839 1785 882 1819; x_wconf 87' lang='lat' dir='ltr'>ab</span> <span class='ocrx_word' id='word_1_307' title='bbox 902 1787 999 1820; x_wconf 92' lang='lat' dir='ltr'>initio</span> <span class='ocrx_word' id='word_1_308' title='bbox 1022 1785 1275 1821; x_wconf 86' lang='lat' dir='ltr'>Hieroboamus</span> <span class='ocrx_word' id='word_1_309' title='bbox 1301 1788 1476 1825; x_wconf 81' lang='lat' dir='ltr'>iuvencas,</span> <span class='ocrx_word' id='word_1_310' title='bbox 1496 1787 1603 1832; x_wconf 86' lang='lat' dir='ltr'>iisque</span> <span class='ocrx_word' id='word_1_311' title='bbox 1629 1787 1773 1833; x_wconf 83' lang='lat' dir='ltr'>legalem</span> <span class='ocrx_word' id='word_1_312' title='bbox 1793 1788 1865 1822; x_wconf 86' lang='lat' dir='ltr'>cul-</span> 
     </span>
     <span class='ocr_line' id='line_1_31' title="bbox 181 1841 1864 1890; baseline 0.003 -15"><span class='ocrx_word' id='word_1_313' title='bbox 181 1849 254 1876; x_wconf 91' lang='lat' dir='ltr'>tum</span> <span class='ocrx_word' id='word_1_314' title='bbox 275 1841 430 1876; x_wconf 78' lang='lat' dir='ltr'>exhiberi</span> <span class='ocrx_word' id='word_1_315' title='bbox 450 1843 643 1881; x_wconf 78' lang='lat' dir='ltr'>mandavit.</span> <span class='ocrx_word' id='word_1_316' title='bbox 665 1844 925 1877; x_wconf 75' lang='lat' dir='ltr'>convenientem</span> <span class='ocrx_word' id='word_1_317' title='bbox 945 1845 1017 1878; x_wconf 88' lang='lat' dir='ltr'>Deo</span> <span class='ocrx_word' id='word_1_318' title='bbox 1036 1843 1183 1890; x_wconf 84' lang='lat' dir='ltr'>gloriam</span> <span class='ocrx_word' id='word_1_319' title='bbox 1209 1845 1356 1878; x_wconf 89' lang='lat' dir='ltr'>inventis</span> <span class='ocrx_word' id='word_1_320' title='bbox 1374 1846 1441 1878; x_wconf 88' lang='lat' dir='ltr'>suis</span> <span class='ocrx_word' id='word_1_321' title='bbox 1459 1845 1562 1878; x_wconf 90' lang='lat' dir='ltr'>miser</span> <span class='ocrx_word' id='word_1_322' title='bbox 1588 1845 1794 1880; x_wconf 89' lang='lat' dir='ltr'>attribuens:</span> <span class='ocrx_word' id='word_1_323' title='bbox 1817 1853 1864 1880; x_wconf 89' lang='lat' dir='ltr'>at-</span> 
     </span>
     <span class='ocr_line' id='line_1_32' title="bbox 180 1899 1552 1948; baseline 0.002 -15"><span class='ocrx_word' id='word_1_324' title='bbox 180 1911 249 1944; x_wconf 85' lang='lat' dir='ltr'>que</span> <span class='ocrx_word' id='word_1_325' title='bbox 277 1906 313 1933; x_wconf 87' lang='lat' dir='ltr'>ut</span> <span class='ocrx_word' id='word_1_326' title='bbox 337 1906 451 1933; x_wconf 85' lang='lat' dir='ltr'>tutum</span> <span class='ocrx_word' id='word_1_327' title='bbox 477 1899 541 1933; x_wconf 93' lang='lat' dir='ltr'>sibi</span> <span class='ocrx_word' id='word_1_328' title='bbox 568 1899 710 1934; x_wconf 87' lang='lat' dir='ltr'>haberet</span> <span class='ocrx_word' id='word_1_329' title='bbox 736 1912 898 1946; x_wconf 83' lang='lat' dir='ltr'>regnum,</span> <span class='ocrx_word' id='word_1_330' title='bbox 920 1913 957 1934; x_wconf 88' lang='lat' dir='ltr'>re</span> <span class='ocrx_word' id='word_1_331' title='bbox 983 1913 1043 1935; x_wconf 90' lang='lat' dir='ltr'>sna</span> <span class='ocrx_word' id='word_1_332' title='bbox 1069 1902 1176 1936; x_wconf 76' lang='lat' dir='ltr'>veluti</span> <span class='ocrx_word' id='word_1_333' title='bbox 1202 1903 1311 1936; x_wconf 88' lang='lat' dir='ltr'>Deum</span> <span class='ocrx_word' id='word_1_334' title='bbox 1337 1902 1552 1948; x_wconf 69' lang='lat' dir='ltr'>exspoliavit.</span> 
     </span>
    </p>

    <p class='ocr_par' dir='ltr' id='par_1_9' title="bbox 815 1965 1237 1990">
     <span class='ocr_line' id='line_1_33' title="bbox 815 1965 1237 1990; baseline 0.002 -1"><span class='ocrx_word' id='word_1_335' title='bbox 815 1965 918 1989; x_wconf 63' lang='lat' dir='ltr'>Yinea</span> <span class='ocrx_word' id='word_1_336' title='bbox 934 1972 999 1989; x_wconf 81' lang='lat' dir='ltr'>uua</span> <span class='ocrx_word' id='word_1_337' title='bbox 1016 1968 1085 1990; x_wconf 77' lang='lat' dir='ltr'>erat</span> <span class='ocrx_word' id='word_1_338' title='bbox 1102 1966 1237 1990; x_wconf 69' lang='lat' dir='ltr'>Naboth-</span> 
     </span>
    </p>

    <p class='ocr_par' dir='ltr' id='par_1_10' title="bbox 178 2014 1864 2402">
     <span class='ocr_line' id='line_1_34' title="bbox 277 2014 1862 2063; baseline 0.003 -16"><span class='ocrx_word' id='word_1_339' title='bbox 277 2014 426 2048; x_wconf 64' lang='lat' dir='ltr'>Cvmru.</span> <span class='ocrx_word' id='word_1_340' title='bbox 448 2014 491 2048; x_wconf 68' lang='lat' dir='ltr'>L&#39;t</span> <span class='ocrx_word' id='word_1_341' title='bbox 508 2015 644 2048; x_wconf 68' lang='lat' dir='ltr'>vineam</span> <span class='ocrx_word' id='word_1_342' title='bbox 662 2015 893 2061; x_wconf 83' lang='lat' dir='ltr'>intelligamus</span> <span class='ocrx_word' id='word_1_343' title='bbox 910 2015 1113 2053; x_wconf 74' lang='lat' dir='ltr'>Israhelem.</span> <span class='ocrx_word' id='word_1_344' title='bbox 1132 2017 1231 2050; x_wconf 87' lang='lat' dir='ltr'>Isaias</span> <span class='ocrx_word' id='word_1_345' title='bbox 1252 2017 1343 2062; x_wconf 80' lang='lat' dir='ltr'>(cap.</span> <span class='ocrx_word' id='word_1_346' title='bbox 1359 2018 1418 2062; x_wconf 90' lang='lat' dir='ltr'>V.)</span> <span class='ocrx_word' id='word_1_347' title='bbox 1438 2016 1539 2051; x_wconf 88' lang='lat' dir='ltr'>nobis</span> <span class='ocrx_word' id='word_1_348' title='bbox 1556 2018 1718 2063; x_wconf 83' lang='lat' dir='ltr'>suggerit.</span> <span class='ocrx_word' id='word_1_349' title='bbox 1735 2018 1862 2051; x_wconf 88' lang='lat' dir='ltr'>Verum</span> 
     </span>
     <span class='ocr_line' id='line_1_35' title="bbox 181 2070 1863 2119; baseline 0.002 -15"><span class='ocrx_word' id='word_1_350' title='bbox 181 2070 303 2116; x_wconf 91' lang='lat' dir='ltr'>populi</span> <span class='ocrx_word' id='word_1_351' title='bbox 324 2072 513 2116; x_wconf 75' lang='lat' dir='ltr'>principes,</span> <span class='ocrx_word' id='word_1_352' title='bbox 535 2083 685 2117; x_wconf 90' lang='lat' dir='ltr'>quorum</span> <span class='ocrx_word' id='word_1_353' title='bbox 706 2079 827 2118; x_wconf 64' lang='lat' dir='ltr'>typum</span> <span class='ocrx_word' id='word_1_354' title='bbox 846 2073 931 2117; x_wconf 85' lang='lat' dir='ltr'>gerit</span> <span class='ocrx_word' id='word_1_355' title='bbox 951 2072 1150 2111; x_wconf 84' lang='lat' dir='ltr'>Achaabns,</span> <span class='ocrx_word' id='word_1_356' title='bbox 1172 2080 1377 2119; x_wconf 74' lang='lat' dir='ltr'>optaverunt</span> <span class='ocrx_word' id='word_1_357' title='bbox 1397 2086 1471 2108; x_wconf 88' lang='lat' dir='ltr'>eam</span> <span class='ocrx_word' id='word_1_358' title='bbox 1489 2073 1663 2113; x_wconf 86' lang='lat' dir='ltr'>obtincre;</span> <span class='ocrx_word' id='word_1_359' title='bbox 1684 2086 1793 2119; x_wconf 89' lang='lat' dir='ltr'>neque</span> <span class='ocrx_word' id='word_1_360' title='bbox 1814 2080 1863 2108; x_wconf 83' lang='lat' dir='ltr'>ta—</span> 
     </span>
     <span class='ocr_line' id='line_1_36' title="bbox 182 2128 1863 2175; baseline 0.003 -15"><span class='ocrx_word' id='word_1_361' title='bbox 182 2138 262 2161; x_wconf 90' lang='lat' dir='ltr'>men</span> <span class='ocrx_word' id='word_1_362' title='bbox 288 2135 531 2173; x_wconf 85' lang='lat' dir='ltr'>persuaserunt</span> <span class='ocrx_word' id='word_1_363' title='bbox 557 2128 700 2163; x_wconf 90' lang='lat' dir='ltr'>domino</span> <span class='ocrx_word' id='word_1_364' title='bbox 727 2135 763 2162; x_wconf 86' lang='lat' dir='ltr'>ut</span> <span class='ocrx_word' id='word_1_365' title='bbox 789 2130 888 2163; x_wconf 62' lang='lat' dir='ltr'>vinea</span> <span class='ocrx_word' id='word_1_366' title='bbox 915 2130 1021 2175; x_wconf 90' lang='lat' dir='ltr'>patris</span> <span class='ocrx_word' id='word_1_367' title='bbox 1047 2130 1152 2163; x_wconf 90' lang='lat' dir='ltr'>electa</span> <span class='ocrx_word' id='word_1_368' title='bbox 1179 2129 1243 2164; x_wconf 90' lang='lat' dir='ltr'>sibi</span> <span class='ocrx_word' id='word_1_369' title='bbox 1270 2131 1483 2169; x_wconf 78' lang='lat' dir='ltr'>traderetur,</span> <span class='ocrx_word' id='word_1_370' title='bbox 1505 2137 1542 2165; x_wconf 87' lang='lat' dir='ltr'>ut</span> <span class='ocrx_word' id='word_1_371' title='bbox 1563 2143 1638 2165; x_wconf 88' lang='lat' dir='ltr'>eam</span> <span class='ocrx_word' id='word_1_372' title='bbox 1663 2132 1697 2165; x_wconf 93' lang='lat' dir='ltr'>in</span> <span class='ocrx_word' id='word_1_373' title='bbox 1723 2131 1863 2165; x_wconf 89' lang='lat' dir='ltr'>hortum</span> 
     </span>
     <span class='ocr_line' id='line_1_37' title="bbox 182 2183 1864 2233; baseline 0.003 -16"><span class='ocrx_word' id='word_1_374' title='bbox 182 2183 380 2219; x_wconf 87' lang='lat' dir='ltr'>herbarium</span> <span class='ocrx_word' id='word_1_375' title='bbox 406 2192 664 2225; x_wconf 81' lang='lat' dir='ltr'>converterent,</span> <span class='ocrx_word' id='word_1_376' title='bbox 684 2186 848 2220; x_wconf 86' lang='lat' dir='ltr'>docentes</span> <span class='ocrx_word' id='word_1_377' title='bbox 868 2193 1046 2232; x_wconf 86' lang='lat' dir='ltr'>praecepta</span> <span class='ocrx_word' id='word_1_378' title='bbox 1068 2187 1265 2224; x_wconf 84' lang='lat' dir='ltr'>hominum.</span> <span class='ocrx_word' id='word_1_379' title='bbox 1287 2199 1436 2233; x_wconf 86' lang='lat' dir='ltr'>eumque.</span> <span class='ocrx_word' id='word_1_380' title='bbox 1454 2187 1623 2222; x_wconf 88' lang='lat' dir='ltr'>lutulenta</span> <span class='ocrx_word' id='word_1_381' title='bbox 1643 2187 1864 2222; x_wconf 73' lang='lat' dir='ltr'>subversione</span> 
     </span>
     <span class='ocr_line' id='line_1_38' title="bbox 178 2241 1862 2291; baseline 0.003 -17"><span class='ocrx_word' id='word_1_382' title='bbox 178 2241 342 2287; x_wconf 76' lang='lat' dir='ltr'>rigantes.</span> <span class='ocrx_word' id='word_1_383' title='bbox 361 2243 492 2277; x_wconf 87' lang='lat' dir='ltr'>Deinde</span> <span class='ocrx_word' id='word_1_384' title='bbox 511 2255 593 2277; x_wconf 73' lang='lat' dir='ltr'>vero</span> <span class='ocrx_word' id='word_1_385' title='bbox 610 2243 694 2289; x_wconf 88' lang='lat' dir='ltr'>quid</span> <span class='ocrx_word' id='word_1_386' title='bbox 712 2244 781 2289; x_wconf 87' lang='lat' dir='ltr'>egit</span> <span class='ocrx_word' id='word_1_387' title='bbox 798 2244 904 2277; x_wconf 73' lang='lat' dir='ltr'>invisa</span> <span class='ocrx_word' id='word_1_388' title='bbox 924 2245 995 2277; x_wconf 85' lang='lat' dir='ltr'>Deo</span> <span class='ocrx_word' id='word_1_389' title='bbox 1015 2243 1141 2277; x_wconf 81' lang='lat' dir='ltr'>lezabel</span> <span class='ocrx_word' id='word_1_390' title='bbox 1154 2270 1161 2282; x_wconf 88' lang='lat'><em>,</em></span> <span class='ocrx_word' id='word_1_391' title='bbox 1181 2244 1217 2277; x_wconf 83' lang='lat' dir='ltr'>id</span> <span class='ocrx_word' id='word_1_392' title='bbox 1235 2251 1284 2278; x_wconf 85' lang='lat' dir='ltr'>est</span> <span class='ocrx_word' id='word_1_393' title='bbox 1304 2245 1509 2279; x_wconf 84' lang='lat' dir='ltr'>Iudaeorum</span> <span class='ocrx_word' id='word_1_394' title='bbox 1527 2257 1716 2291; x_wconf 65' lang='lat' dir='ltr'>synagoga,</span> <span class='ocrx_word' id='word_1_395' title='bbox 1736 2245 1862 2279; x_wconf 89' lang='lat' dir='ltr'>ducum</span> 
     </span>
     <span class='ocr_line' id='line_1_39' title="bbox 181 2300 1863 2349; baseline 0.003 -18"><span class='ocrx_word' id='word_1_396' title='bbox 181 2310 324 2332; x_wconf 87' lang='lat' dir='ltr'>suorum</span> <span class='ocrx_word' id='word_1_397' title='bbox 350 2307 464 2334; x_wconf 89' lang='lat' dir='ltr'>secuta</span> <span class='ocrx_word' id='word_1_398' title='bbox 490 2301 706 2334; x_wconf 82' lang='lat' dir='ltr'>simultates?</span> <span class='ocrx_word' id='word_1_399' title='bbox 734 2300 822 2334; x_wconf 91' lang='lat' dir='ltr'>Dolo</span> <span class='ocrx_word' id='word_1_400' title='bbox 848 2301 1071 2335; x_wconf 77' lang='lat' dir='ltr'>circumvenit</span> <span class='ocrx_word' id='word_1_401' title='bbox 1096 2302 1223 2335; x_wconf 88' lang='lat' dir='ltr'>iustum</span> <span class='ocrx_word' id='word_1_402' title='bbox 1242 2301 1398 2341; x_wconf 78' lang='lat' dir='ltr'>Naboth.</span> <span class='ocrx_word' id='word_1_403' title='bbox 1419 2302 1514 2347; x_wconf 87' lang='lat' dir='ltr'>quod</span> <span class='ocrx_word' id='word_1_404' title='bbox 1541 2303 1786 2349; x_wconf 85' lang='lat' dir='ltr'>interpretatur</span> <span class='ocrx_word' id='word_1_405' title='bbox 1804 2313 1863 2335; x_wconf 67' lang='lat' dir='ltr'>ve-</span> 
     </span>
     <span class='ocr_line' id='line_1_40' title="bbox 182 2357 1219 2402; baseline 0.003 -13"><span class='ocrx_word' id='word_1_406' title='bbox 182 2357 277 2390; x_wconf 90' lang='lat' dir='ltr'>niens</span> <span class='ocrx_word' id='word_1_407' title='bbox 304 2358 362 2402; x_wconf 70' lang='lat'>(2).</span> <span class='ocrx_word' id='word_1_408' title='bbox 391 2359 566 2392; x_wconf 78' lang='lat' dir='ltr'>Extinctus</span> <span class='ocrx_word' id='word_1_409' title='bbox 591 2359 683 2392; x_wconf 87' lang='lat' dir='ltr'>enim</span> <span class='ocrx_word' id='word_1_410' title='bbox 710 2358 890 2392; x_wconf 87' lang='lat' dir='ltr'>calumniis</span> <span class='ocrx_word' id='word_1_411' title='bbox 916 2358 979 2392; x_wconf 90' lang='lat' dir='ltr'>fuit</span> <span class='ocrx_word' id='word_1_412' title='bbox 1004 2358 1219 2393; x_wconf 88' lang='lat' dir='ltr'>Emmanuel.</span> 
     </span>
    </p>
   </div>
   <div class='ocr_carea' id='block_1_5' title="bbox 756 2424 1289 2448">
    <p class='ocr_par' dir='ltr' id='par_1_11' title="bbox 756 2424 1289 2448">
     <span class='ocr_line' id='line_1_41' title="bbox 756 2424 1289 2448; baseline 0 -1"><span class='ocrx_word' id='word_1_413' title='bbox 756 2424 840 2447; x_wconf 77' lang='lat' dir='ltr'>neus</span> <span class='ocrx_word' id='word_1_414' title='bbox 855 2425 1009 2448; x_wconf 77' lang='lat' dir='ltr'>montium</span> <span class='ocrx_word' id='word_1_415' title='bbox 1026 2424 1109 2447; x_wconf 77' lang='lat' dir='ltr'>nens</span> <span class='ocrx_word' id='word_1_416' title='bbox 1127 2424 1289 2448; x_wconf 72' lang='lat' dir='ltr'>lsmhelis.</span> 
     </span>
    </p>
   </div>
   <div class='ocr_carea' id='block_1_6' title="bbox 276 2472 1863 2521">
    <p class='ocr_par' dir='ltr' id='par_1_12' title="bbox 276 2472 1863 2521">
     <span class='ocr_line' id='line_1_42' title="bbox 276 2472 1863 2521; baseline 0.001 -15"><span class='ocrx_word' id='word_1_417' title='bbox 276 2472 425 2507; x_wconf 62' lang='lat' dir='ltr'>Cynum.</span> <span class='ocrx_word' id='word_1_418' title='bbox 455 2473 624 2508; x_wconf 79' lang='lat' dir='ltr'>Putabam</span> <span class='ocrx_word' id='word_1_419' title='bbox 644 2474 888 2520; x_wconf 82' lang='lat' dir='ltr'>[alienigenae]</span> <span class='ocrx_word' id='word_1_420' title='bbox 910 2473 1103 2508; x_wconf 78' lang='lat' dir='ltr'>Israhelitas</span> <span class='ocrx_word' id='word_1_421' title='bbox 1121 2475 1314 2509; x_wconf 86' lang='lat' dir='ltr'>discessisse</span> <span class='ocrx_word' id='word_1_422' title='bbox 1338 2476 1502 2513; x_wconf 71' lang='lat' dir='ltr'>victores.</span> <span class='ocrx_word' id='word_1_423' title='bbox 1523 2477 1603 2521; x_wconf 89' lang='lat' dir='ltr'>quia</span> <span class='ocrx_word' id='word_1_424' title='bbox 1630 2477 1663 2509; x_wconf 91' lang='lat' dir='ltr'>in</span> <span class='ocrx_word' id='word_1_425' title='bbox 1687 2474 1863 2509; x_wconf 88' lang='lat' dir='ltr'>montibus</span> 
     </span>
    </p>
   </div>
   <div class='ocr_carea' id='block_1_7' title="bbox 181 2586 1860 2657">
    <p class='ocr_par' dir='ltr' id='par_1_13' title="bbox 181 2586 1860 2657">
     <span class='ocr_line' id='line_1_43' title="bbox 279 2586 1860 2626; baseline 0.003 -14"><span class='ocrx_word' id='word_1_426' title='bbox 279 2587 314 2617; x_wconf 80' lang='lat' dir='ltr'>(l)</span> <span class='ocrx_word' id='word_1_427' title='bbox 333 2586 436 2621; x_wconf 81' lang='lat' dir='ltr'>Nempe</span> <span class='ocrx_word' id='word_1_428' title='bbox 455 2586 489 2614; x_wconf 83' lang='lat' dir='ltr'>ad</span> <span class='ocrx_word' id='word_1_429' title='bbox 508 2587 577 2614; x_wconf 89' lang='lat' dir='ltr'>Luc.</span> <span class='ocrx_word' id='word_1_430' title='bbox 592 2587 643 2614; x_wconf 82' lang='lat' dir='ltr'>XI.</span> <span class='ocrx_word' id='word_1_431' title='bbox 660 2591 702 2615; x_wconf 83' lang='lat'>31.</span> <span class='ocrx_word' id='word_1_432' title='bbox 724 2589 783 2615; x_wconf 87' lang='lat' dir='ltr'>Hoc</span> <span class='ocrx_word' id='word_1_433' title='bbox 801 2596 910 2624; x_wconf 84' lang='lat' dir='ltr'>quoque</span> <span class='ocrx_word' id='word_1_434' title='bbox 929 2588 1112 2624; x_wconf 75' lang='lat' dir='ltr'>fragmentum</span> <span class='ocrx_word' id='word_1_435' title='bbox 1133 2588 1290 2616; x_wconf 85' lang='lat' dir='ltr'>addendum</span> <span class='ocrx_word' id='word_1_436' title='bbox 1310 2590 1362 2616; x_wconf 79' lang='lat' dir='ltr'>erit</span> <span class='ocrx_word' id='word_1_437' title='bbox 1381 2591 1577 2618; x_wconf 84' lang='lat' dir='ltr'>commentario</span> <span class='ocrx_word' id='word_1_438' title='bbox 1595 2589 1689 2626; x_wconf 77' lang='lat' dir='ltr'>Cyrilli</span> <span class='ocrx_word' id='word_1_439' title='bbox 1709 2590 1737 2617; x_wconf 88' lang='lat' dir='ltr'>in</span> <span class='ocrx_word' id='word_1_440' title='bbox 1756 2590 1860 2617; x_wconf 83' lang='lat' dir='ltr'>Lucam</span> 
     </span>
     <span class='ocr_line' id='line_1_44' title="bbox 181 2628 396 2657; baseline 0.009 -3"><span class='ocrx_word' id='word_1_441' title='bbox 181 2636 195 2654; x_wconf 74' lang='lat' dir='ltr'>a</span> <span class='ocrx_word' id='word_1_442' title='bbox 215 2628 294 2656; x_wconf 90' lang='lat' dir='ltr'>nobis</span> <span class='ocrx_word' id='word_1_443' title='bbox 313 2629 396 2657; x_wconf 85' lang='lat' dir='ltr'>edito.</span> 
     </span>
    </p>
   </div>
   <div class='ocr_carea' id='block_1_8' title="bbox 279 2676 1860 2718">
    <p class='ocr_par' dir='ltr' id='par_1_14' title="bbox 279 2676 1860 2718">
     <span class='ocr_line' id='line_1_45' title="bbox 279 2676 1860 2718; baseline 0.003 -14"><span class='ocrx_word' id='word_1_444' title='bbox 279 2680 315 2709; x_wconf 80' lang='lat'>(2)</span> <span class='ocrx_word' id='word_1_445' title='bbox 332 2679 429 2711; x_wconf 80' lang='lat' dir='ltr'>Recte3</span> <span class='ocrx_word' id='word_1_446' title='bbox 449 2683 489 2706; x_wconf 86' lang='lat' dir='ltr'>est</span> <span class='ocrx_word' id='word_1_447' title='bbox 508 2679 580 2707; x_wconf 87' lang='lat' dir='ltr'>enim</span> <span class='ocrx_word' id='word_1_448' title='bbox 600 2680 635 2707; x_wconf 83' lang='lat' dir='ltr'>ab</span> <span class='ocrx_word' id='word_1_449' title='bbox 654 2681 780 2709; x_wconf 83' lang='lat' dir='ltr'>hebraico</span> <span class='ocrx_word' id='word_1_450' title='bbox 802 2676 870 2712; x_wconf 52' lang='lat'>8⁸12</span> <span class='ocrx_word' id='word_1_451' title='bbox 890 2684 973 2710; x_wconf 76' lang='lat' dir='ltr'>venit.</span> <span class='ocrx_word' id='word_1_452' title='bbox 995 2683 1093 2718; x_wconf 82' lang='lat' dir='ltr'>Figura</span> <span class='ocrx_word' id='word_1_453' title='bbox 1118 2683 1170 2710; x_wconf 84' lang='lat' dir='ltr'>fuit</span> <span class='ocrx_word' id='word_1_454' title='bbox 1194 2682 1384 2718; x_wconf 77' lang='lat' dir='ltr'>Redemptorts</span> <span class='ocrx_word' id='word_1_455' title='bbox 1408 2682 1541 2710; x_wconf 83' lang='lat' dir='ltr'>interfecti</span> <span class='ocrx_word' id='word_1_456' title='bbox 1566 2682 1682 2709; x_wconf 81' lang='lat' dir='ltr'>Nabotli.</span> <span class='ocrx_word' id='word_1_457' title='bbox 1703 2682 1860 2717; x_wconf 75' lang='lat' dir='ltr'>Respicitur</span> 
     </span>
    </p>
   </div>
   <div class='ocr_carea' id='block_1_9' title="bbox 177 2727 1857 2798">
    <p class='ocr_par' dir='ltr' id='par_1_15' title="bbox 177 2727 1857 2798">
     <span class='ocr_line' id='line_1_46' title="bbox 178 2727 1857 2766; baseline 0.001 -13"><span class='ocrx_word' id='word_1_458' title='bbox 178 2730 271 2754; x_wconf 74' lang='lat' dir='ltr'>autem</span> <span class='ocrx_word' id='word_1_459' title='bbox 292 2727 325 2754; x_wconf 85' lang='lat' dir='ltr'>ad</span> <span class='ocrx_word' id='word_1_460' title='bbox 341 2728 499 2755; x_wconf 66' lang='lat' dir='ltr'>vaticinium</span> <span class='ocrx_word' id='word_1_461' title='bbox 519 2728 602 2756; x_wconf 85' lang='lat' dir='ltr'>illud:</span> <span class='ocrx_word' id='word_1_462' title='bbox 624 2729 712 2756; x_wconf 81' lang='lat' dir='ltr'>donec</span> <span class='ocrx_word' id='word_1_463' title='bbox 731 2732 826 2758; x_wconf 73' lang='lat' dir='ltr'>veniat</span> <span class='ocrx_word' id='word_1_464' title='bbox 843 2733 892 2766; x_wconf 80' lang='lat' dir='ltr'>qui</span> <span class='ocrx_word' id='word_1_465' title='bbox 911 2731 1062 2759; x_wconf 74' lang='lat' dir='ltr'>mittendus</span> <span class='ocrx_word' id='word_1_466' title='bbox 1082 2734 1130 2758; x_wconf 75' lang='lat' dir='ltr'>cst.</span> <span class='ocrx_word' id='word_1_467' title='bbox 1155 2732 1185 2757; x_wconf 70' lang='lat' dir='ltr'>t-Lt</span> <span class='ocrx_word' id='word_1_468' title='bbox 1201 2731 1234 2758; x_wconf 75' lang='lat' dir='ltr'>ad</span> <span class='ocrx_word' id='word_1_469' title='bbox 1251 2731 1342 2759; x_wconf 76' lang='lat' dir='ltr'>verba:</span> <span class='ocrx_word' id='word_1_470' title='bbox 1366 2731 1526 2758; x_wconf 70' lang='lat' dir='ltr'>benedictus</span> <span class='ocrx_word' id='word_1_471' title='bbox 1541 2733 1589 2765; x_wconf 78' lang='lat' dir='ltr'>qui</span> <span class='ocrx_word' id='word_1_472' title='bbox 1605 2733 1681 2758; x_wconf 68' lang='lat' dir='ltr'>venit</span> <span class='ocrx_word' id='word_1_473' title='bbox 1699 2733 1727 2758; x_wconf 82' lang='lat' dir='ltr'>in</span> <span class='ocrx_word' id='word_1_474' title='bbox 1748 2732 1857 2757; x_wconf 68' lang='lat' dir='ltr'>nomme</span> 
     </span>
     <span class='ocr_line' id='line_1_47' title="bbox 177 2773 302 2798; baseline 0.008 -2"><span class='ocrx_word' id='word_1_475' title='bbox 177 2773 302 2798; x_wconf 69' lang='lat' dir='ltr'>Domini.</span> 
     </span>
    </p>
   </div>
   <div class='ocr_carea' id='block_1_10' title="bbox 1906 182 2085 208">
    <p class='ocr_par' dir='ltr' id='par_1_16' title="bbox 1906 182 2085 208">
     <span class='ocr_line' id='line_1_48' title="bbox 1906 182 2085 208; baseline 0.017 -5"><span class='ocrx_word' id='word_1_476' title='bbox 1906 182 1943 203; x_wconf 76' lang='lat'>111.</span> <span class='ocrx_word' id='word_1_477' title='bbox 1965 184 2017 208; x_wconf 61' lang='lat' dir='ltr'>Rea.</span> <span class='ocrx_word' id='word_1_478' title='bbox 2035 185 2059 205; x_wconf 72' lang='lat' dir='ltr'>x.</span> <span class='ocrx_word' id='word_1_479' title='bbox 2080 191 2085 206; x_wconf 86' lang='lat' dir='ltr'>t</span> 
     </span>
    </p>
   </div>
   <div class='ocr_carea' id='block_1_11' title="bbox 1906 477 1977 499">
    <p class='ocr_par' dir='ltr' id='par_1_17' title="bbox 1906 477 1977 499">
     <span class='ocr_line' id='line_1_49' title="bbox 1906 477 1977 499; baseline 0 0"><span class='ocrx_word' id='word_1_480' title='bbox 1906 477 1943 499; x_wconf 77' lang='grc' dir='ltr'>ΧΙ,</span> <span class='ocrx_word' id='word_1_481' title='bbox 1959 481 1977 499; x_wconf 75' lang='grc'>7,</span> 
     </span>
    </p>
   </div>
   <div class='ocr_carea' id='block_1_12' title="bbox 1905 712 2040 761">
    <p class='ocr_par' dir='ltr' id='par_1_18' title="bbox 1905 712 2040 761">
     <span class='ocr_line' id='line_1_50' title="bbox 1906 712 1961 729; baseline 0.036 -2"><span class='ocrx_word' id='word_1_482' title='bbox 1906 712 1926 727; x_wconf 67' lang='lat' dir='ltr'>v.</span> <span class='ocrx_word' id='word_1_483' title='bbox 1941 714 1961 729; x_wconf 68' lang='grc' dir='ltr'>υ.</span> 
     </span>
     <span class='ocr_line' id='line_1_51' title="bbox 1905 734 2040 761; baseline 0 -6"><span class='ocrx_word' id='word_1_484' title='bbox 1905 734 1942 755; x_wconf 79' lang='lat' dir='ltr'>Gr.</span> <span class='ocrx_word' id='word_1_485' title='bbox 1958 741 1979 761; x_wconf 81' lang='lat' dir='ltr'>p.</span> <span class='ocrx_word' id='word_1_486' title='bbox 1996 738 2040 755; x_wconf 67' lang='lat'>442.</span> 
     </span>
    </p>
   </div>
   <div class='ocr_carea' id='block_1_13' title="bbox 1903 1571 2000 1593">
    <p class='ocr_par' dir='ltr' id='par_1_19' title="bbox 1903 1571 2000 1593">
     <span class='ocr_line' id='line_1_52' title="bbox 1903 1571 2000 1593; baseline 0 0"><span class='ocrx_word' id='word_1_487' title='bbox 1903 1571 1951 1593; x_wconf 76' lang='grc' dir='ltr'>ΧΠ.</span> <span class='ocrx_word' id='word_1_488' title='bbox 1967 1576 2000 1593; x_wconf 70' lang='lat'>28.</span> 
     </span>
    </p>
   </div>
   <div class='ocr_carea' id='block_1_14' title="bbox 1902 1973 2063 2052">
    <p class='ocr_par' dir='ltr' id='par_1_20' title="bbox 1902 1973 2063 2052">
     <span class='ocr_line' id='line_1_53' title="bbox 1903 1973 2035 1995; baseline 0.015 -2"><span class='ocrx_word' id='word_1_489' title='bbox 1903 1974 1948 1994; x_wconf 73' lang='lat' dir='ltr'>vat.</span> <span class='ocrx_word' id='word_1_490' title='bbox 1964 1973 2010 1994; x_wconf 74' lang='lat' dir='ltr'>xx.</span> <span class='ocrx_word' id='word_1_491' title='bbox 2030 1978 2035 1995; x_wconf 89' lang='lat'>1</span> 
     </span>
     <span class='ocr_line' id='line_1_54' title="bbox 1902 2000 2063 2027; baseline 0 -8"><span class='ocrx_word' id='word_1_492' title='bbox 1902 2000 1963 2027; x_wconf 54' lang='lat' dir='ltr'>iulg.</span> <span class='ocrx_word' id='word_1_493' title='bbox 1979 2000 2037 2021; x_wconf 75' lang='lat' dir='ltr'>XXl.</span> <span class='ocrx_word' id='word_1_494' title='bbox 2057 2003 2063 2019; x_wconf 78' lang='lat' dir='ltr'>t</span> 
     </span>
     <span class='ocr_line' id='line_1_55' title="bbox 1903 2027 2037 2052; baseline -0.007 -5"><span class='ocrx_word' id='word_1_495' title='bbox 1903 2027 1941 2047; x_wconf 70' lang='lat' dir='ltr'>Gr.</span> <span class='ocrx_word' id='word_1_496' title='bbox 1955 2032 1977 2052; x_wconf 87' lang='lat' dir='ltr'>p.</span> <span class='ocrx_word' id='word_1_497' title='bbox 1993 2029 2037 2048; x_wconf 69' lang='lat'>⁴43.</span> 
     </span>
    </p>
   </div>
   <div class='ocr_carea' id='block_1_15' title="bbox 1902 2430 2067 2480">
    <p class='ocr_par' dir='ltr' id='par_1_21' title="bbox 1902 2430 2067 2480">
     <span class='ocr_line' id='line_1_56' title="bbox 1902 2430 2060 2451; baseline 0 -2"><span class='ocrx_word' id='word_1_498' title='bbox 1902 2432 1945 2451; x_wconf 58' lang='lat' dir='ltr'>tat.</span> <span class='ocrx_word' id='word_1_499' title='bbox 1962 2430 2019 2451; x_wconf 47' lang='lat' dir='ltr'>XM.</span> <span class='ocrx_word' id='word_1_500' title='bbox 2037 2434 2060 2450; x_wconf 72' lang='lat'>.‘.5</span> 
     </span>
     <span class='ocr_line' id='line_1_57' title="bbox 1902 2457 2067 2480; baseline -0.012 -3"><span class='ocrx_word' id='word_1_501' title='bbox 1902 2457 1963 2480; x_wconf 60' lang='lat' dir='ltr'>suta.</span> <span class='ocrx_word' id='word_1_502' title='bbox 1980 2457 2026 2477; x_wconf 67' lang='lat' dir='ltr'>XI.</span> <span class='ocrx_word' id='word_1_503' title='bbox 2044 2460 2067 2477; x_wconf 67' lang='lat'>-224</span> 
     </span>
    </p>
   </div>
  </div>
 </body>
</html>
