2205 3177
331 199 402 232 29⁷2
1118 212 1215 235 tsnnx

327 264 545 290 Manichaeorum
565 263 700 289 sententia
719 262 752 289 de
772 262 844 289 malo
863 263 982 291 naturali
1002 271 1028 299 p.
1044 266 1104 291 227.

326 308 411 334 Maria
431 307 538 340 deipara
559 314 584 340 p.
601 309 662 332 230.

326 353 455 385 martyres
483 350 593 376 nonnisi
621 349 721 377 Christi
751 349 854 377 viribus
881 351 996 378 victores
1022 351 1140 387 suerunt,

376 402 400 428 [L
423 397 481 419 fffflk

325 438 495 464 *telchomus
516 438 736 466 ammonitarum
757 438 864 466 idolum
884 447 910 474 p.
927 443 986 467 133.
1000 443 1060 467 275.

332 482 424 507 'lelior
436 481 597 508 xocabulum
613 481 685 509 haud
701 483 884 517 comparative
897 483 1001 511 dictum
1015 484 1048 512 de
1061 484 1139 512 Chri-

373 530 414 552 sto
428 534 490 553 crza
505 526 632 557 anaclos,
647 526 695 553 sed
715 526 858 554 discretive
873 535 899 561 p.
914 530 958 554 69.
973 532 1015 555 70.
1031 529 1075 556 Sic
1088 530 1137 556 ,1)1-

371 569 471 605 dymus
486 571 513 596 in
529 570 682 599 frat-*mento
695 570 800 598 inedito
813 571 849 598 ad
861 572 1016 600 Salomonis
1029 580 1137 608 prover-

372 614 416 641 bia
436 622 494 649 cap.
513 615 575 640 Mi.
590 618 616 641 2.
637 616 688 642 ait:
710 618 738 642 τό
759 618 893 652 κρεῖσσον,
909 617 936 644 ου’
958 620 1136 654 συγκριτικέν,

371 659 426 684 ἀλλ’
445 660 501 685 im*
518 663 561 685 του·
572 660 693 694 ,κζ’γιθοῡε
710 669 765 688 voa·
779 673 790 684 α
804 662 904 689 melius
916 674 927 685 u
940 671 993 689 uon
1007 665 1049 689 est
1060 671 1135 689 com-

368 706 508 738 pat-alica
529 704 581 730 hoc
601 706 629 731 in
649 705 723 737 Ioco,
741 705 792 732 sed
811 705 875 732 boni
893 706 1098 741 siqnilicatira.

321 748 451 774 itimcula
474 748 591 783 plurima
611 757 625 776 a
646 748 878 784 praedicatoribus
899 750 1063 785 evangelicis
1085 759 1133 786 pa-

371 796 440 818 trata
461 800 487 826 p.
509 796 569 818 207.

318 835 490 861 Mnrtiticatio
510 836 616 871 propria
637 836 707 863 vitae
729 837 893 864 christianae
913 845 939 872 p.
961 841 1003 865 63.
1024 841 1085 865 267.
1107 842 1135 866 et

371 879 446 905 alibi.

319 923 419 949 Mortui
439 932 487 950 cur
505 928 568 950 ante
587 923 789 958 corruptionem
808 924 976 959 sepeliantur
995 933 1021 960 p.
1041 928 1084 952 85.

318 967 454 993 Mundum
463 967 563 994 ethnici
575 976 601 994 sa
607 968 711 1001 pientes
721 968 824 995 animal
835 976 895 995 esse
905 968 1049 1002 dixerunt,
1058 969 1132 1005 quod

370 1015 451 1045 necat
471 1011 555 1038 David
577 1020 602 1046 p.
626 1016 685 1039 131.

319 1054 439 1081 Mundus
458 1064 488 1081 οἳ
508 1056 610 1082 11111110.
624 1060 719 1083 contra
736 1057 835 1092 impios
854 1057 1033 1092 philosophos
1045 1067 1070 1093 p.
1087 1062 1130 1086 3⁴.

319 1099 421 1124 Musica
446 1107 507 1125 cum
528 1113 530 1115 >
579 1099 636 1127 uiis
657 1100 686 1127 in
706 1108 734 1127 re
757 1108 834 1128 sacra
854 1101 987 1129 Hebraeis
1012 1103 1130 1139 placuit,

371 1142 536 1169 Christianis
555 1151 633 1171 secus
652 1151 681 1179 p.
703 1147 762 1174 146.

710 1211 733 1237 N

318 1276 423 1303 Naboth
447 1277 641 1311 interpretatur
662 1279 790 1312 veniens,
810 1277 916 1314 fuitque
939 1278 1131 1315 Redeniptoris

371 1320 456 1348 flaura
477 1329 502 1355 p.
523 1324 584 1347 277.
605 1329 669 1348 cum
688 1321 753 1349 adn.

318 1365 434 1391 Naturae
453 1364 522 1391 duae
541 1366 570 1392 in
589 1365 696 1393 Christo
715 1366 876 1395 inconfusae
894 1376 921 1403 p.
942 1371 1004 1396 288.

317 1408 428 1441 Negotia
454 1409 607 1437 sacerdotes
631 1418 645 1437 a
671 1410 874 1445 praedicatione
897 1420 954 1439 non
978 1413 1130 1448 impediant

370 1460 395 1487 p.
416 1456 476 1479 278.

316 1496 441 1530 Nequitia
462 1505 509 1531 par
527 1501 568 1524 est
586 1501 645 1525 tum
658 1497 765 1526 laedere
784 1503 843 1527 tum
858 1500 1014 1528 laedentem
1032 1501 1128 1529 ulcisci

369 1548 394 1574 p.
418 1544 475 1567 102.

317 1584 486 1619 Nicephorus
504 1589 530 1611 et
545 1587 707 1614 Anastasius
725 1586 878 1622 fragmenta
890 1589 941 1616 tria
954 1588 1049 1625 cyrilli
1062 1598 1128 1617 con-

370 1634 543 1656 servaverunt
561 1638 587 1664 p.
602 1634 645 1657 27.
661 1634 687 1658 et
699 1634 760 1657 290.

318 1672 431 1707 Nuptiae
451 1673 624 1702 honorabiles
643 1683 669 1710 p.
691 1678 735 1702 52.

709 1742 732 1768 Ο

316 1804 422 1831 Oblivio
435 1805 467 1832 de
484 1807 539 1833 Deo
558 1806 659 1834 dicitur
673 1816 721 1842 pro
735 1809 821 1836 nostri
835 1808 1012 1838 derelictione
1025 1818 1050 1845 p.
1067 1814 1126 1838 193.

316 1850 429 1877 Occulta
449 1850 497 1877 tilii
518 1851 545 1877 in
566 1852 662 1886 psalm.
680 1853 729 1879 lx.
750 1853 856 1880 dictum
875 1862 924 1889 pro
942 1855 1044 1882 Christi
1062 1863 1128 1883 nece

368 1901 394 1927 p.
417 1898 475 1920 107.

316 1937 403 1964 Oniae
422 1938 571 1966 sacerdotis
589 1939 653 1975 fuga
673 1941 700 1967 in
719 1942 874 1976 Aegyptum
894 1950 920 1977 p.
940 1945 1001 1970 283.

315 1981 457 2009 Orandum
477 1986 583 2017 animo,
603 1991 659 2011 non
678 1984 774 2019 lingua
793 1989 901 2012 tantum
921 1994 947 2021 p.
967 1990 1011 2013 40.

315 2026 457 2053 (trandum
477 2028 552 2054 omni
572 2033 693 2063 tempore
712 2037 738 2064 p.
757 2032 818 2056 261.

315 2071 456 2098 orandum
476 2072 534 2098 sine
554 2073 673 2100 clamore
691 2077 718 2100 et
737 2074 808 2101 clam
828 2074 919 2109 potius
937 2083 963 2110 p.
984 2078 1045 2102 238.

315 2115 430 2141 Orantes
451 2116 600 2143 Christiani
624 2125 721 2144 manus
741 2118 925 2151 extollebant,
946 2127 1055 2146 crucem
1077 2119 1127 2147 hac

366 2160 486 2193 corporis
502 2160 591 2194 specie
608 2160 779 2189 denotantes.
802 2161 917 2189 Iudaeos
935 2162 1008 2190 hunc
1024 2171 1127 2190 morem

366 2211 422 2229 non
442 2204 568 2232 habuisse
587 2205 694 2232 videtur
712 2206 814 2242 Cyrillo
832 2214 858 2241 p.
880 2210 940 2234 140.
960 2207 1013 2234 Sed
1032 2211 1127 2236 contra

366 2247 393 2273 in
415 2255 454 2281 ps.
476 2249 557 2275 CXL.
578 2251 604 2275 2.

315 2290 410 2317 Oratio
429 2293 564 2319 matutina
583 2293 759 2321 castimoniae
777 2294 856 2322 utilis
874 2303 901 2331 p.
922 2298 965 2322 99.
988 2299 1047 2323 100.

314 2335 451 2362 Orationis
471 2336 531 2363 laus
551 2345 577 2371 p.
599 2341 658 2364 100.
681 2340 742 2364 161.

314 2379 427 2413 Origeni
445 2381 608 2408 contradicit
626 2381 745 2418 Cyrillus
764 2390 791 2417 p.
815 2385 874 2410 179.

315 2422 440 2457 Origenis
459 2424 534 2452 locus
553 2425 672 2453 ineditus
690 2427 821 2454 recitatur
840 2435 866 2462 p.
888 2431 947 2455 179.
968 2427 1033 2456 adn.

711 2493 733 2519 P

315 2556 421 2582 Pacifici
442 2556 572 2585 dicuntur
589 2559 671 2586 etiam
691 2561 737 2596 qui
756 2560 882 2590 infideles
901 2562 935 2589 ad
955 2564 1042 2590 Deum
1063 2571 1126 2590 con-

367 2604 475 2627 vertunt
494 2609 520 2636 p.
541 2606 583 2629 83.

317 2643 513 2671 Paenitendum
533 2645 598 2673 dum
618 2647 732 2675 vivimus
751 2657 778 2684 p.
797 2653 841 2677 83.

316 2686 500 2714 Paenitentiae
519 2696 595 2716 verae
615 2689 738 2718 delinitio
758 2700 786 2727 p.
802 2696 845 2719 84.

319 2729 451 2755 Palmaris
470 2739 517 2764 pro
536 2740 643 2766 pugnax
663 2742 688 2768 p.
712 2738 770 2761 180.

317 2774 456 2801 Paschatis
473 2776 572 2804 festum
594 2779 700 2813 propria
720 2780 749 2806 in
769 2782 853 2815 patria
872 2782 1007 2810 celebrare
1026 2783 1126 2811 licebat

372 2826 397 2852 p.
419 2822 461 2845 86.

316 2862 394 2888 Pater
414 2863 515 2895 jDeus]
536 2863 626 2891 dexter
641 2871 680 2893 est
699 2866 769 2901 tilio,
786 2872 813 2895 et
828 2868 914 2896 Filius
933 2870 1001 2905 patri
1022 2879 1047 2906 p.
1064 2874 1122 2898 125.

1189 268 1300 295 Pati-um
1320 268 1453 297 ecclesiae
1471 271 1594 299 officium
1614 277 1641 300 et
1659 273 1787 304 doctrina'
1802 286 1828 314 p.
1848 283 1910 307 213.

1187 311 1267 338 Pauli
1289 313 1406 347 apostoli
1429 313 1511 342 lectio
1532 316 1604 343 varia
1625 324 1650 351 p.
1672 320 1715 344 53.
1741 320 1809 347 ltem
1831 322 1884 350 alia
1905 331 1936 351 cx
1958 324 2004 352 he—

1244 354 1336 383 braico
1355 357 1440 384 05838
1462 362 1535 386 textu
1554 368 1580 394 p.
1598 363 1641 388 5⁴.
1662 360 1715 388 Sed
1733 367 1828 391 contra
1847 374 1874 400 p.
1890 370 1934 395 6-1.

1192 399 1294 427 Paulus
1313 402 1454 435 apostolus
1473 403 1622 438 aliquando
1640 404 1785 440 baptizavit
1803 415 1828 442 p.
1847 413 1889 436 34.

1192 443 1295 470 Paulus
1314 444 1387 471 idem
1407 446 1545 473 interdum
1568 447 1740 483 hyperbolice
1759 449 1866 479 locutus
1886 461 1911 488 p.
1925 458 1968 483 23.

1192 486 1362 521 Pauperibus
1383 489 1521 524 impertita
1541 491 1695 526 benignitas
1714 493 1843 521 laudatur
1862 500 1962 530 p.186.

1191 530 1320 564 Peccare,
1337 531 1489 561 humanum
1509 539 1550 561 cst
1568 536 1731 569 generaliter
1750 545 1776 572 p.
1794 542 1852 566 114.
1868 543 1928 567 119.
1944 544 2001 568 123.

1246 578 1303 601 153.
1325 578 1386 603 274.

1191 618 1319 646 Peccasse
1331 621 1437 648 animas
1456 627 1518 650 ante
1535 628 1659 659 suscepta
1679 633 1806 661 corpora,
1820 627 1933 663 quidam
1947 629 2004 656 eth-

1242 663 1298 689 nici
1317 662 1386 691 falso
1405 665 1626 695 existimaverunt
1645 678 1671 704 p.
1694 673 1736 697 10.

1190 706 1302 734 Peccata
1321 708 1477 741 comedere,
1492 710 1520 737 id
1537 716 1577 739 est
1589 713 1711 741 victimas
1731 722 1779 750 pro
1796 716 1914 750 peccatis
1927 717 2002 745 obla-

1242 755 1283 778 tas
1302 760 1328 787 p.
1344 755 1387 780 65.
1551 765 1554 768 ·

1188 794 1301 822 Peccata
1315 796 1343 822 in
1354 795 1492 831 baptismo
1505 799 1696 835 remittuntur,
1706 806 1765 837 post
1775 802 1942 838 baptismum
1955 812 2002 832 au-

1240 843 1295 866 tem
1308 840 1387 868 honis
1399 843 1528 877 operibus
1540 844 1701 879 operiuntur
1710 856 1751 883 gr.
1768 852 1827 875 10-1.
1840 848 1888 876 lat.
1903 858 1929 885 p.
1941 853 1999 877 144.

1188 884 1301 912 Peccata
1322 886 1421 912 mentis
1440 894 1466 921 p.
1481 890 1542 913 271.

1188 928 1295 955 Peccati
1314 930 1456 964 originalis
1475 930 1622 966 descriptio
1642 940 1668 967 p.
1689 936 1748 960 257.

1187 972 1294 999 Peccati
1313 973 1440 1001 violentia
1461 983 1487 1009 p.
1504 978 1544 1001 16.
1562 979 1604 1002 17.
1621 980 1662 1003 18.
1678 980 1737 1004 137.
1755 981 1814 1006 173.
1829 983 1888 1007 176.
1910 981 2000 1012 (Con-

1238 1015 1343 1044 feratur
1361 1019 1534 1052 Augustinus
1553 1019 1582 1045 in
1601 1021 1679 1047 novis
1697 1021 1869 1050 sermonibus
1882 1025 1958 1051 Vlll.
1974 1029 2000 1052 et

1238 1060 1328 1087 xvn.
1347 1062 1419 1096 apud
1439 1065 1519 1094 nos.)

1186 1103 1316 1131 Peccator
1334 1104 1530 1140 hyperbolicas
1549 1107 1604 1133 sive
1622 1115 1748 1135 summus
1767 1115 1793 1142 p.
1816 1111 1857 1135 14.

1186 1148 1364 1176 Peccatorum
1377 1150 1536 1177 mortalium
1550 1150 1691 1178 distinctio
1705 1159 1720 1179 a
1734 1151 1885 1179 venialibus
1898 1160 1926 1187 p.
1941 1155 2000 1180 153.

1242 1195 1302 1219 108.

1185 1236 1331 1264 Peccatum
1350 1237 1473 1270 actuale,
1493 1239 1659 1271 niaximum3
1677 1240 1776 1267 mentis
1794 1244 1886 1267 autem
1906 1248 2001 1275 pecca-

1238 1284 1314 1314 tum,
1335 1281 1441 1308 minore
1460 1281 1547 1316 gradu
1568 1290 1595 1317 p.
1618 1285 1677 1309 132.
1700 1286 1760 1309 174.

1185 1323 1330 1350 Peccatum
1351 1325 1522 1359 ignorantiae
1542 1333 1568 1360 p.
1584 1328 1626 1353 13.
1644 1329 1685 1352 14.
1699 1329 1742 1353 50.
1759 1329 1801 1353 51.
1818 1329 1862 1353 72.
1878 1330 1921 1354 73.
1938 1330 1998 1354 103.

1239 1371 1298 1396 125.
1321 1372 1380 1396 164.

1184 1411 1330 1439 Peccatum
1342 1413 1478 1448 osiginalc
1492 1421 1518 1448 p.
1533 1416 1560 1440 6.
1575 1417 1600 1440 7.
1611 1416 1772 1441 8.11.101.
1789 1417 1998 1442 125.140.201.

1236 1458 1298 1482 221.
1312 1459 1373 1483 224.
1388 1460 1448 1484 226.
1463 1460 1522 1484 244.
1538 1461 1598 1484 2⁴5.
1612 1460 1674 1484 257.

1184 1499 1256 1526 Petri
1270 1500 1348 1535 epist.
1365 1501 1386 1527 1.
1400 1508 1460 1535 cap.
1473 1501 1508 1526 11.
1522 1504 1565 1527 23.
1579 1501 1659 1527 lectio
1670 1501 1743 1528 varia
1757 1509 1784 1536 p.
1798 1504 1919 1529 66811111
1933 1502 1997 1530 adn.

1184 1542 1334 1571 Pharaonis
1353 1552 1399 1571 cor
1417 1544 1555 1579 quomodo
1575 1544 1741 1571 obduratum
1761 1553 1787 1579 p.
1809 1548 1852 1572 26.
1873 1549 1917 1573 27.

1183 1586 1272 1614 Pietas
1290 1595 1399 1614 summa
1418 1592 1476 1621 est,
1497 1588 1635 1622 inculpate
1654 1587 1757 1620 vivere,
1778 1591 1804 1614 et
1823 1589 1999 1622 peccantibus

1235 1632 1389 1659 convicium
1409 1640 1465 1659 non
1484 1631 1572 1659 facere
1593 1640 1617 1666 p.
1642 1635 1700 1658 123.

1183 1674 1294 1702 Pietatis
1313 1683 1420 1702 summa
1439 1680 1480 1703 est
1497 1675 1566 1702 bene
1585 1675 1687 1707 virere,
1703 1678 1730 1701 et
1749 1682 1827 1701 secus
1844 1675 1998 1702 viventibus

1235 1719 1390 1746 convicium
1407 1727 1465 1747 non
1483 1719 1572 1747 facere
1591 1727 1618 1753 p.
1636 1722 1695 1745 123.

1184 1766 1369 1800 Πλημμέλημα
1387 1765 1518 1799 gravioris
1537 1763 1641 1799 peccati
1660 1770 1747 1798 genus
1766 1771 1794 1797 p.
1809 1765 1870 1790 219.

1182 1809 1426 1836 Pneumatomachi
1445 1807 1685 1844 reprehenduntur
1702 1814 1729 1841 p.
1749 1809 1811 1834 262.

1182 1853 1323 1880 Potentiae
1341 1854 1454 1880 ultrices
1473 1853 1547 1888 apud
1565 1852 1667 1879 inferos
1686 1859 1712 1886 p.
1730 1854 1789 1878 104.

1182 1897 1321 1932 Praecepti
1340 1898 1488 1933 ‹zi-angelici
1507 1898 1635 1925 severitas
1654 1905 1681 1931 p.
1697 1899 1740 1923 93.

1164 1942 1442 1970 ‘Pi-aedestinationis
1461 1942 1576 1969 obscura
1595 1941 1720 1977 quaestio
1739 1948 1765 1975 p.
1784 1942 1828 1966 25.

1182 1986 1397 2014 praedestinatio
1415 1992 1477 2022 post
1497 1987 1617 2022 praevisa
1637 1986 1732 2013 merita
1752 1994 1778 2020 p.
1793 1988 1838 2012 22.
1853 1988 1896 2012 25.

1183 2032 1304 2059 Praemia
1324 2029 1449 2059 caelestia
1469 2041 1496 2067 p.
1512 2035 1553 2059 19.
1569 2034 1612 2059 20.
1627 2035 1670 2059 62.
1685 2034 1728 2058 84.
1746 2034 1803 2058 136.
1820 2034 1878 2058 152.
1892 2034 1954 2060 215.

1181 2076 1337 2103 Praesentia
1356 2077 1406 2103 Dei
1426 2076 1527 2103 credita
1547 2075 1668 2103 excludit
1686 2080 1827 2111 peccatum
1846 2083 1872 2110 p.
1886 2077 1948 2102 253.

1182 2120 1313 2147 Precandi
1332 2120 1438 2155 egregia
1458 2124 1600 2155 praecepta
1620 2128 1646 2154 p.
1662 2123 1721 2146 146.

1182 2165 1277 2192 Preces
1296 2164 1480 2192 concludendi
1498 2165 1528 2192 in
1546 2165 1659 2192 nomine
1673 2163 1774 2191 Christi
1793 2171 1852 2190 mos
1871 2163 1995 2191 ecclesia-

1234 2210 1319 2236 sticus
1338 2217 1364 2243 p.
1381 2212 1424 2236 56,

1181 2254 1277 2280 Preces
1295 2257 1452 2280 sanctorum
1472 2253 1659 2288 peccatoribus
1677 2252 1760 2280 utiles
1778 2261 1804 2289 p.
1818 2256 1881 2281 256.
1895 2256 1957 2280 257.

1182 2298 1297 2324 Precum
1315 2297 1530 2331 breviloquentia
1550 2297 1627 2323 utilis
1647 2304 1672 2331 p.
1687 2299 1731 2323 83.

1181 2344 1327 2369 Pressurae
1346 2342 1397 2377 piis
1416 2341 1558 2374 accidunt,
1572 2341 1664 2376 impiis
1677 2345 1769 2368 autem
1784 2341 1892 2376 flagella
1907 2349 1934 2376 p.
1947 2344 1979 2368 97
1985 2363 1990 2367 .

1181 2386 1346 2421 Prophetare
1362 2385 1435 2413 idem
1448 2390 1489 2413 est
1501 2385 1641 2413 interdum
1655 2393 1686 2412 ac
1701 2385 1845 2420 prophetas
1858 2385 1991 2420 interpre-

1233 2431 1284 2458 tari
1303 2439 1329 2466 p.
1346 2434 1389 2458 45.
1404 2434 1447 2457 46.

1181 2475 1357 2502 Proverbium
1383 2474 1589 2511 hyperbolicum
1613 2478 1665 2507 (ex
1687 2475 1787 2502 Matth.
1813 2475 1902 2501 XVII.
1929 2476 1991 2505 19.)

1233 2528 1259 2555 p.
1275 2522 1337 2546 205.

1180 2563 1356 2591 Proverbium
1375 2563 1530 2598 improbum
1554 2572 1580 2598 p.
1595 2567 1620 2590 4.

1180 2608 1303 2636 Psalterii
1322 2608 1497 2635 instrumenti
1517 2607 1662 2643 descriptio
1682 2615 1708 2642 p.
1722 2610 1765 2634 88.
1779 2608 1813 2633 N.

1180 2652 1282 2680 Psalmi
1302 2652 1336 2678 Il.
1354 2653 1404 2678 IX.
1419 2652 1498 2678 XXI.
1513 2652 1612 2678 XLIV.
1626 2652 1729 2678 LXXI.
1744 2650 1855 2677 nonnisi
1872 2650 1905 2677 de
1917 2650 1993 2678 Chri-

1231 2699 1273 2722 sto
1291 2695 1444 2730 loquuntur
1462 2703 1488 2730 p.
1503 2699 1546 2723 93.
1563 2698 1622 2722 106.
1643 2698 1700 2722 134.
1720 2697 1779 2721 198.
1800 2697 1860 2722 253.
1881 2695 1994 2721 Cosmas

1232 2738 1410 2774 indicoplesta
1430 2739 1531 2775 aliique
1548 2739 1656 2766 addunt
1670 2739 1752 2766 etiam
1767 2738 1865 2774 psalm.
1879 2738 1953 2765 vlu.
1967 2741 1993 2764 et

1231 2784 1292 2810 CIX
1303 2804 1310 2816 ‚
1330 2782 1442 2810 ibidem.

1180 2827 1280 2855 Psalmi
1299 2828 1377 2855 xm.
1398 2827 1546 2855 versiculos
1565 2831 1620 2855 tres
1637 2827 1798 2862 sepulcrum
1815 2829 1919 2862 patens
1937 2828 1986 2852 etc.

1232 2871 1358 2907 legebant
1372 2872 1505 2908 Cyrillus,
1521 2871 1674 2905 Diodorus,
1689 2871 1857 2899 Theodorus.
1873 2870 1990 2897 Sanctus

2196 2657 2205 2784 ᾄ-Αμ
2196 2557 2205 2624 ᾼ
