2205 3177
284 506 338 520 xi,

148 609 154 613 “
175 606 189 626 l.
203 606 254 626 tia-:⁴
270 604 337 625 λΧΗ.

152 637 181 651 ts.

150 779 155 784 '
171 774 250 795 ¹·tattt1.
261 773 340 794 ΧΧΥΙ.

287 903 306 917 x.
324 901 341 917 ἰ.

150 1016 156 1022 ·
169 1016 223 1039 (ap.
235 1014 301 1033 ciri.
314 1015 343 1032 tn.

177 1862 182 1866 '
200 1858 233 1877 l:.
251 1856 301 1877 Lxx
311 1856 348 1876 llI.

377 187 443 218 226
879 192 907 215 s.
937 192 1064 215 einim]
1091 191 1311 214 ,irizxaxnmxi
1339 190 1543 214 Exrrixxirio

376 266 476 304 atque
503 265 537 291 ut
567 268 626 302 par
645 263 693 290 est
714 257 823 293 anxii,
847 256 940 301 quod
961 257 994 289 in
1023 262 1153 289 tantum
1181 257 1328 290 malitiae
1355 255 1511 289 nonnulli
1538 256 1710 294 xcnerint,
1734 262 1767 289 nt
1793 268 1940 301 quorum
1969 268 2047 303 pcc—

375 324 528 350 catorum
555 325 652 347 causa
680 313 797 357 lugere
823 313 986 347 deberent
1000 339 1007 351 ,
1029 314 1080 347 liis
1099 314 1206 347 immo
1225 314 1427 359 glorientur.
1450 314 1693 346 Verumtamen
1716 314 1777 346 etsi
1804 314 1943 349 historia
1962 316 2048 349 Doe-

377 385 454 407 ciun
475 372 593 406 liabct.
618 370 841 404 nihilominus
860 370 1075 416 proditorem
1096 370 1215 405 ludam
1235 371 1429 417 portendit,
1454 370 1540 404 adeo
1560 370 1687 404 malitia
1714 376 1906 416 potentem,
1929 378 1963 405 ut
1992 372 2049 406 lie-

378 429 584 463 ncsactorcin
612 439 711 460 suum
738 427 942 472 prodiderit.

909 493 996 515 Sicut
1016 493 1163 515 nonu-uta
1182 495 1272 515 neuim
1290 493 1395 515 dolum
1415 494 1526 515 fecisti.

475 545 548 577 lloc
568 543 611 576 de
629 543 744 576 Dos-co
769 542 898 576 dictum
919 549 965 576 cst
978 569 985 579 ,
1008 544 1066 588 qui
1093 544 1287 577 universam
1307 543 1523 576 sacerdotum
1542 543 1712 576 civitatem
1731 555 1792 576 ceu
1812 542 1976 576 novacula
1996 555 2051 576 ex-

379 601 457 634 cidit
484 603 514 633 ':
540 601 625 634 adeo
652 600 836 633 xclietncns
861 601 932 634 eius
959 600 1127 634 calunmia
1153 600 1230 633 suit!
1258 601 1307 633 De
1332 600 1506 645 Rliapsace
1533 606 1668 638 autem,
1691 606 1859 645 quatenus
1884 599 2051 645 populum

379 658 536 702 decipere
556 658 648 690 nisus
667 663 733 693 est.
758 657 997 702 ciiitatcmquc
1024 657 1219 702 proditione
1246 657 1479 702 pessumdare.
1508 658 1661 702 Denique
1685 663 1802 690 acutus
1822 662 1853 690 et
1874 667 1982 702 prope
2002 657 2053 689 in—

378 714 528 748 sewiliili
549 716 618 748 acie
638 715 782 748 caedens
810 714 911 748 Iudae
937 714 1038 748 dolus
1066 715 1140 747 snit.
1169 714 1257 755 Quid
1285 715 1376 748 enim
1403 715 1463 747 illo
1489 714 1572 748 dolo
1592 715 1741 753 acutius,
1764 725 1867 759 quem
1886 713 2053 759 proditio-

380 775 432 805 nis
460 773 573 817 lingua
600 783 784 807 exacuens.
806 772 849 805 de
870 773 943 804 lesu
969 784 1047 805 cuni
1072 771 1270 818 captoribus
1289 771 1603 817 compeciscebatur
1623 772 1653 805 ¹:
1674 783 1777 817 quem
1801 782 1865 816 ego
1883 770 2056 805 osculatus

383 829 497 865 fuero,
521 831 591 874 ipse
618 836 685 865 cst:
711 836 822 862 tenete
849 840 940 862 cum.

520 894 668 916 Dilexisti
685 901 760 920 prae
779 895 919 916 bonitate
934 894 1106 921 malitiam,
1122 895 1152 916 et
1169 894 1372 921 iniquitatem
1388 894 1488 923 magis
1503 899 1596 920 quam
1613 893 1699 920 loqui
1717 894 1917 920 aequitatem.

478 944 603 976 Iniuste
630 944 695 987 egit
716 944 864 979 lios-cus,
885 955 963 976 cum
984 943 1151 976 sacerdoti
1179 943 1404 977 calumniatus
1429 949 1496 981 est,
1517 949 1550 976 et
1576 954 1764 988 numquam
1783 942 1826 976 ab
1844 954 1886 976 eo
1905 948 1977 976 acta
1996 942 2057 975 ad-

383 1001 543 1035 lirmaxit.
566 1002 650 1033 Nam
670 1000 764 1044 quod
785 1000 886 1036 (tim,
907 1011 986 1033 enm
1007 1012 1071 1045 pro
1091 1000 1220 1034 Daxide
1238 1001 1347 1033 Deum
1365 1011 1437 1034 esse
1457 1006 1632 1046 precatum
1654 1000 1681 1037 '.
1702 999 1919 1033 mendacium
1939 1005 2056 1033 contra

383 1059 430 1092 rei
458 1058 634 1090 veritatem
656 1057 729 1090 suit.
761 1058 894 1090 Poterat
922 1063 1034 1090 autem
1054 1069 1132 1091 cum
1152 1058 1321 1103 aequitate
1346 1057 1461 1102 loqui,
1482 1057 1616 1090 Saulem
1635 1056 1812 1095 docendo,
1835 1067 1989 1094 causam,
2011 1055 2057 1089 ob

381 1126 486 1160 quam
505 1116 568 1147 Dax
581 1114 612 1147 id
632 1115 818 1147 secessisset
831 1140 838 1153 ,
855 1115 1008 1159 ignotam
1027 1114 1195 1148 sacerdoti
1217 1114 1334 1154 fuisse,
1353 1121 1525 1160 tamquam
1544 1115 1631 1159 regis
1650 1114 1852 1147 familiarem
1869 1114 2055 1159 excepisse,

382 1184 419 1206 ac
445 1173 549 1205 xeluti
578 1172 677 1215 regiis
704 1172 876 1205 mundatis
902 1171 1168 1216 defungentein;
1191 1172 1383 1205 honorandi
1411 1172 1576 1205 mittentis
1601 1182 1699 1205 causa
1715 1197 1722 1210 ‚
1752 1171 1859 1205 amice
1885 1177 2054 1204 tractasse.

383 1232 523 1264 Satanae
550 1231 678 1276 pariter
705 1230 786 1263 liacc
813 1230 925 1263 officia
953 1237 1047 1268 sunt,
1069 1231 1197 1264 malitia
1223 1231 1350 1264 scilicet
1369 1237 1404 1264 et
1422 1231 1583 1264 iniustitia
1606 1229 1767 1275 gaudere.
1796 1230 1952 1275 Increpat
1977 1239 2060 1274 ergo

386 1287 545 1324 ludaeos,
570 1288 627 1332 qui
654 1287 777 1320 Christi
804 1288 966 1320 iustitiam
992 1299 1061 1321 non
1088 1287 1311 1322 admiserunt.

721 1353 869 1375 Dilexisti
886 1354 989 1375 onmia
1008 1355 1099 1376 verba
1117 1354 1404 1382 praecipitationis,
1419 1353 1564 1383 linguam
1580 1353 1728 1376 dolosam.

480 1403 601 1435 Merito
628 1401 710 1436 liaec
730 1402 796 1435 dici
816 1409 959 1448 possunt
978 1403 1080 1437 etiam
1100 1403 1143 1436 de
1163 1403 1370 1437 Indaeorum
1389 1402 1603 1449 principibus
1622 1403 1765 1448 ipsoque
1784 1401 1879 1436 Iuda.
1907 1402 2062 1447 Namque

385 1467 417 1493 ct
436 1459 486 1492 illi
506 1459 669 1492 eilrcnate
688 1460 837 1493 Domino
856 1459 1135 1493 obtrectaverunt
1150 1487 1157 1497 ,
1180 1466 1211 1494 et
1232 1460 1391 1506 proditor
1415 1459 1531 1494 verbis
1549 1472 1630 1494 usus
1647 1467 1697 1493 est
1714 1460 1799 1493 dolo
1817 1459 2060 1505 hypocrisique

385 1517 507 1562 plenis.
535 1505 635 1550 Credi
663 1523 776 1550 autem
802 1518 1091 1563 praecipitationis
1117 1517 1222 1551 rerba
1247 1525 1379 1563 queunt
1403 1529 1491 1563 quae
1516 1519 1551 1551 in
1577 1529 1694 1551 necem
1720 1516 1939 1563 pertrahunt,
1962 1522 2062 1560 atque

386 1574 428 1607 ad
455 1574 584 1608 inferos
610 1574 759 1607 animam
790 1574 940 1609 hominis
970 1575 1194 1621 deprimunt.
1223 1576 1496 1615 susurrationes,
1524 1574 1788 1609 obtrectationes
1804 1600 1812 1614 ‚
1841 1580 1873 1608 et
1900 1573 2064 1607 adversus

386 1633 496 1665 Deum
522 1631 746 1677 blasphemia.

639 1697 815 1725 Enim-rabit
834 1699 865 1720 te
880 1698 918 1720 de
935 1698 1154 1725 tabernaculo,
1170 1700 1199 1721 et
1218 1699 1354 1722 radicem
1372 1700 1458 1721 tuam
1474 1698 1512 1721 «le
1529 1699 1616 1720 tel-ra
1632 1698 1814 1720 viventium.

484 1747 530 1779 De
550 1745 792 1784 tabernaculo,
815 1746 847 1779 id
875 1753 925 1780 est
945 1747 988 1780 de
1007 1747 1231 1792 discipulatus
1257 1748 1420 1785 statione,
1442 1747 1609 1792 expellet;
1630 1746 1850 1790 radicemque
1876 1751 1987 1783 tuam,
2011 1750 2065 1777 ut-

388 1808 469 1847 pote
487 1802 652 1836 dumosac
679 1802 828 1841 arboris,
852 1803 895 1836 de
915 1810 1004 1837 terra
1027 1804 1212 1837 ruentium
1231 1811 1262 1837 et
1283 1804 1325 1837 de
1345 1803 1534 1849 apostolico
1554 1815 1636 1848 agro
1655 1802 1790 1836 evellet.
1820 1801 1857 1834 Id
1884 1802 1986 1834 etiam
2012 1801 2066 1834 iu-

388 1859 487 1892 daico
507 1859 639 1904 populo
659 1860 796 1897 accidit,
817 1861 875 1904 qui
894 1861 929 1893 in
947 1860 1082 1893 Clu-isto
1101 1860 1275 1894 iustificari
1295 1860 1416 1894 noluit.
1439 1861 1553 1894 Simile
1572 1860 1637 1894 lioc
1655 1860 1748 1893 (licto
1765 1858 1816 1892 illi
1836 1859 1866 1891 'z
1886 1857 2067 1891 deleantur

388 1916 432 1949 de
451 1915 542 1949 libro
568 1917 768 1950 xiventium.
799 1917 881 1950 Iussi
907 1928 1047 1961 quoque
1072 1918 1220 1962 migrare
1246 1923 1324 1951 sunt
1342 1918 1385 1951 de
1404 1917 1606 1951 sacerdotali
1633 1915 1874 1953 tabernaculo,
1898 1916 1933 1948 in
1959 1914 2066 1959 capti-

388 1974 529 2006 x‘itatem
556 1973 692 2007 abducti
721 1981 863 2020 propter
889 1976 1025 2008 Domini
1053 1974 1322 2009 crucifixionem.

861 2039 992 2067 §peravi
1009 2041 1047 2063 de
1064 2041 1279 2063 misericordia
1296 2041 1354 2063 nei
1372 2041 1405 2063 in
1422 2043 1595 2063 aeternum.

485 2088 574 2133 Ego,
595 2088 721 2133 inquit,
744 2089 829 2122 nulli
849 2090 897 2122 rei
917 2101 1022 2123 vanae
1042 2102 1079 2123 ac
1100 2096 1253 2124 terrenae
1272 2090 1421 2124 confisus
1440 2102 1532 2127 sum,
1554 2090 1612 2124 sed
1631 2091 1689 2123 Dei
1709 2088 1963 2122 misericordiae
1980 2098 2068 2133 quae

387 2145 549 2178 iniuriam
570 2146 735 2190 patientes
754 2147 909 2180 comitari
929 2146 1028 2180 solet.
1058 2147 1253 2192 Anagogice
1271 2158 1355 2181 vero
1374 2147 1644 2180 misericordiam
1663 2146 1722 2180 Dei
1742 2145 1913 2180 Christum
1933 2144 2068 2178 divinae

389 2203 578 2247 scripturae
606 2203 798 2248 appellant.
822 2210 1005 2249 propterea
1023 2204 1116 2249 quod
1138 2205 1409 2239 misericordiam
1426 2216 1489 2250 per
1507 2205 1620 2250 ipsum
1642 2204 1729 2237 nacti
1756 2214 1886 2237 sumus.
1913 2203 2068 2246 Namque

391 2260 505 2292 onmia
533 2259 733 2293 instaurarit
760 2261 794 2293 in
820 2261 894 2305 ipso
921 2272 958 2294 ae
984 2261 1183 2295 reformavit
1203 2268 1311 2307 pater.
1341 2262 1465 2307 Utique
1490 2262 1518 2294 is
1543 2262 1601 2306 qui
1627 2261 1861 2305 eleemosynas
1887 2258 1984 2297 facit,
2006 2259 2066 2291 Dei

390 2317 660 2349 misericordiam
680 2324 810 2362 sperat.
833 2317 942 2363 probe
960 2329 1086 2363 gnarus
1105 2318 1178 2352 fore
1196 2325 1234 2351 ut
1252 2318 1493 2352 misericordes
1510 2317 1782 2352 misericordiam
1800 2319 2065 2360 consequantur.

391 2374 431 2406 Et
457 2373 597 2418 quidem
624 2386 700 2420 spes
726 2376 798 2408 eius
823 2375 916 2408 haud
937 2387 1006 2409 uno
1025 2376 1161 2409 saeculo
1187 2377 1408 2414 terminatur,
1433 2376 1492 2410 sed
1518 2376 1620 2409 huius
1645 2375 1792 2420 spatium
1811 2373 1897 2407 adeo
1915 2370 2065 2408 excedit,

392 2437 429 2463 ut
455 2430 530 2464 linis
557 2431 634 2464 loco
660 2431 784 2465 habeat
810 2433 1090 2470 immensitatem,
1114 2433 1210 2478 quod
1236 2433 1410 2478 psalmista
1436 2433 1608 2467 saeculum
1635 2432 1850 2466 saeculorum
1876 2429 2013 2463 xocitat.

1063 2528 1290 2566 PSALMUS
1318 2530 1398 2567 LII.

836 2612 875 2635 In
892 2613 998 2641 linem,
1015 2619 1071 2640 pro
1088 2613 1238 2641 maeleth,
1254 2613 1489 2643 intelligentiae
1505 2614 1630 2637 navidi-

493 2658 544 2691 Ast
571 2658 675 2693 verba
702 2660 795 2705 quod
823 2662 951 2695 adtinet
977 2662 1128 2707 psalmus
1153 2662 1209 2696 hic
1234 2663 1374 2696 tertium
1399 2663 1570 2697 decimum
1595 2663 1767 2700 imitatur,
1788 2661 1949 2705 idemque
1968 2669 2070 2703 argu-

397 2720 548 2747 mentum
569 2715 671 2750 habet
684 2742 691 2755 ‚
713 2728 835 2763 nempe
855 2718 897 2751 de
916 2718 1108 2765 Rhapsace‚
1129 2725 1162 2753 et
1186 2720 1226 2753 iis
1251 2730 1337 2764 quae
1364 2726 1445 2753 tunc
1469 2725 1675 2758 evenerunt,
1695 2731 1758 2753 nec
1780 2730 1850 2752 non
1869 2717 1912 2750 de
1931 2714 2066 2750 Domini

396 2770 545 2804 adventu
565 2774 759 2808 vaticinium
781 2776 789 2820 (
799 2776 840 2821 l).
869 2777 997 2810 Paucae
1014 2788 1100 2810 vero
1118 2776 1284 2811 dictiones
1302 2783 1487 2823 utrumque
1505 2777 1720 2815 discernunt:
1742 2787 1822 2810 nam
1841 2775 1960 2809 tertius
1978 2773 2071 2806 deci-

498 2851 531 2880 [t]
552 2849 622 2884 Ergo
642 2852 760 2886 Cyrinus
779 2852 845 2880 haec
864 2852 967 2881 dixerat
986 2854 1013 2881 in
1033 2855 1199 2890 expositione
1217 2855 1371 2890 argumenti
1390 2855 1488 2891 psalmi
1506 2855 1589 2888 xm,
1609 2863 1679 2890 quae
1698 2861 1760 2890 pars
1778 2853 1870 2882 deerat
1888 2853 1917 2880 in
1935 2851 2014 2880 codd.
