2205 3177
742 202 774 224 rs
800 200 953 223 PSALMUM
979 201 1113 223 xxxvii.
1704 192 1768 224 165

93 268 326 305 nanciscetur,
347 266 517 312 simulque
537 277 614 300 cum
633 278 734 300 carne
760 265 879 312 perdet
898 265 982 298 haec
1001 277 1088 310 qnae
1108 265 1283 311 possidere
1303 265 1484 299 xidebatur
1507 265 1610 300 bona.
1638 267 1768 299 Revera

92 325 206 360 brevis
231 324 421 358 admodum
439 324 587 358 hominis
614 330 703 358 aetas
728 330 797 361 est,
819 329 851 356 et
877 322 1014 356 vivendi
1035 324 1068 356 in
1088 334 1234 369 corpore
1253 330 1387 368 tempus
1411 329 1570 356 artatum.
1600 323 1707 368 Igitur
1726 334 1768 356 ne

94 385 166 429 ipse
191 382 350 428 quidem,
370 382 430 427 qui
455 382 523 415 vita
549 381 745 418 excesserit,
768 380 882 413 locum
909 391 1009 413 suum
1034 380 1183 416 ridebit.
1206 392 1354 425 namque
1379 381 1523 414 omnino
1542 381 1576 413 in
1595 379 1768 413 infernum

88 439 262 477 transibit,
285 450 396 484 neque
422 440 574 472 viventes
592 439 695 472 ceteri
715 437 829 471 locum
849 437 920 470 eius
947 437 1107 482 deinceps
1128 439 1244 471 scient.
1274 457 1296 462 —
1323 437 1388 477 Qui
1414 437 1587 470 mundana
1614 437 1766 482 sapiunt,

87 504 120 531 et
147 498 336 542 praesentis
354 498 443 531 vitae
462 496 624 530 tumultui
643 501 792 528 mentem
813 506 909 528 suam
929 494 1174 540 implicuerunt
1187 521 1194 531 ,
1216 495 1413 540 laqueisque
1439 494 1648 528 execrandae
1671 494 1770 528 volu—

87 555 189 600 ptatis
215 561 293 588 sunt
320 555 461 593 irretiti,
483 565 618 599 semper
644 553 715 586 sere
741 552 891 586 oderunt
911 564 969 585 eos
987 553 1044 597 qui
1067 558 1191 585 castam
1219 552 1434 597 probamque
1453 553 1556 585 vitam
1576 558 1768 591 sectantur,

88 619 189 658 atque
216 612 343 646 inimici
370 612 449 645 loco
474 609 600 644 habent
628 610 763 643 virtutis
789 609 970 643 cultorem.

597 675 756 698 mansueti
773 677 877 698 autem
894 675 1117 697 hereditabunt
1135 678 1263 697 terram.

185 728 452 762 Prudentissime
477 726 585 760 David
616 727 761 771 opponit
791 726 978 771 impiorum
1004 727 1146 771 poenis,
1175 732 1372 759 sanctorum
1402 725 1566 771 praemia.
1596 725 1657 757 His
1682 724 1773 756 enim

90 787 180 820 acuit
205 787 297 831 ipsos
323 785 366 819 ad
392 784 553 830 spiritalis
580 784 732 817 studium
759 783 989 820 fortitudinis,
1018 795 1085 828 qua
1112 795 1215 817 omne
1242 794 1348 828 genus
1374 783 1509 816 virtutis
1536 780 1769 827 praestabunt.

90 844 174 878 Ideo
200 843 298 876 dicit:
321 842 488 876 mansueti
514 840 758 875 hereditabunt
785 847 928 876 terram.
950 852 1132 887 supernam
1160 840 1297 874 scilicet.

588 907 628 929 Et
644 907 885 930 delectabuntur
902 908 935 929 in
953 907 1158 929 multitudiue
1174 907 1268 934 pacis.

187 959 333 999 Quinam
361 958 403 991 sit
429 957 484 990 hic
510 957 600 1002 pacis
626 956 784 990 cumulus
810 957 994 989 mansuetis
1021 957 1224 1002 promissae,
1246 967 1371 1002 operae
1397 955 1546 1001 pretium
1571 960 1619 988 est
1647 964 1773 998 cogno-

92 1028 197 1050 scere.
226 1015 378 1049 Dicimus
403 1026 505 1060 ergo,
527 1015 680 1047 viventes
706 1014 818 1048 adhuc
845 1020 877 1047 et
905 1013 1110 1060 corporibus
1136 1020 1294 1059 gravatos
1313 1014 1347 1046 in
1367 1013 1434 1046 hoc,
1458 1012 1590 1046 mundo
1616 1017 1770 1049 sanctos,

92 1074 281 1120 plurimum
307 1073 377 1119 pati
404 1072 578 1106 bellorum
597 1073 792 1109 incursum,
815 1072 939 1118 partim
959 1071 1004 1105 ob
1023 1073 1158 1105 insitam
1185 1070 1341 1105 infirmae
1368 1072 1460 1105 carni
1487 1071 1597 1113 legem
1624 1071 1770 1115 peccati.

93 1142 181 1177 quae
199 1131 333 1176 spiritui
354 1142 489 1176 semper
508 1136 696 1175 repugnat:
722 1129 826 1175 (haec
845 1130 972 1175 quippe
991 1130 1137 1163 inx‘icem
1157 1129 1398 1163 adversantur:
1422 1128 1641 1162 condelector
1660 1129 1770 1163 enim,

92 1190 220 1235 inquit,
242 1189 308 1234 legi
328 1189 388 1222 Dei
409 1188 596 1221 secundum
618 1188 817 1221 interiorem
844 1187 1038 1225 hominem;
1061 1187 1120 1220 sed
1140 1186 1241 1220 uideo
1262 1186 1362 1220 aliam
1390 1187 1498 1232 legen]
1524 1192 1772 1232 repugnantem

94 1247 161 1293 legi
186 1248 310 1280 mentis
336 1258 430 1280 meae
450 1246 504 1291 ἐ)
526 1247 650 1291 partim
675 1257 759 1279 vero
787 1245 1000 1291 principibus
1026 1246 1127 1279 liuius
1154 1244 1276 1278 saeculi
1302 1244 1394 1278 bella
1421 1256 1555 1290 semper
1574 1255 1773 1289 pugnasque

94 1303 422 1350 multiplicantibus:
445 1305 570 1349 partim
595 1303 744 1349 denique
770 1304 883 1349 impiis
909 1303 1088 1337 haereticis
1114 1295 1386 1336 adversantibus.
1416 1303 1531 1347 Itaque
1550 1301 1715 1346 quamdiu
1743 1302 1776 1334 in

94 1363 157 1396 hac
176 1363 244 1395 *fita
264 1368 445 1395 versantur
464 1362 587 1399 sancti,
610 1361 737 1394 multos
756 1360 885 1394 habent
909 1367 1182 1406 oppugnatores:
1205 1371 1283 1393 cum
1311 1366 1424 1393 autem
1444 1359 1485 1392 ad
1506 1365 1659 1404 paratam
1678 1370 1775 1391 man-

95 1420 199 1453 suetis
218 1426 343 1452 terram
368 1419 606 1464 pervenerint,
630 1419 720 1463 pacis
739 1419 837 1463 copia
857 1419 933 1451 erit.
964 1417 1118 1462 intellige
1137 1429 1220 1451 vero
1240 1419 1332 1462 pacis
1352 1417 1485 1462 copiam
1498 1443 1505 1451 .
1528 1417 1659 1449 animae
1686 1421 1775 1448 tran-

94 1476 317 1521 quillitatem,
338 1487 416 1508 cum
442 1487 559 1508 rerum
585 1486 674 1520 quae
700 1486 780 1508 vere
807 1476 955 1508 existunt
981 1475 1115 1508 notitia.

328 1540 512 1564 observabit
529 1543 671 1568 peccator
689 1542 820 1569 iustum,
836 1542 867 1564 et
884 1541 1031 1563 stridebit
1049 1547 1142 1567 super
1158 1547 1227 1563 eum
1244 1541 1390 1563 dentibus
1407 1541 1470 1562 suis
1487 1542 1543 1562 etc.

188 1593 295 1626 Docet
321 1591 373 1626 his
398 1591 514 1626 verbis
540 1592 734 1637 psalmista,
757 1591 831 1625 fore
857 1598 894 1625 ut
919 1591 1098 1625 hominem
1126 1591 1252 1624 iustum
1279 1589 1439 1624 observet
1466 1595 1643 1635 pecator:
1666 1589 1700 1622 id
1727 1594 1777 1621 est

95 1651 238 1697 impium
265 1650 347 1684 odio
372 1648 546 1683 imbutum
564 1676 571 1688 ‚
601 1656 736 1695 tempus
762 1649 904 1683 fortasse
931 1649 1193 1683 observaturum
1211 1675 1219 1686 ,
1246 1660 1317 1694 quo
1344 1648 1473 1681 insidiis
1499 1659 1620 1694 capere
1649 1649 1778 1681 iustum

94 1714 208 1753 queat.
238 1707 363 1741 Stridet
390 1714 480 1741 certe
507 1707 668 1741 (lentibus
694 1718 829 1753 semper
854 1708 888 1740 in
916 1719 1007 1740 eum.
1037 1707 1101 1740 Sed
1120 1706 1306 1740 ridiculum
1324 1707 1492 1739 Dominus
1510 1717 1590 1739 eum
1609 1704 1774 1739 ostendit:

95 1766 155 1799 scit
183 1766 273 1798 enim
301 1776 500 1810 supremum
528 1765 600 1798 eius
625 1765 716 1798 diem
742 1770 944 1802 venturum,
967 1776 1036 1809 quo
1062 1770 1174 1798 morte
1199 1765 1349 1798 irretitus
1376 1770 1565 1797 evanescet.
1587 1783 1608 1788 —
1627 1762 1686 1796 Vel
1713 1763 1778 1795 im·
1827 1785 1844 1796 ,Ι

96 1824 160 1869 piis
186 1822 329 1856 fortasse
356 1834 459 1867 graie
485 1829 532 1856 est
560 1835 597 1856 ac
624 1823 808 1856 molestum
834 1822 929 1868 quod
956 1834 974 1855 a
1000 1823 1168 1855 iustorum
1195 1823 1321 1856 virtute
1348 1822 1571 1855 condemnari
1597 1821 1777 1858 tidentur,

97 1893 159 1915 ceu
185 1882 243 1926 qui
271 1892 342 1914 non
368 1891 474 1925 aeque
502 1892 539 1914 ac
565 1881 599 1913 hi
627 1882 774 1926 optimas
800 1887 913 1926 partes
940 1882 1045 1914 secuti
1072 1887 1163 1914 sunt.
1193 1879 1359 1914 Dentibus
1385 1892 1467 1914 xero
1494 1880 1658 1917 stridere,
1686 1878 1779 1912 haud

96 1938 198 1983 plane
218 1938 261 1971 de
281 1937 486 1983 corporibus
511 1938 681 1983 intelligas
706 1938 830 1975 xclim.
853 1938 911 1971 sed
937 1938 1030 1971 vocis
1050 1939 1164 1983 potius
1184 1938 1357 1971 silentium
1370 1965 1378 1974 ,
1399 1939 1433 1971 in
1454 1937 1558 1971 corde
1578 1943 1691 1970 autem
1710 1936 1779 1969 cla-

97 2007 230 2029 morem
257 1995 344 2028 mala
368 1995 411 2040 ’1)
436 1994 687 2028 machinantem
708 1995 871 2029 adversus
895 1997 1034 2029 iustum.
1064 1996 1128 2029 Sed
1148 1998 1237 2029 enim
1257 1996 1341 2029 dum
1362 2002 1520 2041 peccator
1547 1996 1642 2028 iustis
1666 1994 1780 2027 irasci-

97 2060 170 2092 tur,
189 2055 277 2087 Deus
297 2053 413 2086 irridet
436 2054 542 2098 ipsius
562 2054 716 2092 insidias,
737 2053 847 2099 probe
866 2055 973 2087 sciens
994 2065 1011 2087 a
1031 2066 1065 2087 se
1086 2055 1309 2087 constitutum
1329 2053 1437 2091 diem,
1456 2065 1526 2099 quo
1546 2053 1620 2086 aliis
1638 2052 1779 2098 quidem

98 2117 270 2145 aeternam
296 2112 422 2145 vitam.
448 2111 521 2144 aliis
547 2123 630 2144 vero
656 2117 828 2145 aeternam
855 2123 960 2157 aeque
987 2123 1135 2157 poenam
1156 2111 1335 2145 retribuet.
1366 2113 1439 2144 Hoc
1465 2111 1507 2145 de
1534 2110 1676 2144 diabolo
1694 2122 1779 2155 quo—

97 2181 164 2216 que
183 2170 312 2203 dictum
334 2170 488 2214 accipere
508 2169 730 2202 commodum
749 2175 810 2203 est.
841 2170 914 2215 Ipse
935 2170 1027 2202 enim
1047 2176 1095 2203 est
1117 2176 1295 2215 peccator,
1317 2168 1478 2203 dentibus
1504 2175 1621 2203 contra
1645 2174 1779 2202 sanctos

98 2228 315 2265 infrendens,
336 2227 394 2272 qui
415 2234 527 2260 tamen
547 2228 628 2260 risui
649 2233 761 2273 patet;
783 2228 909 2260 etenim
929 2239 946 2260 a
967 2228 1062 2260 iustis
1086 2228 1194 2260 victus
1218 2227 1393 2260 illuditur:
1416 2229 1529 2261 veniet
1548 2234 1660 2261 autem
1687 2226 1776 2261 dies.

98 2297 165 2331 qua
192 2286 225 2319 in
252 2291 410 2331 paratum
436 2285 499 2330 ipsi
527 2286 641 2329 ignem
669 2286 836 2318 mittetur.

650 2351 689 2374 [Τί
707 2352 857 2374 deficiant
875 2359 1043 2379 pauperem
1060 2354 1089 2375 e!
1108 2353 1240 2379 inopem.

196 2401 414 2447 Propositum
441 2401 629 2446 peccatoris
656 2407 700 2434 cst
718 2428 724 2439 ,
750 2412 821 2434 non
840 2408 876 2434 ut
897 2401 1046 2447 aliquem
1066 2401 1130 2435 sibi
1152 2403 1316 2436 iniurium
1344 2403 1543 2436 ulciscatur.
1567 2401 1619 2435 x‘el
1640 2401 1783 2434 omnino

100 2458 290 2505 quemlibet
310 2471 326 2492 a
348 2470 418 2504 quo
445 2459 556 2491 laesus
582 2458 700 2497 sumit,
724 2459 894 2504 iustasque
919 2459 1002 2493 belli
1027 2460 1198 2494 inferendi
1224 2472 1340 2494 causas
1359 2459 1540 2495 obtulerit:
1563 2459 1622 2492 sed
1642 2465 1675 2492 ut
1698 2471 1783 2504 pau-

101 2528 219 2563 perem
239 2517 447 2562 inopemque
466 2521 678 2561 prosternat,
700 2522 731 2549 et
752 2522 846 2550 recto
865 2517 970 2551 corde
990 2517 1165 2563 praeditos
1183 2517 1376 2551 interficiat.
1399 2519 1586 2563 Pauperem
1605 2528 1688 2550 vero
1708 2517 1784 2549 ino-

102 2585 250 2620 pemque
268 2573 347 2607 dicit
368 2584 432 2619 pro
452 2574 510 2618 pio
530 2584 567 2606 ac
587 2573 761 2612 modesto,
783 2575 939 2608 iactantia
959 2575 1071 2609 alieno
1084 2601 1091 2611 ,
1113 2581 1146 2608 et
1165 2575 1268 2608 corde
1288 2574 1422 2608 humili.
1453 2573 1659 2607 Huiusmodi
1678 2574 1784 2606 homi-

102 2643 183 2666 nem
197 2632 356 2665 Servator
373 2642 512 2676 quoque
531 2642 717 2676 pauperem
734 2632 856 2677 spiritu
874 2633 1076 2678 appellavit,
1091 2633 1302 2678 dignumque
1321 2644 1428 2678 regno
1447 2633 1622 2666 caelorum
1638 2633 1780 2665 censuit.

102 2690 187 2723 Sane
213 2695 332 2722 contra
360 2700 526 2734 pauperes
551 2689 726 2733 potissime
751 2689 981 2735 sycophantae
1008 2690 1167 2723 militant.
1198 2691 1442 2735 Praetereaque
1469 2689 1634 2723 adversus
1659 2690 1781 2726 iustos,

100 2747 161 2792 qui
182 2748 312 2780 sincera
331 2745 448 2790 lingua
469 2751 629 2785 utuntur,
650 2746 759 2792 iniqui
778 2746 950 2787 homines,
973 2747 1113 2781 illorum
1132 2748 1279 2781 iustitiae
1298 2746 1508 2786 invidentes,
1527 2746 1704 2781 calumniis
1724 2758 1783 2780 ceu

99 2803 224 2849 gladiis
250 2804 375 2837 armari
402 2803 525 2836 solent.

201 2876 236 2905 11)
256 2874 288 2900 ln
307 2872 399 2900 codice
418 2876 543 2909 ravaga-2,
565 2872 612 2901 sed
633 2876 729 2910 ποιηρα·
749 2873 857 2901 videtur
876 2874 1079 2910 corrigendum.

1808 334 1844 353 (ir.
1859 340 1881 360 ρ,
1898 337 1941 354 zm.

1810 682 1829 694 v.
1847 678 1877 696 Η.

1815 1262 1823 1268 ·
1835 1260 1898 1281 Rom.
1912 1260 1958 1280 tlt.
1973 1264 2004 1279 ’.ιη

1820 2361 1840 2375 V.
1861 2359 1888 2376 Η.
