2205 3177
618 193 649 215 IN
675 192 855 214 EPISTOLAM
880 191 923 213 AD
951 190 1118 213 uEBltAl-:Os
1144 191 1217 213 CAP.
1244 191 1333 213 lX-X.
1777 181 1820 213 ῖς.)

137 260 195 287 tulo
214 266 262 293 pro
281 260 406 292 peccato,
427 260 452 282 et
475 255 582 282 hircum
603 255 637 282 ad
658 255 860 281 holocaustum.
883 253 1006 287 Accipiet
1024 252 1087 279 item
1106 261 1120 279 a
1142 254 1244 288 populo
1263 253 1332 280 duos
1353 253 1442 280 hircos
1460 261 1508 288 pro
1527 256 1651 287 peccato,
1672 256 1698 278 et
1716 252 1822 278 hircum

135 303 168 331 ad
190 302 396 329 holocaustum:
419 303 445 327 et
464 299 580 326 vitutum
602 298 715 326 offeret:
737 298 939 331 constituetque
960 297 1049 323 hircos
1068 305 1160 324 coram
1185 298 1301 324 nomino
1324 299 1351 324 in
1374 298 1444 325 ostio
1465 297 1634 324 tabernaculi
1655 297 1819 323 testimonii:

133 349 312 381 aspergetque
335 343 421 378 dieito
439 343 473 370 de
493 344 628 378 sanguine
648 342 724 369 vituli
746 346 773 368 et
790 341 859 368 hirci
877 340 976 375 septies
995 341 1230 375 propitiatorium,
1251 346 1277 368 et
1294 341 1394 369 deinde
1414 342 1508 368 altare.
1534 356 1543 363 υ
1567 343 1622 368 lam
1644 349 1704 368 vero
1722 341 1823 367 vitulus

132 389 244 426 quidem
266 388 300 415 ad
323 388 423 415 Christi
445 389 560 423 liguram
583 387 716 418 sumitur,
736 385 782 420 qui
803 392 902 419 nempe
924 385 1121 411 immaculatus
1141 390 1182 412 est
1205 394 1254 413 nec
1276 391 1386 421 peccato
1406 387 1575 420 inquinatus.
1597 385 1752 412 Adducitur
1773 393 1821 411 au-

134 439 188 461 tem
206 432 240 460 ad
261 432 430 459 tabernaculi
454 432 524 459 tores
543 432 566 458 is
587 430 633 465 qui
655 430 710 464 pati
728 437 783 456 nou
804 433 912 455 recusat
932 436 980 463 pro
1000 429 1115 455 ecclesia
1133 436 1197 461 sua,
1218 430 1294 457 iuxta
1315 430 1398 457 illud:
1422 439 1469 465 pro
1490 430 1528 457 eis
1549 430 1691 457 sanctifico
1711 438 1761 465 ego
1781 438 1821 457 me

133 478 239 513 ipsum,
260 476 288 503 id
308 480 349 503 est
369 475 477 503 adduco
497 480 523 502 et
544 474 639 502 offero.
660 475 808 507 Postquam
831 480 893 499 vero
912 473 936 499 is
958 472 1005 507 qui
1027 473 1160 507 peccarit,
1184 481 1281 500 manus
1300 474 1565 508 imposueritntunc
1586 474 1615 500 fit
1635 474 1739 501 caedes.
1763 475 1822 509 lpse

131 522 207 548 enim
228 525 339 555 peccata
360 524 453 547 nostra
475 519 562 551 tollit,
583 522 609 545 et
628 525 676 552 pro
698 516 776 543 nobis
797 516 872 543 dolet
893 517 1050 551 nostrisque
1071 517 1215 551 operibus:
1237 517 1327 551 operis
1349 518 1357 527 ‘
1378 518 1450 544 enim
1472 523 1497 545 et
1517 518 1595 545 acttis
1616 519 1701 552 ligura
1725 526 1823 545 manus
1858 523 1867 530 ⁴
1884 526 1917 542 ar.
1935 529 2007 552 *172³

132 570 181 593 est.
204 566 287 591 Porro
309 572 400 591 coram
423 564 541 591 Domino
563 561 727 589 caedebatur
747 569 853 594 agnus,
879 561 980 587 etenim
1003 561 1109 587 volente
1133 565 1208 595 patre
1230 562 1320 595 passio
1341 562 1442 588 Christi
1465 563 1608 589 servatoris
1630 566 1737 597 peracta
1760 561 1822 588 fuit.

132 611 224 636 Sumit
244 613 335 636 autem
356 609 389 636 de
410 608 544 642 sanguine
565 607 638 638 eius,
658 609 685 632 et
703 613 781 632 arcae
802 605 1022 640 propitiatorium
1043 609 1084 632 ter
1107 605 1241 639 aspergit,
1262 606 1326 640 quia
1351 606 1475 632 Christus
1496 606 1584 633 sactus
1606 611 1646 633 est
1668 606 1823 641 propitiatio

131 653 266 682 sanquine
287 661 336 680 suo
352 642 508 680 testamenti
521 650 633 678 aeterni.
655 649 762 684 Septies
777 649 911 684 aspergit,
925 649 989 684 quia
1006 648 1123 684 perfecta
1143 649 1222 676 nobis
1241 648 1304 675 data
1320 653 1359 676 est
1373 650 1497 676 remissio
1512 658 1557 684 per
1572 651 1735 677 sanoninem
1749 650 1821 681 eius,

132 681 268 732 perlectus
283 698 383 732 quippe
398 703 530 723 numerus
549 694 719 729 septenarius
738 698 787 720 est.
809 694 917 720 Cornua
940 693 1023 720 etiam
1045 693 1126 728 ungit
1137 693 1233 720 altaris
1247 693 1366 725 incensi3
1387 702 1507 728 namque
1519 693 1587 720 odor
1607 695 1665 720 eius
1686 702 1758 721 mors
1772 695 1823 721 tuit

132 750 180 776 pro
198 741 296 768 mundi
313 741 411 768 salute.
431 739 564 773 Reliquus
583 738 696 773 sanguis
713 745 796 772 super
816 737 903 764 altare
921 737 1146 764 holocaustorum
1165 736 1375 769 effundebatur,
1397 738 1497 763 etenim
1519 745 1615 772 passus
1632 742 1672 764 est
1689 746 1746 764 non
1765 747 1824 773 pro-

132 790 190 820 pter
211 789 306 821 gentes
325 789 450 817 tantum,
471 791 564 810 verum
584 783 666 809 etiam
689 787 798 818 propter
820 782 950 815 ludaeos,
971 787 1002 809 ut
1020 782 1137 809 salvaret
1155 782 1272 809 ludaeos
1289 786 1315 809 et
1336 782 1469 809 ethnicos.
1490 782 1598 808 Ablatis
1618 782 1736 818 denique
1753 783 1823 810 inte-

130 831 212 857 stinis
233 830 307 863 eius,
327 828 505 855 offerebatur:
527 835 591 854 nam
612 827 738 854 Christus
757 834 839 853 carne
856 831 930 854 extra
952 831 1058 861 portam
1079 834 1174 861 passus
1194 831 1249 859 est,
1271 827 1391 853 animam
1410 831 1501 853 autem
1523 827 1593 861 patri
1611 827 1821 854 commendarit.

130 875 254 907 Ungitur
274 873 356 900 etiam
377 872 494 899 exterius
518 871 617 898 altare:
639 875 733 898 sancta
756 872 858 906 quippe
880 871 936 903 lex,
957 875 984 898 et
1005 870 1039 897 ad
1059 871 1161 898 Christi
1183 871 1352 905 agnitionem
1375 870 1477 898 dociles
1497 878 1604 897 vocans.
1627 872 1822 898 Verumtamen

131 918 227 953 legalis
250 916 369 952 pontifex
391 916 475 943 semel
497 917 525 942 in
550 918 738 942 sanctuarium
762 915 907 948 introibat,
928 923 991 942 cum
1016 919 1159 942 taurorum
1181 915 1316 947 sanguine
1337 920 1418 950 atque
1442 915 1596 948 hircorum,
1617 915 1743 942 Christus
1762 924 1823 943 vero

130 970 177 997 per
198 961 339 997 proprium
363 961 527 995 sanguinem
548 960 633 987 semel
655 960 776 987 introivit
796 960 825 986 in
847 964 956 992 sancta,
977 959 1005 986 id
1025 963 1066 986 est
1086 959 1114 986 in
1135 960 1257 992 caelum,
1279 959 1353 994 quod
1373 963 1467 986 sancta
1488 959 1522 986 ab
1542 968 1573 986 eo
1594 960 1756 995 appellatur.

620 1010 670 1030 Non
685 1010 746 1030 cuim
760 1009 784 1030 in
799 1009 931 1030 manufacta
945 1010 1024 1030 sancta
1039 1008 1147 1030 introivit
1158 1008 1267 1030 Christus
1282 1010 1326 1030 etc.
1857 1015 1877 1031 ν.
1893 1014 1925 1031 2¹1.

209 1050 300 1084 Quum
322 1051 397 1077 Deus
419 1049 506 1082 dicat,
528 1049 634 1077 caelum
655 1049 723 1076 mihi
743 1049 859 1076 thronus
878 1053 933 1082 est,
953 1049 1123 1084 requiescere
1143 1050 1233 1083 ipsum
1256 1057 1365 1084 quoque
1382 1057 1463 1084 super
1482 1049 1653 1084 spiritalibus
1672 1050 1760 1076 lilium
1778 1050 1820 1076 di-

127 1094 230 1126 cimus,
251 1098 377 1121 sanctum
399 1094 482 1121 veluti
506 1094 715 1121 tabernaculum
736 1093 883 1120 habentem
904 1094 1027 1125 caelum,
1048 1101 1137 1127 neque
1156 1101 1252 1120 eorum
1272 1094 1360 1120 instar
1379 1094 1426 1128 qui
1445 1094 1624 1128 corporaliter
1643 1094 1670 1120 in
1688 1099 1759 1121 terra
1778 1102 1820 1121 sa-

126 1138 246 1166 cerdotio
267 1139 438 1173 funguntur,
458 1139 562 1174 quique
583 1143 695 1165 cruenta
718 1138 850 1166 sacrificia
872 1138 1036 1173 perficiunt,
1057 1145 1182 1165 verorum
1202 1138 1354 1173 imagines,
1376 1146 1424 1173 pro
1445 1138 1513 1173 legis
1535 1139 1670 1165 instituto.
1693 1140 1819 1173 Quanam

125 1191 188 1210 vero
209 1183 313 1209 ratione
335 1191 410 1210 nunc
431 1191 480 1218 pro
501 1183 580 1210 nobis
601 1187 714 1218 apparet
734 1183 823 1209 vultui
846 1183 916 1209 Dei?
934 1184 1031 1209 Nonne
1051 1190 1158 1217 semper
1179 1182 1261 1209 etiam
1285 1187 1348 1209 ante
1369 1183 1588 1210 incarnationem
1611 1183 1651 1210 illi
1675 1185 1819 1218 apparuit?

126 1227 250 1254 Profecto
270 1227 349 1254 facile
363 1231 404 1254 est
417 1227 570 1262 pervidere,
586 1229 676 1262 ipsum
694 1235 752 1255 esse
766 1227 926 1255 creatricem
946 1227 995 1254 Dei
1014 1227 1192 1261 sapientiam,
1215 1234 1228 1252 a
1250 1234 1302 1261 qua
1320 1227 1414 1254 onmia
1430 1227 1463 1253 ad
1482 1227 1654 1255 existendum
1674 1233 1739 1255 sunt
1756 1237 1818 1263 pro-

127 1270 222 1303 ducta,
244 1275 325 1305 prout
345 1272 369 1297 ei
394 1271 507 1305 placuit.
529 1272 609 1298 'Nunc
631 1279 692 1297 vero
715 1275 828 1306 apparet
848 1270 1062 1305 haudquaquam
1082 1270 1188 1297 nudum
1212 1271 1271 1297 sine
1293 1279 1374 1298 carne
1397 1271 1530 1303 Verbum,
1551 1272 1624 1298 sicut
1646 1273 1724 1299 initio
1745 1277 1817 1305 erat,

125 1314 172 1342 sed
191 1323 254 1342 cum
273 1319 366 1342 nostra
387 1315 473 1342 forma
495 1319 576 1350 atque
598 1320 706 1341 natura.
728 1316 837 1341 Etenim
858 1314 975 1341 dicimus
991 1315 1027 1341 ita
1042 1314 1183 1342 Christum
1205 1324 1279 1342 nunc
1300 1324 1429 1351 apparere
1449 1324 1497 1350 pro
1517 1316 1611 1349 nobis,
1632 1325 1663 1344 ac
1682 1317 1764 1344 veluti
1783 1318 1817 1344 ad

127 1361 175 1386 Dei
198 1360 282 1394 patris
304 1364 479 1394 conspectum
502 1363 629 1386 naturam
654 1363 776 1386 nostram
801 1358 951 1391 adducere,
972 1367 1140 1393 quamquam
1162 1360 1229 1386 olim
1252 1360 1286 1387 ab
1310 1361 1360 1387 illo
1384 1369 1505 1387 aversam
1530 1365 1642 1395 propter
1663 1360 1763 1388 factam
1787 1362 1816 1388 in

130 1402 231 1429 adamo
248 1404 504 1437 transgressionem.
526 1404 581 1429 Nos
600 1403 691 1437 itaque
712 1403 796 1437 patris
815 1403 924 1429 obtutui
940 1402 1063 1437 exhibet,
1084 1403 1112 1429 in
1128 1411 1156 1430 se
1174 1404 1232 1438 ipso
1251 1405 1334 1431 veluti
1351 1413 1383 1431 ac.
1401 1406 1503 1440 primo,
1524 1410 1660 1440 quatenus
1677 1406 1816 1433 hominem
1853 1411 1891 1430 (ir.
1906 1416 1928 1436 μ.
1946 1413 1989 1430 12¹.

124 1446 226 1473 idcirco
243 1454 271 1473 se
288 1447 366 1479 fecit,
387 1451 419 1473 ut
438 1454 487 1473 nos
506 1446 539 1473 ad
561 1451 667 1481 patrem
686 1446 848 1480 adduceret,
870 1448 985 1482 antiquo
1007 1447 1121 1474 crimine
1142 1448 1284 1481 liberaret,
1305 1453 1386 1484 atque
1406 1449 1439 1476 ad
1461 1450 1529 1477 vitae
1547 1450 1693 1477 novitatem
1714 1451 1816 1486 Spiritu

123 1489 296 1523 transferret,
316 1494 347 1517 ut
368 1490 446 1525 digni
465 1490 595 1526 deinceps
616 1491 701 1526 patris
722 1495 847 1526 respectu
866 1491 1036 1524 videremur,
1057 1496 1197 1527 tamquam
1220 1493 1340 1520 tiliorum
1364 1494 1422 1520 loco
1445 1494 1498 1521 iam
1521 1494 1617 1521 habiti.

503 1539 646 1566 Impossibile
660 1541 720 1561 enim
735 1542 770 1561 est
785 1540 897 1566 sanguine
915 1541 1038 1562 taurorum
1053 1542 1076 1562 et
1092 1541 1212 1562 hircorum
1227 1543 1314 1563 auferri
1330 1544 1430 1569 peccata.
1851 1548 1906 1569 (tw,
1922 1548 1948 1568 Χ,
1968 1557 1982 1568 l,

201 1579 309 1613 Ergone
328 1579 514 1607 iudicabimus
533 1580 621 1614 legem
642 1581 770 1607 mentiri?
789 1581 846 1608 Nisi
867 1581 940 1608 enim
961 1582 1075 1608 sanauis
1094 1585 1237 1608 taurorum
1255 1587 1281 1609 et
1297 1583 1438 1610 hircorum
1458 1583 1598 1611 diluendis
1618 1589 1736 1618 peccatis
1756 1586 1814 1611 sut‘-

121 1622 209 1655 ficiat,
231 1632 280 1650 cur
299 1624 439 1659 legislator
458 1624 540 1650 dixit:
562 1625 726 1659 sanguinem
746 1629 887 1660 asperget,
908 1630 935 1652 et
955 1626 1146 1660 purgationem
1166 1625 1247 1653 faciet
1268 1627 1511 1654 immunditiarum
1531 1628 1651 1655 filiorum
1670 1629 1816 1656 Israhelis?

119 1669 191 1695 Num
211 1668 296 1703 igitur
315 1677 383 1695 vana
403 1669 481 1696 verba
502 1669 610 1696 effutit?
624 1669 713 1696 Absit.
735 1671 881 1705 Ceteroqui
900 1674 989 1705 patet,
1006 1678 1061 1697 non
1082 1675 1137 1697 tam
1157 1671 1373 1705 aenigmatibus,
1391 1680 1474 1707 quam
1491 1681 1518 1700 re
1534 1672 1567 1699 ab
1587 1673 1642 1699 illis
1662 1673 1816 1707 significata

118 1713 260 1740 veritatem
280 1714 319 1741 rei
338 1713 532 1741 demonstrari.
555 1715 603 1741 Est
622 1714 695 1741 enim
716 1715 895 1742 immaculata
915 1715 1024 1742 victima
1045 1715 1188 1748 Christus,
1210 1724 1265 1750 quo
1285 1717 1313 1742 in
1333 1724 1415 1743 carne
1437 1725 1485 1751 pro
1505 1717 1583 1744 nobis
1605 1721 1730 1749 mortuo,
1752 1717 1815 1744 facti

119 1764 214 1784 sumus
233 1765 284 1785 nos
302 1758 455 1791 emissarii,
477 1757 503 1785 id
528 1763 569 1785 est
588 1767 601 1785 a
623 1763 710 1785 morte
730 1763 756 1785 et
775 1759 929 1794 corruptela
955 1759 1131 1792 aufimimus:
1153 1760 1287 1795 redempti
1308 1762 1381 1787 enim
1407 1761 1465 1787 eius
1491 1762 1625 1793 sanguine
1650 1761 1769 1795 fuimus,
1790 1766 1815 1788 et

120 1800 244 1834 qualibet
261 1801 439 1829 immunditia
458 1802 576 1829 liberati.
598 1803 761 1830 Firmiorem
781 1804 875 1838 itaque
891 1811 1046 1831 sermonem
1065 1804 1164 1837 eflicit,
1182 1809 1242 1831 tum
1259 1814 1273 1832 a
1295 1806 1397 1833 vilitate
1414 1810 1534 1833 veterum
1553 1806 1740 1839 oblationum,
1756 1811 1815 1833 tum

119 1843 202 1870 etiam
221 1852 236 1871 a
257 1845 450 1880 magnitudine
471 1846 568 1873 morbi.
590 1848 658 1873 Nam
682 1847 793 1875 morbus
812 1847 925 1883 quidem
946 1848 1057 1875 fortiore
1081 1849 1202 1876 remedio
1223 1849 1380 1885 indigebam
1401 1855 1524 1877 attamen
1544 1850 1660 1885 simplex
1684 1851 1813 1885 sanguis,

121 1896 176 1915 non
201 1894 242 1916 est
265 1890 332 1924 quid
358 1899 498 1926 magnum.
520 1892 608 1926 Quem
635 1892 707 1919 enim
733 1892 900 1920 homicidam
924 1898 972 1924 aut
994 1893 1158 1929 parricidam
1183 1894 1330 1922 brutorum
1355 1895 1518 1922 animalium
1543 1896 1655 1930 sanguis
1679 1897 1816 1930 expiaret?

120 1933 264 1967 Propterea
284 1933 381 1962 beatus
400 1935 538 1962 clamabat
554 1936 640 1963 David
656 1938 682 1962 *ε
704 1937 727 1964 si
743 1937 876 1965 voluisses
895 1938 1077 1971 sacrificium,
1092 1938 1228 1966 dedissem
1249 1939 1358 1974 utique,
1375 1940 1534 1966 holocausto
1550 1947 1605 1966 non
1625 1939 1813 1967 delectaberis.
1850 1947 1858 1952 ·
1874 1944 1910 1966 Ps.
1926 1945 1950 1965 L.
1969 1948 1998 1965 is.

358 1983 412 2004 ltleo
426 1983 558 2010 ingrediens
572 1984 685 2006 mundum
701 1985 771 2006 dicit:
787 1985 887 2006 hostiam
903 1987 926 2007 et
941 1986 1081 2008 oblationem
1098 1987 1207 2012 noluisti,
1222 1993 1308 2014 corpus
1323 1989 1398 2008 autem
1414 1988 1497 2015 aptasti
1513 1987 1578 2008 mihi,
1849 1995 1870 2010 v.
1886 1993 1905 2010 3.

200 2022 330 2050 ldoneam
351 2023 451 2050 indixit
469 2024 538 2058 legis
557 2025 679 2052 alumnis
698 2025 859 2052 umbrarum
880 2034 911 2052 ac.
930 2026 1080 2061 tiam-arum
1102 2026 1294 2062 disciplinam,
1312 2036 1367 2054 non
1388 2028 1424 2055 ita
1446 2033 1537 2055 tamen
1556 2032 1587 2055 ut
1605 2028 1633 2055 in
1651 2028 1692 2055 his
1708 2036 1815 2063 semper

117 2067 307 2095 materialibus
319 2068 401 2095 rebus
417 2076 526 2095 manere
540 2068 681 2096 deberent.
703 2071 772 2097 Nam
786 2070 859 2097 sicut
873 2070 993 2097 artifices
1009 2071 1164 2098 futurorum
1182 2072 1355 2107 opificiorum
1372 2073 1475 2101 fieuras
1490 2081 1550 2100 cera
1568 2073 1644 2100 molli
1661 2074 1813 2102 imitanteS.

118 2111 225 2138 utiliter
243 2115 323 2139 antea
339 2112 391 2139 sibi
406 2112 594 2146 demostrant,
609 2122 665 2141 non
680 2118 711 2141 ut
725 2115 856 2142 illatenus
876 2115 996 2150 ipsorum
1011 2124 1054 2142 ars
1068 2116 1273 2151 progrediatur,
1290 2116 1338 2144 sed
1355 2121 1385 2143 ut
1405 2117 1515 2143 interim
1529 2117 1567 2144 rei
1582 2125 1643 2144 mox
1656 2117 1814 2144 efficiendae

118 2155 274 2191 pulcritudo
293 2161 431 2192 appareat.
454 2158 555 2184 Verum
577 2158 729 2191 enimvero,
747 2160 857 2194 opificio
873 2160 1015 2191 absoluto,
1030 2161 1084 2187 iam
1102 2161 1234 2187 artiticem
1249 2169 1306 2188 non
1321 2161 1547 2194 criminabimur,
1563 2162 1586 2188 si
1602 2161 1719 2196 figuram
1736 2161 1813 2187 dein-

119 2207 181 2234 ceps
200 2201 337 2235 negligat;
356 2202 392 2228 ita
413 2201 536 2235 Christo,
551 2202 597 2238 qui
618 2203 721 2229 veritas
741 2208 795 2236 est,
811 2209 973 2238 apparente,
991 2204 1105 2239 eiusque
1126 2205 1258 2239 religione
1278 2205 1412 2239 adducta,
1429 2206 1525 2233 merito
1545 2207 1598 2232 iam
1619 2205 1812 2232 damnabimus

119 2244 270 2274 figurarum
291 2245 523 2280 ineptitudinem,
544 2251 623 2273 erant
642 2248 715 2273 enim
738 2248 788 2274 hae
809 2248 964 2275 materiales
985 2256 1076 2275 rerum
1099 2249 1326 2276 intellectualium
1350 2250 1494 2284 imagines.
1515 2266 1549 2270 —
1568 2249 1699 2276 Ascendit
1719 2254 1810 2276 autem

120 2287 148 2313 in
167 2287 250 2315 odore
268 2290 410 2316 suavitatis
429 2290 464 2316 ad
483 2291 571 2317 Deum
595 2296 698 2326 patrem
720 2300 782 2319 cum
804 2300 917 2327 corpore
936 2301 1001 2324 suo,
1018 2293 1091 2328 quod
1113 2293 1164 2320 sibi
1185 2294 1219 2320 ab
1239 2295 1298 2328 ipso
1318 2298 1393 2329 patre
1413 2294 1568 2321 consectum
1589 2294 1691 2321 aiebat:
1713 2302 1811 2328 corpus

118 2335 223 2365 autem,
247 2333 351 2368 inquit,
372 2335 471 2369 aptasti
493 2336 569 2362 mihi.

544 2385 593 2405 Una
608 2385 668 2406 enim
684 2385 802 2407 oblatione
816 2387 986 2407 consummarit
1002 2387 1024 2407 in
1039 2387 1206 2414 sempiternum
1222 2388 1384 2409 sanctificatos.
1846 2395 1866 2410 ν.
1884 2392 1915 2410 ll.

198 2422 260 2448 Una
280 2421 434 2456 oblati0ne,
455 2423 482 2450 id
502 2428 543 2451 est
561 2430 644 2459 quam
664 2426 774 2461 proprio
794 2434 905 2461 corpore
925 2427 1039 2459 obtulit,
1056 2427 1168 2461 perfecit
1185 2428 1411 2455 intellectualiter
1429 2436 1478 2455 nos
1499 2427 1641 2462 perfidem
1662 2432 1688 2453 et
1707 2428 1810 2454 sancti-

117 2464 272 2492 ficationem
294 2465 434 2499 Christus,
452 2474 539 2502 quum
559 2468 654 2498 legalis
673 2470 765 2497 cultus
785 2470 855 2497 nihil
876 2471 1026 2505 perficeret.
1048 2472 1194 2506 Propterea
1214 2471 1372 2498 desiverunt
1392 2472 1510 2506 figurae,
1528 2471 1695 2506 cessavitque
1714 2471 1811 2498 veteris

118 2510 273 2536 testamenti
295 2518 358 2537 cum
379 2511 485 2538 umbris
504 2512 562 2539 suis
577 2513 727 2547 inutilitas;
744 2516 953 2550 necessarioque
972 2520 1106 2551 sequutus
1126 2521 1167 2543 est
1187 2516 1308 2543 melioris
1328 2517 1384 2551 spei
1401 2516 1547 2547 adventus,
1564 2524 1617 2550 qua
1636 2516 1692 2542 Deo
1712 2523 1810 2551 appro-

117 2555 300 2588 pinquamus,
315 2554 465 2582 mediatore
484 2556 606 2590 Christo,
622 2558 775 2592 pontificali
796 2560 852 2587 vice
871 2559 1018 2595 fungente,
1035 2564 1145 2595 propter
1164 2560 1339 2595 adsumptam
1358 2560 1445 2586 nostri
1460 2559 1680 2587 similitudinem.
1702 2560 1810 2586 Obtulit

117 2597 191 2625 enim
212 2606 240 2626 se
260 2598 350 2633 ipsum
372 2607 420 2634 pro
439 2600 519 2627 nobis
538 2600 566 2627 in
585 2600 696 2628 odorem
717 2603 858 2631 suavitatis
877 2605 935 2631 Deo
955 2605 1035 2639 patri.
1057 2606 1153 2638 Specta
1173 2608 1265 2630 autem
1288 2603 1361 2638 quod
1382 2604 1436 2637 ait,
1458 2604 1591 2631 sacrificia
1612 2604 1658 2630 illa
1679 2604 1733 2630 iam
1754 2611 1807 2630 non

117 2641 218 2669 offerri.
242 2642 271 2669 Id
291 2642 417 2670 videlicet
435 2652 466 2670 ex
486 2643 633 2671 traditione
658 2653 712 2672 non
738 2647 839 2682 scripta
858 2648 985 2683 sumpsit.
1008 2649 1078 2675 Tum
1099 2648 1180 2674 etiam
1206 2647 1397 2682 propheticum
1417 2647 1533 2674 effatum
1553 2647 1683 2682 protulit:
1705 2647 1808 2675 sacrifi-

115 2687 190 2714 cium
209 2691 236 2714 et
256 2687 423 2714 oblationem
443 2688 566 2715 noluisti.
588 2689 677 2719 Dixit,
692 2689 828 2718 dimisisse
840 2693 928 2719 Deum
949 2697 1073 2727 peccata,
1091 2692 1171 2727 idque
1194 2699 1288 2719 rursus
1302 2700 1333 2718 ex
1347 2700 1403 2718 non
1419 2691 1521 2726 scripto
1540 2691 1698 2719 testimonio
1718 2693 1808 2718 tirmat

115 2730 221 2759 dicens:
239 2737 409 2760 contestatur
427 2737 520 2760 autem
536 2733 615 2760 nobis
635 2734 717 2761 etiam
734 2735 852 2769 Spiritus
867 2741 989 2764 sanctus.
1011 2736 1084 2771 Quid
1100 2737 1287 2763 contestatur?
1303 2736 1435 2763 nimirum
1451 2735 1565 2763 dimissa
1582 2741 1690 2772 peccata
1707 2736 1805 2769 fuisse,

116 2776 177 2811 quia
198 2776 317 2811 perfecte
336 2777 462 2804 Christus
481 2785 531 2804 nos
551 2777 676 2805 liberarit
696 2786 750 2805 una
771 2779 923 2814 oblatione,
944 2782 1094 2816 quominus
1113 2780 1233 2807 secunda
1253 2788 1392 2815 egeamus.
1842 2784 1880 2804 Gr.
1893 2789 1917 2810 p.
1935 2786 1978 2805 ηπ.

553 2826 645 2848 Iri-itam
660 2826 712 2853 quis
726 2827 812 2848 faciens
826 2827 898 2856 legem
914 2830 1014 2856 Moysis,
1029 2829 1079 2850 sine.
1093 2829 1242 2849 miseratione
1257 2829 1365 2850 moritur.
1841 2833 1862 2848 v.
1878 2829 1910 2848 28.

193 2865 343 2894 Adulteros
362 2866 501 2899 videlicet,
523 2866 691 2900 homicidas,
709 2875 818 2902 magos,
835 2868 1034 2901 incantatores,
1052 2870 1172 2903 itemque
1191 2872 1330 2903 apostatas
1349 2872 1492 2896 cruentam
1511 2869 1588 2898 luere
1607 2877 1723 2905 poenam
1744 2869 1805 2897 abs-

105 2916 164 2946 *que
187 2911 362 2938 miseratione
382 2911 528 2946 praecepit.
