2205 3177
197 1010 250 1030 'Oe
276 1009 312 1029 Nl.
331 1012 348 1029 Ι.

161 2158 166 2164 ’
184 2156 189 2175 l
212 2156 270 2176 Petr.
282 2155 319 2176 III.
332 2159 350 2175 ⁹.

162 2274 168 2282 ·
181 2271 197 2291 l.
209 2271 260 2291 Γοι-4
273 2271 309 2291 tv.
321 2274 352 2291 13.

161 2329 170 2338 ⁹
183 2329 197 2348 l.
210 2328 268 2348 l'etr.
282 2328 299 2348 11
321 2332 351 2347 ·.’·’.,

390 179 452 212 278
891 187 918 209 s.
948 187 1074 209 crium
1103 187 1322 209 Ati-:xantum
1350 187 1555 210 exeratsAno

387 265 450 298 pro
473 268 486 281 «
511 262 645 285 summo
671 251 705 283 in
732 250 840 293 gradu
870 251 1104 295 prosperitatis
1131 251 1369 296 potentiaeque
1396 257 1486 284 sunt.
1513 265 1528 281 »
1555 250 1652 284 Unde
1678 251 1755 285 ilict,
1783 252 1896 285 addit:
1924 252 2062 286 eosdem

384 321 522 355 quoque
542 307 723 342 roboratos
743 308 800 340 adi
810 319 906 340 ersus
925 320 972 340 se.
991 307 1233 352 ‚llultiplicatos
1253 320 1354 346 xero,
1372 314 1403 341 et
1424 307 1564 352 quidem
1586 309 1708 341 iniuste
1727 308 1807 342 dicit
1827 321 1944 343 osores
1964 321 2059 345 suos.

384 368 462 412 quia
490 372 631 412 propter
653 366 709 398 l)ei
730 365 970 398 alienationem
999 365 1032 397 id
1059 377 1198 410 quoque
1225 366 1378 399 accidere
1398 366 1506 403 solet,
1528 366 1568 399 iis
1593 366 1651 410 qni
1679 372 1895 410 peccatorum
1922 378 2062 400 suorum

385 435 500 459 causa.
521 422 699 456 atterendo
719 428 926 467 purgantur.
945 429 974 454 et
997 423 1031 455 in
1053 422 1231 456 laboribus
1250 422 1556 468 vexationibusque
1573 429 1764 456 versantur.
1783 424 1956 468 Siquando
1974 425 2063 458 euim

384 481 482 514 alicui
510 481 672 523 contingit
696 481 752 512 Dei
777 491 944 513 recessum
972 481 1117 524 experiri
1132 506 1139 515 .
1161 486 1190 513 et
1214 481 1333 526 procul
1361 481 1464 514 oculo
1487 482 1559 514 cius
1578 480 1652 514 sieri
1672 481 1729 525 qui
1751 480 1987 514 omnimodam
2013 493 2065 515 se-

384 538 560 571 curitatem
588 548 759 581 opemque
787 543 959 581 praestare
985 539 1063 574 scit,
1087 537 1140 570 liic
1167 536 1341 571 veteribus
1366 549 1505 583 quoque
1531 538 1648 571 amicis
1673 538 1802 571 invisus
1828 537 1905 575 fiet,
1935 538 2064 571 etiamsi

385 594 477 627 nulla
505 605 603 627 cansa
623 593 836 627 dirimendae
863 595 1029 627 amicitiae
1049 594 1310 639 discordiaeque
1337 596 1576 628 intercesserit.
1606 596 1680 628 Hoc.
1706 595 1887 631 nimirum.
1909 601 1947 628 ut
1966 606 2063 633 reor,

384 658 430 684 est
458 652 580 684 frustra
608 651 799 695 iniusteque
826 650 907 683 odio
934 650 1066 684 haberi.
1097 653 1242 691 Quinam
1270 662 1354 684 vero
1381 652 1445 685 sint
1473 653 1589 697 inique
1614 651 1788 689 odientes,
1811 651 1959 685 declarat
1986 663 2064 685 mox

385 709 417 741 in
438 707 674 753 sequentibus:
696 708 754 752 qni
782 706 1017 741 retribuebant
1047 709 1149 745 milii,
1173 709 1280 753 inquit
1295 735 1302 742 .
1324 708 1412 742 mala
1433 720 1498 754 pro
1517 708 1633 742 bonis:
1656 707 1936 753 obloquebantur
1962 708 2063 745 milii,

385 772 415 798 et
443 765 583 810 quidem
611 777 678 798 non
706 765 749 797 de
776 776 812 797 re
840 766 974 809 iniqua.
997 766 1055 798 sed
1077 766 1119 798 de
1140 765 1303 799 laudabili
1330 777 1452 811 opere,
1477 767 1557 811 quia
1583 767 1744 800 iustitiam
1772 765 1898 799 scilicet
1924 765 2067 810 diligere

385 834 577 868 coeperam.
601 824 684 855 Nam
705 823 762 867 qui
783 823 890 855 Deum
911 822 1130 856 ‹„›llcn‹‘lerunt
1143 849 1150 860 ‚
1172 829 1205 856 ut
1227 823 1314 861 dixi,
1334 830 1466 857 veteres
1484 835 1622 868 quoque
1641 824 1767 857 amicos
1785 823 1998 857 adversarios
2016 834 2068 856 ex-

386 881 584 925 periuntur.
607 886 733 913 temere
754 880 958 915 concitatos,
981 886 1013 912 ct
1033 881 1104 913 sine
1124 892 1222 914 causa
1248 881 1372 919 iratos,
1394 888 1427 914 et
1453 881 1541 914 mala
1561 893 1625 926 pro
1644 880 1744 914 bonis
1763 880 1976 914 retribuendi
1996 886 2067 914 stu—

387 937 515 971 diosos.
544 938 634 981 Ergo
653 949 711 969 sna
732 937 873 970 vulnera
894 938 1078 970 unix‘ersali
1098 939 1169 971 Deo
1189 945 1364 983 retegens,
1385 938 1471 972 solvi
1491 950 1526 972 se
1545 937 1823 972 incumbentibus
1849 938 1947 972 malis
1964 950 2067 983 quae-

388 996 448 1031 rit,
469 994 727 1038 remediumque
748 994 826 1038 petit
848 1005 865 1026 a
887 1006 1099 1039 percussore.
1118 996 1289 1040 Scriptum
1308 1001 1357 1029 est
1377 996 1468 1028 enim
1486 996 1515 1028 't
1531 996 1590 1040 qui
1609 996 1772 1041 percussit
1786 1022 1794 1033 ‚
1811 995 1903 1029 idem
1920 994 2064 1029 sanabit.

387 1052 524 1085 Curatio
551 1058 663 1085 autem
683 1058 783 1096 atque
803 1050 846 1084 ab
867 1051 918 1084 liis
936 1051 1035 1085 malis
1054 1051 1214 1085 liberatio
1235 1053 1309 1092 fiet,
1332 1054 1358 1086 si
1376 1054 1467 1087 Deus
1486 1055 1597 1099 ipsum
1617 1064 1686 1086 non
1705 1053 1939 1098 derelinquet.
1960 1053 2067 1086 immo

387 1121 470 1143 vero
488 1110 619 1142 maiore
638 1121 718 1142 cura
738 1109 778 1142 ad
800 1120 878 1141 emn
899 1109 1194 1147 confirmandum,
1216 1110 1491 1148 defendendum,
1514 1110 1784 1155 salvandumque
1810 1110 1976 1155 vigilabit.
1998 1111 2069 1144 Do-

388 1168 518 1200 minum
538 1173 650 1200 autem
671 1167 788 1200 salutis
807 1168 914 1200 Deum
935 1167 1103 1212 appellat.
1124 1169 1204 1212 quia
1226 1175 1309 1201 nutu
1330 1169 1402 1201 eius
1421 1169 1528 1202 facilis
1547 1169 1608 1202 erit
1636 1169 1688 1202 via
1707 1168 1824 1202 salutis
1845 1174 1877 1200 et
1895 1167 2065 1213 expedita.

988 1262 1219 1301 PSALMUS
1247 1264 1468 1301 XXXVIII.

865 1346 1030 1369 Canticum
1047 1347 1179 1375 fluvidi,
1196 1349 1228 1370 in
1247 1348 1354 1376 finem,
1371 1348 1534 1371 liliatum«)
1551 1348 1593 1377 (1).

483 1398 665 1431 Sacrorum
693 1397 905 1442 psalmorum
932 1403 1052 1431 auctor
1077 1409 1187 1442 quum
1206 1399 1247 1431 sit
1268 1398 1479 1437 ldithumus‚
1500 1405 1534 1432 et
1553 1398 1756 1444 prophetica
1774 1398 1881 1443 gratia
1907 1403 2068 1434 ornatus,

389 1455 557 1487 canticum
585 1465 705 1487 canere
732 1454 951 1498 adgreditur.
973 1466 1120 1499 persona
1140 1455 1279 1488 Davidis
1304 1456 1411 1500 ipsius
1430 1455 1610 1501 adsumpta
1633 1461 1810 1500 peecatum
1836 1466 1935 1488 suum
1962 1453 2072 1487 confi—

389 1513 500 1545 tentis.
524 1511 583 1545 Vel
611 1512 781 1545 canticum
806 1511 947 1556 quidem
967 1512 1074 1545 David
1094 1513 1305 1557 composuit,
1327 1512 1420 1545 dedit
1441 1519 1554 1546 autem
1581 1512 1755 1545 Iditliumo
1775 1518 1810 1545 ut
1831 1511 2003 1557 psalleret.
2034 1511 2071 1543 ln

388 1568 492 1602 finem
511 1581 595 1602 vero
614 1570 755 1602 remittit
781 1580 862 1605 nos.
883 1571 962 1615 quia
983 1569 1152 1603 humanae
1170 1576 1313 1603 naturae
1336 1571 1462 1616 tragice
1485 1571 1574 1604 canit
1594 1570 1829 1614 fragilitatem,
1851 1570 1992 1614 eiusque
2012 1568 2071 1602 ad-

391 1626 463 1660 fore
490 1626 593 1660 finem
613 1627 775 1661 ostendit.
804 1628 970 1660 Recitavit
989 1639 1072 1661 vero
1097 1627 1188 1660 hunc
1208 1628 1378 1673 psalmum
1398 1627 1525 1666 David,
1547 1628 1732 1660 insectante
1750 1625 1992 1664 Ahessalomo,
2013 1627 2072 1659 Se—

388 1685 454 1717 mei
482 1685 704 1717 conviciante.
734 1686 841 1717 Porro
860 1685 969 1718 multa
989 1685 1180 1718 similitudo
1198 1691 1248 1718 est
1267 1685 1456 1731 praesentis
1481 1685 1602 1718 cantici
1621 1696 1700 1717 cum
1719 1685 1896 1729 superiore
1915 1683 2069 1729 psalmo;

389 1741 447 1775 sed
474 1742 563 1774 enim
592 1742 689 1775 illum
717 1742 853 1775 sibimet,
879 1741 920 1775 ad
949 1742 1252 1776 rememorandum
1277 1742 1490 1787 composuit.
1520 1742 1612 1775 hunc
1637 1747 1751 1775 autem
1777 1741 1873 1779 aliis,
1902 1747 1940 1774 nt
1965 1751 2072 1785 aeque

391 1804 608 1843 peecatorum
637 1800 862 1844 paenitentiae
888 1799 1078 1833 studerent.

610 1864 698 1887 Dixi:
716 1866 887 1888 custodiam
904 1866 969 1888 vias
984 1872 1081 1893 meas,
1099 1872 1137 1888 ne
1152 1872 1272 1893 peccem
1287 1866 1398 1893 lingua
1417 1871 1485 1887 mea
1501 1867 1559 1888 ete.
1575 1866 1607 1887 ot
1622 1865 1698 1887 silui
1715 1871 1735 1887 a
1752 1865 1850 1887 bonis.

486 1914 666 1959 Perspicua
694 1914 783 1948 firmi
811 1915 924 1948 cordis
956 1915 1170 1960 significatio.
1204 1917 1291 1949 Nam
1321 1916 1401 1960 quia
1431 1914 1653 1948 multifariam
1680 1914 1795 1959 lingua
1826 1919 2005 1959 peccatur,
2035 1924 2072 1946 ac

390 1982 499 2016 prope
524 1972 636 2004 omnis
662 1973 789 2017 peccati
812 1973 945 2006 initium
966 1985 983 2006 a
1004 1984 1162 2006 sermone
1189 1973 1246 2010 lit,
1269 1972 1391 2006 foedus
1409 1973 1519 2017 inquit
1539 1983 1673 2005 mecum
1694 1973 1766 2017 ipse
1790 1972 1923 2017 pepigi.
1945 1983 1987 2005 ne
2006 1971 2073 2005 lin-

390 2038 454 2072 gua
482 2039 636 2074 peccem:
658 2029 939 2075 quandoquidem
960 2031 1060 2064 otiosi
1080 2032 1182 2063 etiam
1201 2031 1371 2063 sermonis
1396 2031 1483 2063 ratio
1509 2030 1686 2063 reddenda
1704 2030 1787 2067 erit,
1810 2035 1911 2074 atque
1930 2040 1972 2063 ex
1990 2039 2073 2074 pro—

390 2086 473 2131 priis
498 2086 715 2120 sermonibus
740 2087 944 2121 iustiticandi
972 2095 1028 2121 aut
1055 2088 1241 2121 damnandi
1269 2100 1399 2121 sumus.
1429 2088 1493 2121 Sed
1521 2087 1611 2120 dicet
1642 2087 1782 2132 aliquis:
1812 2099 1873 2120 cur
1899 2085 2072 2132 psalmista

391 2150 562 2189 peccaret,
585 2145 668 2177 dum
690 2144 959 2178 conviciantibus
979 2146 1224 2191 responderet?
1244 2146 1402 2179 Dicemus
1422 2156 1505 2190 ergo
1523 2145 1617 2190 quod
1638 2146 1771 2190 sapiens
1788 2145 1906 2178 Petrus
1925 2143 2026 2177 docet
2042 2144 2070 2176 ’τ

393 2201 519 2234 nemini
546 2201 675 2234 malum
704 2214 767 2248 pro
795 2203 886 2236 malo
912 2202 1114 2240 reddentes,
1137 2215 1199 2236 nec
1225 2203 1445 2236 maledictum
1466 2214 1530 2248 pro
1548 2202 1745 2235 maledicto.
1774 2202 1860 2234 Dicit
1887 2202 1970 2234 item
1987 2201 2074 2234 Pau—

393 2257 446 2290 lus
467 2259 496 2290 ἐ
520 2259 691 2292 maledicti
719 2259 972 2297 benedicimus,
995 2266 1027 2293 et
1054 2259 1191 2305 probris
1217 2260 1326 2294 affecti
1353 2259 1585 2294 obsecramus.
1614 2260 1654 2292 Et
1681 2258 1724 2292 de
1750 2260 1930 2292 Serxatore
1955 2259 2073 2291 Petrus

391 2317 435 2347 ait
457 2316 487 2347 ἐ
510 2316 567 2360 qui
594 2327 702 2361 quum
729 2316 993 2349 malediceretur
1013 2328 1081 2350 non
1101 2317 1348 2355 maledicebat,
1370 2328 1478 2362 quum
1498 2323 1671 2362 pateretur
1690 2327 1759 2349 non
1779 2314 2071 2352 comminabatur;

391 2372 451 2405 sed
478 2373 742 2417 commendabat
768 2374 816 2407 illi
843 2375 901 2419 qni
929 2375 1016 2407 iuste
1042 2374 1168 2408 iudicat
1196 2376 1255 2419 (ΞΣ).
1284 2374 1389 2408 Silere
1416 2381 1529 2408 autem
1556 2385 1574 2407 a
1601 2373 1720 2412 bonis,
1742 2373 1998 2419 euphemismus
2023 2379 2071 2406 est

392 2441 456 2475 pro
475 2442 493 2464 a
513 2431 611 2464 malis
631 2431 696 2476 (332
720 2443 842 2477 nempe
863 2438 898 2464 ut
918 2432 1027 2465 oculis
1054 2432 1163 2465 laesos
1177 2458 1184 2469 ,
1206 2432 1361 2465 videntes
1380 2444 1480 2477 saepe
1500 2431 1673 2477 appellare
1693 2431 1853 2464 solemus.
1882 2429 1962 2463 Alio
1986 2441 2075 2475 quo—

393 2497 459 2530 que
479 2499 579 2521 sensu
599 2488 790 2533 intelligere
810 2489 951 2534 poteris.
974 2489 1074 2522 Haud
1093 2500 1157 2533 ego
1177 2489 1332 2533 profecto
1352 2488 1395 2522 de
1415 2488 1556 2522 illorum
1575 2499 1721 2522 numero
1739 2499 1832 2521 eram
1851 2488 1910 2532 qui
1929 2486 1971 2520 ad
1991 2498 2075 2520 con-

490 2581 524 2609 (1)
545 2579 682 2607 Idittnnus
700 2580 772 2607 inter
792 2588 884 2607 saeros
903 2584 1028 2607 cantores
1049 2581 1069 2607 1.
1091 2580 1204 2615 paralip.
1225 2581 1299 2606 XVI.
1316 2584 1359 2606 41.
1376 2583 1419 2606 42.
1440 2580 1528 2606 XXV.
1548 2583 1571 2606 1.
1593 2578 1708 2606 Videtur
1722 2578 1795 2605 idem
1814 2579 1861 2613 qui
1881 2578 1971 2605 Ethan
1990 2578 2011 2604 1.
2029 2585 2073 2612 pa—

396 2621 472 2656 ralip.
494 2624 528 2648 vt
560 2627 603 2650 44.

492 2669 525 2698 (2,
548 2669 627 2694 Hunc
647 2669 717 2695 Petri
737 2673 839 2696 textum
860 2669 1016 2696 recitaverat
1036 2669 1090 2695 iam
1109 2668 1229 2704 Cyrillus
1248 2667 1282 2694 ad
1302 2669 1336 2694 ll.
1354 2669 1414 2695 Cor.
1431 2669 1468 2696 X.
1487 2672 1509 2695 1.
1532 2669 1586 2695 Nos
1604 2676 1667 2695 vero
1686 2668 1724 2694 ibi
1744 2675 1769 2702 p.
1786 2667 1834 2694 lat.
1850 2670 1893 2694 66.
1910 2666 1974 2694 adn.
1996 2670 2019 2692 1.
2041 2665 2074 2692 de

396 2717 423 2736 re
442 2711 507 2736 satis
526 2711 652 2739 diximus.

495 2758 527 2785 3
550 2756 619 2782 Nova
640 2757 745 2783 videtur
764 2766 794 2784 ac
814 2757 971 2784 felicissima
992 2758 1057 2785 haee.
1072 2757 1166 2793 Cyrilli
1185 2757 1329 2792 explicatio
1349 2765 1395 2791 per
1412 2757 1646 2792 euphemismum:
1663 2765 1763 2792 nempe
1781 2765 1825 2783 me
1843 2756 1955 2783 cohibui
1973 2764 1992 2781 (ι
2011 2763 2072 2781 ηια-

397 2798 515 2824 tedicus.
537 2800 580 2824 Sic
599 2804 669 2826 certe
691 2802 739 2827 ut.
760 2803 827 2835 Reg.
844 2803 921 2828 xxi.
942 2806 982 2828 10.
998 2805 1040 2828 13.
1062 2802 1203 2828 Nabothus
1221 2801 1323 2827 dieitur
1343 2801 1517 2828 benedixisse
1536 2804 1594 2828 Deo
1612 2804 1641 2828 et
1659 2803 1734 2836 reqi,
1749 2809 1798 2836 pro
1817 2800 2007 2827 maledixisse.
2030 2799 2074 2825 stc

398 2841 480 2868 Iobus
494 2842 513 2867 1Δ
529 2845 553 2868 5.
568 2842 645 2869 dicit:
664 2853 696 2871 ne
707 2844 788 2878 sorte
804 2848 986 2880 peccaverint
997 2846 1059 2881 filii
1074 2847 1143 2879 mei,
1158 2848 1185 2872 et
1203 2846 1399 2873 benedixerint
1411 2848 1469 2872 Deo
1484 2847 1512 2872 in
1527 2845 1658 2872 cordibus
1673 2847 1746 2879 suis,
1762 2844 1791 2872 id
1803 2849 1845 2872 est
1858 2843 2071 2870 maledixerint.
