2205 3177
526 190 558 211 IN
585 187 764 211 EPJSTOLAM
791 187 827 209 11.
856 186 898 207 AD
925 184 1115 207 CORINTHIOS
1142 184 1213 207 CAP.
1242 184 1278 206 X.
1308 183 1347 206 ET
1374 184 1449 205 xm.
1784 171 1829 204 67

149 257 248 291 tionis
267 254 469 288 memoriam
490 252 638 286 refricat.
668 250 767 292 Quod
788 256 901 284 autem
920 254 1099 293 peccantes
1117 249 1160 281 sit
1179 249 1321 281 omnino
1346 246 1593 292 increpiturus,
1614 243 1830 290 verbumque

149 325 249 348 suum
270 312 423 345 futurum
440 311 482 344 sit
500 311 636 349 efficax,
652 307 858 355 persuadere
875 306 1011 343 nititur,
1029 317 1069 339 ex
1090 306 1280 351 praeteritis
1298 305 1412 339 futura
1428 304 1681 337 demonstrans.
1699 301 1831 334 Idcirco

150 373 213 406 ait:
235 372 261 404 si
287 370 562 414 experimentum
582 366 743 412 quaeritis
768 363 941 409 loquentis
960 363 994 395 in
1014 373 1069 396 me
1088 362 1225 396 Christi.
1246 362 1418 396 Videmini
1445 362 1555 399 enim,
1578 360 1707 405 inquit,
1728 370 1831 405 expe-

146 436 258 466 ctare,
282 433 316 461 ut
343 428 445 460 etiam
470 437 510 459 ex
537 422 757 470 sequentibus
783 420 995 466 cognoscatis
1022 431 1104 453 num
1132 419 1319 464 aliquando
1339 420 1492 453 Christus
1511 419 1545 451 in
1573 429 1628 450 me
1652 417 1827 462 loquatur.

148 488 187 520 Et
214 485 456 530 increpationis
481 484 650 517 rationem
677 478 876 515 concludit:
905 489 947 511 ne
974 477 1119 523 putetis,
1149 478 1278 521 inquit,
1307 477 1405 510 sicuti
1434 476 1574 521 quidam
1601 474 1767 508 increduli
1799 480 1833 507 et

148 542 388 577 contumeliosi
416 542 527 579 aiunt,
549 539 720 573 Christum
744 548 817 571 esse
845 535 1021 569 infirmum
1035 547 1050 571 ς’
1065 540 1187 580 potens
1205 540 1254 567 cst
1274 535 1365 567 enim
1384 534 1418 566 in
1438 532 1554 570 robis,
1576 532 1610 565 id
1636 537 1685 565 est
1705 532 1739 564 in
1758 542 1832 564 cre-

148 600 308 635 dentibus
334 606 367 633 et
393 600 465 632 eius
490 597 634 643 imperio
660 594 844 633 subiectis,
873 593 999 639 quibus
1024 598 1057 626 et
1082 592 1308 626 necessariam
1335 602 1452 624 curam
1479 590 1665 635 impendit,
1694 595 1727 622 et
1753 600 1833 634 pec-

148 665 262 692 cantes
289 657 468 692 convertit.
496 656 664 688 Potestate
683 653 776 686 enim
803 662 884 696 erga
903 662 965 684 vos
992 650 1119 697 pollet:
1141 660 1290 694 namque
1316 654 1481 693 operatur
1500 654 1538 680 ut
1556 648 1662 686 Deus,
1683 656 1833 690 veraque

148 715 298 750 ostendit
324 721 521 748 sanctorum
538 712 641 745 dicta.
663 712 704 744 Et
724 721 840 744 meum
868 720 1008 755 quoque
1033 718 1291 753 quaquaversus
1311 705 1451 739 firmum
1470 705 1647 738 invenietis
1665 716 1738 738 esse
1762 715 1833 737 ser-

149 784 306 806 monem:
335 772 462 817 quippe
486 780 557 803 non
585 779 649 813 ego
676 766 819 813 loquor,
841 766 900 800 sed
929 766 1036 811 magis
1059 766 1118 810 qui
1146 771 1195 798 est
1222 764 1256 797 in
1283 774 1338 797 me
1362 762 1527 796 Clu-istus.
1557 761 1726 801 Quoniam
1751 772 1834 794 vero

149 832 357 864 mentionem
376 828 455 861 fecit
479 827 680 864 hominum,
702 825 762 871 qui
783 837 845 871 per
871 834 1041 857 summam
1060 822 1240 856 stultitiam
1265 819 1505 855 existimabant
1525 819 1696 852 Christum
1715 828 1835 851 revera

150 888 344 924 infirmum,
367 889 551 930 propterea
569 882 665 928 quod
691 893 828 916 crucem
848 881 1062 927 pertulisset,
1083 886 1117 913 et
1136 879 1344 912 ludaeorum
1366 876 1624 923 improbitatem
1643 886 1702 908 seu
1721 875 1836 920 potius

150 946 359 990 impietatem
377 942 610 979 sustinuisset,
632 940 754 973 utilem
780 939 859 973 facit
885 938 1102 984 apologiam,
1124 937 1278 982 mysterii
1300 935 1371 969 vim
1399 934 1598 980 tempestive
1624 933 1659 966 in
1682 932 1835 966 medium

148 1001 339 1039 adducens,
360 1006 393 1033 et
411 998 642 1033 voluntariam
669 997 840 1043 Unigeniti
859 996 1050 1030 edisserens
1069 995 1338 1029 exinanitionem
1350 1019 1357 1031 ,
1380 998 1667 1036 consecutamque
1686 989 1766 1024 inde
1785 991 1837 1023 in-

147 1056 418 1104 comparabilem
444 1056 574 1102 gloriae
599 1053 860 1089 sublimitatem.
882 1054 1024 1098 Utique,
1046 1053 1177 1097 inquit,
1201 1057 1238 1085 ut
1264 1057 1386 1097 putant
1411 1050 1469 1095 qui
1497 1061 1513 1083 a
1542 1048 1610 1082 fide
1631 1048 1751 1094 procul
1775 1047 1837 1081 ab-

146 1122 245 1155 sunt,
271 1114 317 1150 ob
343 1126 440 1149 suam
466 1113 704 1148 infirmitatem
729 1112 912 1146 crucifixus
938 1111 1022 1159 fuit,
1050 1122 1169 1156 passus
1196 1116 1245 1143 est
1272 1115 1309 1143 nt
1336 1109 1462 1146 homo,
1491 1114 1523 1141 et
1549 1113 1772 1153 spontaneam
1801 1107 1836 1140 in

147 1186 249 1208 carne
276 1179 426 1207 mortem
452 1172 603 1217 excepit3
623 1170 683 1205 sed
710 1176 846 1216 praeter
870 1169 973 1208 haec,
994 1168 1082 1202 illud
1108 1179 1249 1213 quoque
1276 1176 1483 1212 cognoscere
1508 1177 1598 1211 opus
1623 1171 1690 1203 est,
1713 1176 1837 1210 nempe

147 1230 244 1276 quod
263 1230 393 1264 inferos
411 1229 627 1276 spoliaverit.
644 1229 766 1263 mortis
785 1228 975 1273 potentiam
993 1227 1173 1261 calcaverit
1185 1252 1192 1263 ,
1214 1226 1313 1259 tertia
1332 1225 1388 1258 die
1407 1224 1650 1261 resurrexerit,
1669 1222 1761 1256 haud
1780 1223 1838 1256 hu-

148 1300 248 1322 mana
268 1289 301 1321 vi
320 1294 419 1322 utens
438 1287 499 1321 sed
517 1287 634 1320 divina
652 1293 686 1320 et
703 1285 882 1320 ineffabili.
901 1285 1013 1318 Solius
1032 1284 1124 1317 enim
1143 1284 1203 1317 Dei
1224 1283 1365 1329 propria
1383 1282 1633 1327 omnipotentia
1652 1287 1720 1317 est:
1736 1282 1782 1314 ita
1801 1287 1836 1314 ut

149 1346 270 1379 mortis
295 1356 435 1390 quoque
461 1346 653 1390 potentiam
671 1343 881 1379 dissolvere,
903 1348 937 1375 et
962 1340 1180 1387 corruptelae
1205 1340 1395 1374 obnoxium
1422 1350 1548 1385 corpus
1572 1338 1838 1372 immortalitatis

149 1402 319 1438 beneficio
337 1403 468 1436 donare
495 1408 611 1447 queat.
639 1402 731 1445 Ergo
756 1406 879 1445 sponte
898 1399 1059 1432 sustinuit
1085 1410 1273 1444 parumper
1298 1397 1466 1432 infirmari
1494 1399 1529 1431 in
1557 1398 1668 1431 carnis
1693 1403 1835 1435 natura;

146 1459 442 1506 quemadmodum
459 1459 594 1497 scilicet,
611 1457 774 1497 esurisse,
796 1457 925 1495 sitisse,
947 1456 1069 1490 labore
1096 1456 1255 1501 fatigatus
1280 1455 1424 1494 dieitur,
1446 1462 1480 1488 et
1504 1455 1655 1500 deniqne
1681 1461 1839 1489 mortuus

146 1516 335 1551 secundum
354 1516 660 1562 dispensationem.
689 1515 755 1549 Sed
773 1515 858 1549 vivit
884 1515 1010 1548 virtute
1029 1515 1108 1552 Dei,
1131 1526 1242 1559 neque
1269 1513 1312 1548 ab
1336 1514 1404 1548 alio
1430 1514 1716 1559 omnipotentiam
1743 1524 1839 1547 acce-

147 1574 216 1620 pit,
238 1573 297 1608 sed
323 1574 504 1620 propriam
531 1572 655 1612 habet,
676 1579 711 1607 et
737 1572 1010 1606 substantialiter
1033 1583 1112 1606 cum
1131 1572 1203 1605 Deo
1222 1578 1285 1606 est.
1314 1572 1451 1617 Quippe
1471 1572 1561 1605 Deus
1580 1577 1629 1605 est
1648 1571 1706 1604 ille
1725 1571 1784 1616 qui
1804 1572 1838 1604 in

147 1643 248 1665 carne.
268 1638 412 1678 propter
440 1643 503 1666 nos
530 1642 649 1678 passus
676 1637 739 1666 est.
769 1630 922 1676 Ideoque
941 1630 1035 1677 plebi
1061 1629 1270 1664 Iudaeorum
1295 1630 1508 1676 significans,
1531 1641 1567 1664 se
1590 1641 1701 1675 neque
1728 1630 1839 1663 carnis

146 1688 362 1723 debilitatem
380 1700 558 1736 respuere,
577 1701 691 1735 neque
709 1689 846 1722 virtutis
865 1699 945 1722 suae
964 1688 1196 1722 excelsitatem
1214 1688 1348 1727 velare;
1365 1688 1505 1727 solvite,
1522 1688 1631 1733 inquit
1643 1714 1650 1725 ,
1669 1687 1838 1733 templum

148 1747 232 1786 hoc,
254 1753 286 1781 et
305 1759 370 1793 ego
390 1747 500 1781 tribus
519 1746 643 1781 diebus
661 1747 753 1781 idem
780 1745 992 1780 instaurabo.
1022 1747 1062 1779 Et
1087 1746 1259 1792 siquidem
1278 1757 1359 1780 vere
1383 1747 1428 1779 ait
1452 1745 1552 1779 divus
1578 1745 1702 1779 Paulus
1727 1746 1837 1779 Deum

149 1805 213 1838 sibi
239 1806 410 1839 dicentem
438 1804 573 1839 audisse
593 1805 622 1838 ἐ
649 1819 664 1837 «
686 1806 795 1839 virtus
821 1805 856 1838 in
881 1804 1081 1838 infirmitate
1106 1803 1284 1850 perficitur
1307 1818 1321 1835 »
1344 1804 1429 1849 quid
1457 1804 1491 1837 ni
1517 1804 1671 1849 oportuit
1699 1804 1837 1836 Emma-

148 1861 287 1895 nuelem
312 1869 411 1896 antea
437 1864 472 1896 in
498 1874 602 1897 carne
627 1862 815 1901 infirmari,
837 1869 876 1897 ut
900 1869 1018 1908 postea
1042 1863 1208 1897 divinitus
1232 1861 1484 1896 roboraretur?
1510 1862 1575 1902 Qui
1594 1873 1677 1907 ergo
1696 1861 1838 1895 scanda-

150 1919 295 1953 lizantur
319 1920 429 1954 crucis
456 1931 576 1959 causa,
598 1921 620 1953 ii
647 1920 861 1954 admirentur
885 1922 1187 1955 resurrectionem.
1216 1920 1355 1954 Etiamsi
1374 1931 1459 1954 vero
1478 1920 1603 1953 dicitur
1627 1920 1743 1953 vivere
1767 1919 1838 1952 vir-

150 1982 221 2011 tute
244 1978 324 2015 Dei,
346 1978 570 2012 nihilominus
596 1977 772 2024 reputabis
796 1979 857 2012 Dei
883 1979 1046 2013 virtutem
1072 1990 1146 2013 esse
1173 1980 1286 2024 ipsum
1313 1977 1438 2012 filium.

323 2075 384 2107 Ex
410 2074 722 2109 anathematismis
747 2075 887 2109 Iuliani
911 2074 1231 2110 halicarnassensis
1259 2085 1291 2109 ec
1317 2075 1436 2109 Severi
1460 2074 1665 2109 antiocheni

438 2133 722 2179 responsionibus
749 2133 785 2167 in
808 2133 927 2167 codice
953 2143 1024 2168 vat.
1050 2133 1191 2180 syriaco
1213 2135 1315 2168 CXLI
1321 2160 1328 2167 .
1347 2133 1386 2179 s.
1413 2134 1490 2167 108.
1514 2133 1546 2167 b.

334 2231 474 2264 Sanctus
499 2230 650 2276 Cyrillus
677 2230 767 2265 libro
790 2231 835 2277 (1)
856 2232 1005 2278 septimo
1030 2233 1064 2266 in
1091 2232 1272 2278 epistolam
1298 2233 1341 2266 II.
1371 2231 1414 2265 ad
1440 2231 1648 2266 Corinthios.

247 2323 358 2357 Veluti
385 2335 465 2358 cum
490 2326 567 2370 quis
593 2337 733 2360 aeneam
757 2332 903 2360 statuam
929 2327 1090 2361 inaurare
1108 2326 1305 2365 contendit,
1327 2325 1421 2360 haud
1439 2325 1569 2359 idcirco
1596 2336 1651 2358 aes
1679 2333 1836 2357 corrum-

154 2380 221 2425 pit,
243 2380 302 2414 sed
328 2382 358 2414 ei
387 2382 500 2426 potius
525 2382 736 2428 splendentis
764 2385 837 2418 auri
865 2384 1037 2419 honorem
1066 2384 1241 2430 adiungit;
1270 2384 1314 2417 ita
1342 2395 1468 2429 corpus
1494 2388 1651 2416 nostrum
1678 2392 1755 2414 cum
1784 2381 1836 2414 in-

152 2437 466 2483 corruptibilitatis,
488 2439 774 2481 immortalitatis,
803 2449 906 2488 atque
932 2442 1213 2488 impassibilitatis
1238 2448 1369 2476 vestem
1394 2441 1532 2478 induet,
1562 2452 1579 2473 a
1607 2445 1727 2473 natura
1753 2450 1836 2485 pro-

153 2496 226 2541 pria
252 2506 322 2529 non
347 2496 511 2531 discedet.

321 2585 574 2631 Fragmentum
600 2587 865 2633 eoeplanationis
893 2589 929 2623 in
955 2589 1141 2637 epistolam
1168 2589 1219 2622 atl
1244 2589 1393 2622 Galatas
1419 2599 1498 2633 cap.
1521 2587 1541 2619 I
1550 2587 1583 2619 V.
1610 2587 1664 2620 19.

248 2670 395 2703 Criuru.
426 2670 538 2704 Filioli
558 2672 643 2709 mei,
663 2683 752 2717 quos
775 2674 900 2707 iterum
920 2675 1094 2721 parturio,
1120 2674 1231 2707 donec
1255 2672 1370 2717 magni
1390 2677 1421 2704 et
1440 2682 1543 2716 supra
1571 2671 1756 2705 humanam
1775 2682 1833 2705 na-

154 2734 266 2761 turam
293 2728 505 2762 characteres
531 2729 666 2763 deitatis
689 2730 812 2764 Christi
839 2739 950 2767 vestra
976 2733 1010 2766 in
1038 2738 1152 2766 mente
1178 2731 1434 2776 imprimantur.

254 2814 284 2843 >1)
303 2811 353 2838 Yel
375 2819 499 2839 sermone
521 2816 569 2839 aut
592 2813 720 2840 sectione.
741 2813 784 2840 Sic
807 2814 901 2849 Cyrilli
924 2815 953 2842 in
973 2816 1071 2843 Oseani
1092 2813 1305 2841 commentarius
1326 2813 1354 2840 in
1376 2816 1481 2848 septeni
1501 2820 1585 2848 aeque
1609 2816 1696 2839 tomos
1718 2820 1765 2840 seu
1790 2820 1833 2839 se-

153 2856 255 2883 ctiones
273 2855 376 2884 divisus
397 2857 573 2893 conspicitur.

1877 1415 1915 1435 (ir,
1930 1420 1952 1440 ρ.
1971 1416 2013 1434 103.

1879 1819 2062 1841 ·lt.c0r.x11,⁴1
