2205 3177
176 1852 182 1858 ·
190 1848 269 1870 Matth.
277 1848 325 1870 ΧΠ.
333 1852 363 1869 -11,

199 2195 204 2199 “
222 2191 250 2212 lt.
268 2191 333 2212 Lx‘tt.
350 2194 367 2211 ὦ.

233 2362 270 2382 tir.
285 2368 299 2387 p
322 2365 366 2382 31711.

405 162 471 193 2:36
907 170 934 191 s.
963 169 1089 191 CYRILLI
1115 169 1334 191 Ati-:mmmm
1362 169 1564 192 exrrnnto

946 238 982 260 Et
1000 237 1193 260 exultatione
1209 238 1302 261 colles
1319 239 1533 265 accingentur.

498 294 619 324 Sensus
645 296 706 323 est.
736 291 793 322 Dci
821 296 1006 335 apparente
1034 290 1258 335 benignitate.
1281 303 1318 324 ea
1344 303 1430 335 quac
1457 291 1538 323 olim
1566 297 1636 324 crat
1663 279 1796 325 deserta
1817 298 1905 325 terra
1929 292 2069 326 fructifi-

402 349 507 383 cabit:
525 354 554 380 ct
577 347 681 380 collos
700 347 832 380 idolicis
851 347 1021 381 sacrificiis
1040 348 1181 393 polluti,
1198 349 1342 393 receptis
1360 348 1401 381 ad
1420 347 1642 381 habitandum
1664 347 1860 383 hominibus
1878 351 2064 395 angelicam

401 407 503 437 vitam
531 403 770 450 profitentibus
786 430 793 440 ,
823 404 1052 438 laetabuntur.
1082 405 1141 438 Vel
1168 405 1314 439 collibus
1339 411 1515 450 comparat
1541 411 1733 438 sanctarum
1759 406 1978 440 ecclesiarum
2004 418 2066 452 per

402 469 553 507 tempora
573 462 692 496 duces.
714 468 745 494 ct
766 462 975 507 populorum
997 462 1169 508 praesules
1187 475 1246 496 scu
1267 469 1418 508 pastores
1437 469 1537 507 atque
1557 464 1747 507 magistros.
1776 464 1861 497 Nam
1881 466 1965 498 sicut
1985 476 2066 510 prae

401 519 530 563 reliqua
550 520 643 552 omni
664 520 801 563 regione
827 520 973 553 eminent
996 527 1129 553 montes
1154 521 1343 565 collesque.
1365 521 1409 553 ita
1437 521 1563 565 pariter
1588 527 1783 553 sanctornm
1806 521 1988 555 doctorum
2014 522 2067 555 di-

402 577 509 620 gnitas
536 578 654 609 ceteris
680 576 842 609 excelsior
868 583 929 610 cst.
960 578 1000 609 lti
1027 578 1128 610 etiam
1154 577 1362 610 exultatione
1389 578 1630 622 accinguntur,
1660 577 1692 609 id
1720 584 1769 611 est
1794 579 1899 612 sancti
1925 579 2069 624 Spiritus

404 632 670 665 tumulationem
699 633 784 666 intra
811 644 844 665 sc
871 633 1009 667 habent.

960 699 997 721 ΕΙ
1017 699 1112 721 §alles
1128 699 1333 721 abundabunt
1351 698 1518 721 frumento.

498 748 588 780 'l‘nnc
608 747 708 780 ctiam
729 747 851 785 mltos,
874 747 906 780 id
927 754 974 780 est
995 747 1171 785 ecclesiae,
1193 747 1353 780 frumenti
1373 748 1465 780 illius
1483 748 1614 793 copiam
1635 748 1919 794 suppeditabunt,
1939 748 1982 782 de
2000 760 2070 795 quo

404 804 568 837 Dominus
587 804 697 837 aicbat
717 805 746 837 'z
771 805 831 838 nisi
851 816 997 849 granum
1018 805 1177 839 frumenti
1197 804 1320 838 cadens
1339 806 1374 838 in
1394 811 1519 838 terram
1545 811 1719 838 mortuum
1744 806 1863 843 fucrit,
1884 807 1995 851 ipsum
2014 818 2071 840 so·-

404 859 475 893 lum
504 867 631 894 manet:
660 862 753 906 qnod
780 863 805 894 si
833 868 1008 895 mortuum
1036 862 1154 900 fuerit,
1182 861 1329 895 multum
1356 861 1502 895 fructum
1529 862 1651 895 adfert.
1680 863 1747 896 Cur
1773 869 1886 896 autem
1911 863 2071 897 ecclesiae

403 918 543 952 xallium
570 920 707 953 nomine
733 919 962 953 denotantur?
982 921 1061 965 quia
1081 921 1243 953 nimirum
1269 919 1550 953 intellectualium
1572 921 1762 959 montium,
1783 920 1818 953 id
1844 927 1893 954 est
1919 920 2071 966 prophe-

404 981 532 1010 tarum.
559 987 661 1021 aquas
687 977 870 1022 excipiunt.

1047 1072 1276 1110 PSALMUS
1303 1072 1422 1110 LXV.

878 1156 915 1179 ln
934 1157 1039 1184 finem,
1056 1158 1211 1180 canticum
1226 1157 1339 1184 psalmi
1356 1157 1602 1179 resurrectionis.

500 1205 662 1239 Praedicit
690 1205 790 1239 simul
817 1207 968 1251 gentium
994 1218 1132 1251 quoque
1156 1207 1368 1240 vocationem
1395 1217 1432 1239 ac
1458 1206 1620 1244 salutem,
1644 1212 1677 1239 et
1701 1206 1986 1240 resurrectionem
2003 1206 2071 1251 spi-

346 1274 355 1277 ·
404 1262 536 1295 ritalem
557 1262 692 1295 illarum
718 1274 805 1307 quae
825 1263 950 1296 deinde
976 1263 1063 1296 facta
1089 1269 1138 1296 est
1163 1264 1318 1301 nunciat;
1341 1269 1444 1308 prout
1469 1262 1598 1296 dictum
1618 1263 1729 1296 fuerat
1747 1264 1776 1295 ‘:
1796 1263 1854 1308 qui
1874 1263 2011 1296 suscitat
2029 1262 2072 1296 de

404 1325 493 1352 terra
511 1320 660 1365 inopem.
682 1321 791 1353 Immo
810 1327 841 1353 et
859 1321 1096 1366 apostolorum
1115 1319 1343 1354 introducitur
1362 1331 1506 1366 persona
1525 1320 1735 1353 narrantium
1752 1325 1877 1365 quanta
1895 1331 1960 1365 pro
1977 1330 2073 1353 evan-

404 1377 509 1420 gelica
536 1377 788 1422 praedicatione
808 1378 895 1422 passi
915 1378 1000 1415 sint;
1022 1383 1055 1410 et
1081 1376 1258 1422 quomodo
1277 1377 1340 1410 hae
1358 1376 1595 1410 tribulationes
1614 1376 1657 1410 ad
1676 1383 1812 1411 aeterna
1831 1376 1954 1422 gaudia
1979 1377 2072 1422 ipsos

404 1432 620 1466 deduxerint.
649 1434 793 1479 Insuper
818 1434 940 1467 iudaici
965 1445 1104 1479 quoque
1130 1433 1250 1480 populi
1276 1434 1415 1467 reiectio
1442 1433 1650 1478 significatur
1677 1432 1736 1478 (t).

855 1499 959 1522 Dicite
976 1500 1054 1522 neo:
1071 1506 1166 1527 quam
1183 1499 1342 1522 terribilia
1359 1502 1431 1522 sum
1449 1506 1542 1526 opera
1559 1500 1627 1522 tua!

500 1549 611 1593 Atque
630 1548 812 1582 historicus
831 1560 967 1587 sensus,
989 1550 1034 1583 ita
1053 1561 1088 1583 se
1106 1548 1209 1583 habet
1229 1549 1288 1594 (2).
1316 1548 1417 1589 Quod
1437 1560 1518 1582 vero
1537 1549 1581 1582 ad
1599 1548 1786 1594 spiritalem
1805 1548 1952 1587 adtinet,
1973 1548 2073 1582 valde

403 1604 569 1639 terribilia
597 1612 673 1639 sunt
700 1617 803 1652 opera
822 1606 965 1645 Christi,
991 1606 1022 1639 id
1043 1613 1093 1640 est
1111 1606 1284 1652 prodigia,
1305 1612 1338 1640 et
1364 1606 1582 1652 impurorum
1601 1606 1782 1651 spirituum
1800 1605 1925 1639 cohors
1943 1605 2069 1651 fugata.

403 1662 544 1695 Culmen
571 1674 653 1696 vero
679 1670 710 1696 et
736 1675 891 1697 excessus
918 1664 1088 1709 potentiae
1114 1665 1185 1697 eius
1212 1664 1437 1702 resurrectio,
1462 1673 1549 1708 quae
1574 1663 1694 1696 mortis
1720 1663 1902 1708 imperium
1927 1664 2070 1703 evertit,

404 1724 435 1751 et
462 1719 654 1753 universam
682 1720 830 1753 hominis
855 1727 1011 1753 naturam
1032 1720 1074 1754 ad
1094 1720 1385 1754 immortalitatem
1411 1725 1565 1753 renovat.
1594 1719 1658 1753 Sed
1678 1720 1768 1753 enim
1788 1719 1940 1754 iudaicus
1961 1731 2073 1766 popu-

404 1775 475 1814 lus,
496 1788 703 1821 quamquam
731 1790 933 1823 magnorum
952 1779 1073 1812 Christi
1093 1778 1339 1811 miraculorum
1361 1783 1548 1822 spectator,
1569 1788 1677 1821 quum
1695 1777 1834 1811 illorum
1855 1784 2071 1823 operatorem

405 1833 565 1867 admirari
591 1834 748 1869 deberet.
770 1842 887 1869 contra
908 1837 1020 1881 potius
1046 1834 1271 1869 maledicebat
1291 1836 1320 1867 ἐ
1344 1834 1398 1868 hic
1418 1840 1487 1867 non
1513 1835 1601 1868 eiicit
1623 1835 1819 1873 daemonia,
1842 1835 1905 1868 nisi
1923 1835 1957 1868 in
1976 1836 2074 1869 Beel-

402 1890 498 1924 zebul
526 1892 787 1926 daemoniorum
813 1894 977 1938 principe.
1008 1894 1046 1925 Et
1066 1899 1142 1938 post
1162 1904 1280 1938 pauca.
1309 1893 1464 1937 Increpat
1491 1902 1574 1937 ergo
1591 1891 1670 1925 illos
1689 1891 1808 1925 beatus
1828 1892 2000 1937 psalmista
2020 1893 2072 1925 in-

403 1950 538 1992 quiens:
561 1949 662 1983 dicite
681 1950 771 1988 Deo,
793 1949 957 1983 terribilia
977 1957 1055 1983 sunt
1073 1961 1177 1995 opera
1197 1956 1266 1983 tua.
1290 1950 1329 1983 Et
1348 1949 1510 1988 desinite,
1533 1950 1594 1987 ait,
1615 1950 1899 1994 intemperantem
1918 1949 2004 1984 adeo
2022 1949 2072 1983 ef-

404 2005 603 2051 frenemque
629 2007 780 2052 lingnam
801 2014 917 2040 contra
944 2008 1099 2041 omnium
1125 2014 1332 2041 servatorem
1354 2007 1526 2040 Christum
1553 2018 1782 2040 commovere.
1813 2008 1897 2041 Sane
1922 2019 1998 2041 mos
2022 2014 2072 2042 est

403 2070 615 2100 sanctorum,
638 2076 706 2097 non
734 2076 854 2110 parum
881 2064 1064 2102 irascendi,
1087 2066 1114 2097 si
1140 2064 1223 2109 quid
1250 2064 1407 2098 nonnulli
1433 2064 1595 2097 adversus
1621 2075 1839 2097 communem
1864 2070 2072 2098 servatorem

406 2120 576 2154 Christum
601 2127 751 2166 peccant.
780 2122 820 2154 Et
847 2121 966 2154 beatus
991 2121 1130 2166 quidem
1155 2121 1264 2155 Daw'd
1290 2122 1404 2154 mitius
1423 2120 1501 2154 illos
1520 2119 1679 2165 obiurgat
1706 2121 1878 2165 inquiens:
1900 2121 2019 2160 dicite,
2040 2128 2071 2155 et

407 2178 548 2222 reliqua.
578 2179 703 2211 Verum
731 2178 896 2223 propheta
923 2178 1023 2211 Isaias
1048 2178 1302 2211 contumeliosis
1328 2178 1380 2211 his
1406 2177 1570 2212 fervidius
1594 2178 1695 2210 instat
1721 2177 1837 2211 dicens
1858 2178 1886 2210 'z
1906 2177 1968 2211 filii
1994 2189 2073 2224 per-

404 2235 509 2272 versi,
531 2235 710 2279 progenies
729 2234 965 2268 adulterorum
985 2246 1022 2268 ac
1042 2235 1240 2268 meretricis.
1262 2235 1303 2268 Et
1321 2235 1425 2280 paulo
1446 2241 1533 2280 post.
1556 2235 1676 2268 Nonne
1695 2245 1755 2268 vos
1775 2235 1853 2268 estis
1872 2235 2073 2280 perditionis

406 2290 489 2324 filii?
510 2292 624 2336 Itaque
652 2298 867 2325 contumaces
893 2303 1053 2330 cernens,
1075 2292 1197 2325 omissa
1218 2291 1259 2324 ad
1279 2303 1337 2325 eos
1363 2292 1600 2330 adlocutione,
1623 2291 1665 2325 ad
1690 2298 1882 2325 accusatum
1901 2292 2071 2326 Christum

405 2347 508 2381 verba
529 2360 610 2381 conx
619 2349 695 2381 ertit
714 2348 846 2381 dicens:
867 2349 974 2382 multa
994 2355 1050 2382 tua
1069 2349 1219 2394 potentia
1243 2355 1308 2387 est,
1329 2348 1609 2394 quandoquidem
1629 2355 1662 2382 et
1681 2349 1806 2381 inimici
1834 2349 1880 2382 tui
1899 2350 2072 2383 mentiun—

408 2411 461 2437 tur
488 2404 566 2442 tibi;
588 2411 708 2450 sponte
735 2406 896 2438 nimirum
917 2411 1035 2438 contra
1054 2412 1206 2438 exortam
1225 2405 1356 2443 mundo
1376 2405 1485 2438 lucem
1512 2405 1748 2443 conniventes,
1770 2406 1853 2450 quin
1872 2412 1985 2440 tantus
2006 2407 2072 2440 mi—

407 2462 603 2495 raculorum
632 2474 786 2496 excessus
813 2462 853 2495 ad
886 2461 1094 2495 credendum
1121 2473 1179 2495 eos
1209 2461 1405 2507 compellat.
1435 2463 1595 2502 Quamvis
1621 2463 1711 2496 enim
1740 2460 1973 2508 magnitudine
2002 2463 2072 2496 vir-

405 2519 485 2551 tutis
511 2531 587 2553 suae
613 2520 779 2553 Dominus
806 2526 941 2557 noster,
965 2520 1124 2565 propriae
1150 2518 1368 2552 humanitatis
1387 2531 1405 2552 e
1432 2520 1575 2553 mortuis
1599 2520 1883 2553 resurrectionem
1908 2519 2068 2566 perfecit,

406 2574 520 2609 hostes
546 2582 657 2610 tamen
682 2578 753 2610 eius
779 2575 924 2610 Hebraei
956 2576 1087 2609 mentiti
1118 2582 1195 2609 sunt
1221 2575 1269 2609 illi
1285 2601 1292 2614 ,
1322 2576 1355 2609 id
1382 2583 1429 2609 cst
1458 2577 1696 2611 resurrectioni
1723 2579 1794 2611 eius
1820 2577 2067 2611 obtrectarunt.

506 2686 538 2713 {t}
558 2684 751 2717 Fragmentum
773 2684 822 2711 hoc
842 2685 888 2711 alii
907 2685 1057 2712 Athanasio
1075 2684 1353 2720 inscripserunt.'Sed
1374 2689 1464 2712 tamen
1484 2685 1592 2712 Nicetes
1610 2694 1626 2713 a
1644 2686 1745 2722 Cyrillo
1763 2686 1857 2713 sumit.

506 2729 539 2756 Ἃ2)
558 2727 656 2754 Nullus
675 2728 743 2754 mihi
761 2729 900 2756 vaticanus
919 2728 1001 2756 codex
1020 2733 1122 2764 partem
1143 2729 1212 2755 hanc
1226 2728 1320 2764 enini
1341 2728 1374 2755 de
1394 2729 1522 2756 historico
1541 2729 1639 2764 psalmi
1658 2738 1739 2757 sensu
1758 2729 1948 2765 suppeditavit.
1965 2730 2070 2757 Cetero-

409 2769 475 2803 quin
494 2768 540 2795 alii
559 2770 588 2796 in
607 2772 709 2798 catenis
728 2776 850 2799 auctores
868 2772 902 2799 de
920 2772 1089 2808 babylonicis
1113 2772 1225 2807 captivis
1243 2772 1372 2806 cogitant.
1394 2773 1449 2799 Alii
1468 2773 1568 2800 rectius
1590 2781 1652 2800 cum
1671 2773 1787 2809 cyrillo,
1808 2778 1839 2800 ut
1856 2773 1926 2800 infra
1945 2777 2069 2808 apparet,

410 2812 544 2847 explicant
562 2812 594 2839 de
613 2814 711 2841 Christi
732 2816 941 2848 resurrectione,
961 2816 1136 2851 gentiumque
1154 2815 1302 2843 vocatione.
