2205 3177
707 181 739 202 ix
766 180 929 202 PSALMUM.
959 180 1007 201 ix.
1038 180 1076 203 ΕΤ
1103 181 1137 202 x.
1696 171 1761 203 117

87 247 153 280 Cur
178 245 279 283 mihi,
302 244 430 288 inquit,
452 244 487 276 in
513 244 585 277 Deo
611 243 795 277 confidenti
823 242 972 276 suadetis
991 249 1028 276 ut
1047 245 1174 288 passeri
1201 243 1385 282 assimiler,
1407 250 1508 289 atque
1526 244 1560 277 in
1580 244 1762 278 altissimos

86 310 219 338 montes
245 302 450 336 convolem‘?
471 302 631 347 Oportuit
657 313 740 346 ergo
766 312 820 334 me
833 326 840 338 ,
863 301 990 345 inquit,
1012 302 1047 334 in
1066 302 1137 334 Deo
1157 302 1388 335 confidentem
1408 313 1624 348 nequaquam
1644 302 1762 336 audire

88 376 103 392 «
127 361 330 404 transmigra
356 360 390 392 in
417 366 551 393 montes
574 374 588 391 »
616 359 674 393 sed
702 357 832 392 laudari
860 359 973 402 potius
999 360 1201 392 sententiam
1226 371 1354 397 meam,
1377 366 1409 393 et
1433 366 1606 405 tamquam
1631 362 1759 406 optima

79 418 220 452 consilia
246 423 396 450 secutam
416 417 530 462 magni
551 416 637 449 fieri.
667 416 799 448 Primus
818 415 932 460 itaque
953 415 1006 448 hic
1026 427 1144 448 sensus
1163 422 1224 449 est.
1251 416 1348 449 Alter
1367 428 1462 450 vero.
1490 418 1688 451 Tentatione
1707 419 1760 451 in—

78 481 204 512 stante,
221 481 255 508 et
273 473 366 507 bello
385 486 465 507 mox
483 475 679 518 insurgente
691 499 698 510 ‚
715 473 769 506 vel
789 473 931 518 spiritali
953 472 1095 506 sortasse
1114 473 1166 506 vel
1188 474 1374 511 exteriore,
1392 474 1570 518 quomodo
1589 486 1651 508 nos
1671 486 1759 508 com-

77 539 214 578 paratos
233 544 304 566 esse
323 539 499 577 oporteat,
522 542 713 565 sermonem
733 532 768 564 in
789 531 926 576 propria
949 542 1094 576 persona
1115 530 1284 576 figurans.
1304 538 1447 564 conatur
1465 532 1607 569 docere,
1625 534 1754 578 aitque:

76 591 111 623 in
130 590 278 623 Domino
298 590 447 622 conlisus
466 600 553 622 sum.
583 589 694 632 Atque
714 587 877 621 hactenus
895 599 1091 621 sermonem
1112 588 1251 625 sistens,
1273 599 1353 620 mox
1382 594 1418 621 ut
1437 589 1546 621 solent
1567 590 1626 634 qui
1653 590 1686 623 in
1707 590 1759 623 di—

76 647 238 680 scrimine
265 653 463 685 versantur,
486 646 597 692 pergit
624 645 757 679 dicere:
779 645 958 690 quomodo
985 645 1096 678 dicitis
1122 646 1254 678 animae
1282 645 1402 678 meac?
1428 645 1462 677 id
1490 652 1559 684 est,
1587 658 1757 691 quaenam

74 705 159 738 mihi
180 703 365 738 laudabilia
384 705 509 737 merito
536 703 675 737 consilia
703 704 943 748 suppeditatis,
967 714 1090 748 nempe
1116 709 1154 736 ut
1180 703 1325 747 migrem
1347 704 1381 736 in
1405 709 1540 737 montes
1566 705 1651 737 sicut
1680 716 1758 750 pas-

75 763 153 796 ser'?
180 763 271 796 Haec
297 762 380 795 mihi
407 760 569 806 afvobis,
591 761 718 806 inquit,
740 761 914 794 dicuntur.
944 762 1030 795 Nam
1056 761 1114 806 qui
1140 761 1212 794 Deo
1239 759 1437 797 confidunt,
1459 772 1518 794 eos
1545 762 1757 796 intellectua-

75 819 153 853 liter
179 819 295 852 volare
320 819 436 855 decet,
458 824 489 852 et
517 819 552 851 in
578 819 701 851 sanctis
728 817 905 851 montibus
924 819 1150 855 commorari,
1172 817 1207 851 id
1227 824 1275 851 est
1295 824 1492 851 sanctorum
1516 818 1656 851 illorum
1677 831 1757 852 con-

76 876 233 922 templari
260 878 362 913 vitas,
384 882 417 909 et
444 875 579 920 probati
606 877 713 909 moris
738 877 906 909 rationem
932 877 1094 914 scrutari,
1117 882 1217 920 atque
1241 876 1396 921 ipsorum
1419 876 1568 920 x‘estigiis
1588 876 1754 910 insistere.

73 935 212 967 Sanctos
238 939 350 966 autem
369 938 503 966 montes
521 932 664 966 dicimus
683 939 818 966 sanctos
845 933 1032 978 propbetas
1052 944 1089 966 ac
1108 933 1226 966 iustos.
1257 933 1289 965 Si
1309 934 1366 977 qui
1394 944 1477 977 ergo
1495 932 1663 966 avolantis
1682 944 1757 978 pas-

74 991 157 1024 seris
182 1001 301 1026 more,
330 989 619 1024 intellectualibus
645 991 697 1024 bis
722 990 920 1024 insidebunt
946 990 1143 1029 montibus,
1172 991 1289 1024 videre
1322 990 1384 1024 bos
1414 989 1532 1023 licebit
1562 991 1757 1036 praeclaros

74 1047 166 1084 fieri,
195 1059 264 1080 non
290 1046 336 1080 ob
362 1048 479 1081 insitas
505 1048 586 1093 ipsis
612 1049 720 1086 vires,
743 1048 801 1081 sed
829 1050 907 1093 quia
933 1049 1006 1082 Deo
1033 1049 1150 1081 contisi
1179 1055 1288 1081 erant.
1319 1049 1472 1093 Denique
1495 1054 1527 1081 et
1555 1048 1623 1081 alio
1650 1049 1755 1082 modo

72 1116 130 1138 eos
148 1106 206 1150 qui
226 1106 298 1139 Deo
317 1104 512 1143 confidunt,
534 1105 639 1139 veluti
667 1117 840 1151 passerem
866 1106 1004 1139 ex‘olare
1030 1112 1167 1150 oportet
1195 1106 1229 1138 in
1256 1112 1402 1138 montes.
1426 1107 1558 1139 Montes
1583 1117 1665 1139 vero
1685 1106 1755 1138 xir-

72 1169 162 1196 tutes
179 1162 340 1201 dicimus,
360 1164 439 1207 quia
466 1163 551 1195 nihil
570 1163 666 1196 humi
690 1170 829 1208 reptans
854 1163 998 1197 habent:
1018 1175 1105 1208 quos
1127 1163 1170 1196 ad
1189 1170 1323 1197 montes
1348 1169 1499 1196 mentem
1523 1170 1676 1196 nostram
1701 1164 1755 1196 ‹li-

73 1220 238 1265 rigentes,
259 1226 290 1253 et
318 1227 533 1253 terrenarum
552 1232 668 1253 rerum
689 1221 897 1254 desiderium
917 1221 984 1254 vile
1003 1221 1230 1266 expellentes,
1252 1227 1371 1254 contra
1392 1220 1575 1265 flagitiosas
1594 1221 1754 1266 volupta-

73 1283 123 1310 tes
147 1278 263 1311 invicti
290 1279 581 1324 permanebimus,

549 1346 625 1369 Ecce
642 1347 726 1369 euim
741 1347 915 1372 peccatores
932 1345 1137 1368 intenderunt
1154 1351 1271 1367 arcum.

167 1396 360 1430 Secundum
385 1408 468 1430 vero
495 1408 690 1442 anagogen,
713 1397 942 1430 necessarium
969 1397 1013 1429 ait
1040 1407 1111 1429 esse,
1139 1395 1405 1429 intellectualem
1424 1396 1457 1428 in
1481 1401 1615 1429 montes
1640 1406 1752 1428 reces-

70 1464 164 1491 sum,
186 1460 305 1499 utpote
332 1453 586 1487 intendentibus
606 1455 672 1486 iam
694 1465 811 1487 arcum
838 1452 1093 1499 peccatoribus,
1119 1460 1152 1486 ct
1171 1453 1342 1498 proelium
1369 1452 1581 1498 parantibus.
1610 1453 1671 1485 His
1690 1464 1750 1486 au-

70 1515 139 1543 tem
164 1510 278 1543 verbis
304 1510 347 1544 ad
372 1511 489 1556 fugam
515 1510 744 1544 hortabantur
770 1512 912 1549 aientes,
935 1511 998 1544 nisi
1026 1511 1176 1556 fugeret,
1200 1510 1272 1544 fore
1298 1517 1333 1544 ut
1360 1510 1458 1543 illum
1486 1516 1682 1556 peccatores
1702 1517 1751 1543 te-

69 1566 215 1600 nebrosa
240 1568 275 1600 in
302 1574 401 1601 nocte
427 1569 556 1613 sagittis
582 1575 800 1614 appeterent,
823 1580 887 1613 pro
914 1569 1002 1601 clam
1028 1575 1061 1602 et
1088 1575 1262 1613 tamquam
1291 1568 1354 1602 sub
1381 1567 1503 1602 hebete
1531 1569 1630 1601 lunae
1657 1568 1745 1601 luce.

68 1624 273 1658 Huiusmodi
292 1626 383 1659 enim
402 1632 480 1659 sunt
500 1626 704 1671 spiritalium
724 1625 875 1659 hostium
895 1627 1127 1660 iaculationes.
1148 1627 1234 1659 Nam
1255 1626 1406 1660 tenebris
1424 1637 1459 1659 se
1478 1626 1589 1659 inx'olx
1598 1637 1658 1659 ens
1676 1638 1749 1660 ma-

67 1681 121 1714 lus
146 1682 311 1721 daemon,
332 1684 366 1716 in
393 1683 579 1728 pulchrum
605 1684 766 1718 ecclesiae
793 1695 918 1729 corpus
944 1684 1052 1718 iacula
1080 1684 1207 1729 dirigit.
1236 1704 1258 1709 —
1283 1685 1480 1718 Peccatores
1498 1684 1643 1729 intelligi
1670 1695 1748 1729 pos-

66 1745 145 1772 sunt
170 1741 273 1774 etiam
300 1740 378 1775 fidei
405 1747 658 1786 persecutores,
681 1748 712 1775 et
731 1742 789 1786 qui
810 1742 864 1787 pie
883 1742 1020 1775 vivendi
1047 1742 1219 1775 studiosos
1238 1742 1352 1787 palam
1378 1743 1598 1776 insectantur.
1629 1742 1667 1774 ld
1687 1753 1747 1774 au—

66 1804 135 1831 tem
162 1803 299 1832 strenue
319 1798 508 1832 admodum
528 1798 654 1832 faciunt
675 1799 783 1833 malae
801 1810 940 1844 quoque
967 1806 1166 1845 potestates,
1189 1811 1291 1833 omne
1318 1799 1519 1834 insidiarum
1542 1811 1649 1844 genus
1668 1810 1745 1832 san—

66 1856 127 1888 ctis
152 1855 378 1890 intendentes.

585 1923 627 1947 [t
644 1925 794 1953 saginent
813 1924 845 1946 in
864 1924 992 1946 obscuro
1010 1926 1107 1946 rectos
1124 1925 1224 1947 corilo.

160 1972 268 2006 Parati
295 1979 371 2006 sunt
401 1973 618 2006 inimicorum
645 1974 678 2006 in
704 1973 855 2006 tenebris
881 1985 990 2006 arcus.
1020 1975 1071 2007 Sic
1091 1975 1182 2007 enim
1203 1975 1387 2020 appellavit
1415 1974 1600 2008 subeuntes
1628 1974 1745 2008 lunam

65 2027 222 2062 tenebras
247 2041 390 2074 eamque
416 2029 675 2064 obumbrantes.
704 2031 795 2064 Tunc
815 2042 897 2075 ergo
917 2031 1079 2064 dimicant
1099 2038 1295 2076 peccatores
1315 2032 1518 2065 daemones:
1540 2043 1688 2076 namque
1708 2033 1741 2065 in

64 2086 140 2120 luce
166 2086 266 2120 ferire
293 2088 398 2121 iustos
425 2094 615 2132 nequeunt,
638 2088 697 2121 sed
723 2089 758 2121 in
784 2089 994 2133 ignorantiae
1014 2089 1182 2126 tenebris:
1204 2101 1282 2123 cum
1302 2090 1478 2123 socordiae
1498 2090 1742 2135 superveniens

64 2143 190 2183 nubes,
212 2144 313 2179 lunae
340 2152 492 2183 nostrae,
514 2146 548 2179 id
574 2153 622 2179 est
650 2147 790 2185 inentis,
814 2147 927 2180 lumen
955 2146 1202 2181 obscuraverit.

487 2212 643 2238 Quoniam
658 2219 738 2239 quae
754 2214 788 2234 tu
807 2213 985 2240 perfecisti,
1002 2213 1063 2240 ipsi
1080 2213 1314 2236 destruxerunt.

156 2261 352 2295 Secundum
372 2273 457 2295 vero
471 2263 670 2307 anagogen,
692 2262 869 2296 manifeste
895 2263 1126 2301 demonstrat,
1149 2264 1208 2297 Dei
1236 2263 1369 2297 bostem
1397 2265 1553 2298 Satanam
1579 2270 1610 2297 et
1636 2263 1742 2296 malas

63 2324 191 2352 ceteras
217 2330 295 2352 cum
321 2330 370 2353 eo.
388 2325 572 2364 potestates
597 2321 652 2365 pie
679 2321 794 2353 vivere
820 2320 1016 2354 volentibus
1041 2321 1208 2354 insidiari.
1238 2323 1455 2367 Propositum
1483 2323 1573 2355 enim
1600 2321 1667 2353 illis
1690 2328 1739 2354 est

61 2376 256 2410 aedificium
275 2377 335 2410 Dei
361 2382 534 2415 evertere,
555 2383 589 2410 et
607 2377 842 2412 voluntatibus
861 2379 932 2411 eius
955 2379 1140 2413 adversari.
1163 2380 1314 2413 Contulit
1333 2380 1441 2416 enim,
1463 2380 1573 2424 inquit
1593 2379 1739 2423 scriptu-

61 2445 98 2467 ra
122 2434 132 2443 '
145 2460 152 2471 ‚
176 2435 334 2468 inimicus
353 2435 529 2468 hominem
548 2436 582 2468 in
601 2436 832 2481 corruptelam
845 2462 852 2471 ,
874 2437 932 2481 qui
953 2443 1066 2470 tamen
1085 2437 1128 2471 ad
1147 2438 1440 2471 immortalitatem
1459 2443 1592 2470 creatus
1612 2435 1732 2469 fuerat.

59 2510 82 2516 —
107 2492 316 2537 Oppugnant
341 2491 524 2525 daemones
550 2492 704 2526 divinum
730 2495 964 2539 propositum:
986 2501 1016 2528 et
1044 2506 1131 2539 quae
1157 2497 1313 2529 omnium
1338 2496 1500 2529 dominus
1518 2495 1562 2527 ita
1582 2493 1736 2527 condidit

60 2554 97 2583 ut
115 2548 203 2583 bene
222 2561 256 2583 se
276 2549 441 2587 habeant,
463 2550 527 2595 ipsi
547 2550 738 2584 destruunt.
768 2552 876 2597 Fingit
898 2553 990 2585 enim
1016 2552 1171 2586 laborem
1192 2554 1225 2586 in
1245 2559 1428 2598 praecepto
1449 2553 1460 2561 ⁶
1480 2552 1666 2597 iniquitatis
1685 2563 1735 2585 se·

60 2606 136 2645 des,
159 2607 192 2640 id
219 2613 267 2641 est
292 2608 440 2641 Satanas.

405 2672 510 2695 Iustus
526 2675 630 2696 nutem
646 2675 722 2701 quid
740 2675 831 2697 fecit?
849 2675 1000 2699 Dominus
1018 2678 1051 2699 in
1070 2677 1185 2703 templo
1202 2678 1308 2699 sancto
1325 2683 1389 2698 suo.

155 2722 285 2755 Iustum
304 2733 394 2755 nunc
412 2723 522 2756 Deum
541 2722 682 2761 fatetur,
704 2723 740 2757 id
759 2724 853 2768 quod
872 2726 960 2759 circa
986 2726 1100 2759 onmia
1127 2726 1267 2770 quidem
1285 2725 1344 2759 sed
1365 2726 1547 2771 praecipue
1565 2725 1653 2758 circa
1679 2725 1732 2757 iu-

59 2785 191 2813 storum
216 2780 359 2814 salutem
385 2779 451 2813 dici
478 2779 686 2825 putabimus.
714 2801 736 2806 -
761 2782 953 2816 Secundum
972 2794 1056 2817 vero
1076 2794 1267 2827 anagogen,
1289 2789 1478 2817 memorata
1502 2782 1632 2817 diaboli
1652 2793 1731 2828 per-

60 2838 234 2882 yersitate‚
255 2838 433 2884 perspicue
452 2838 593 2873 denotat
611 2850 707 2879 eum,
729 2840 787 2885 qui
814 2840 944 2875 salvare
961 2842 1086 2877 valuit.
1110 2848 1210 2886 atque
1230 2840 1272 2875 ab
1292 2841 1383 2875 illius
1406 2841 1629 2888 oppressione
1648 2839 1731 2874 sub-

1798 540 1836 560 (ἐν.
1851 546 1872 566 ρ.
1892 544 1933 560 lsi,

1781 2101 1818 2121 Gr.
1833 2106 1855 2126 [1.
1873 2104 1915 2121 1353.

1777 2450 1785 2455 “
1800 2446 1852 2472 sap.
1869 2446 1895 2467 11.
1911 2450 1943 2467 2³3>

1775 2563 1784 2571 “
1800 2561 1834 2583 Ps.
1846 2561 1923 2583 xcm.
1934 2564 1966 2582 2¹».

1772 2682 1791 2697 Υ.
1807 2680 1825 2697 53.
