2205 3177
204 1153 209 1156 ·
219 1149 234 1169 l,
248 1149 306 1169 Petr.
319 1148 345 1169 ll.
358 1152 388 1168 ·.·-.¹‚

333 1211 352 1225 ἱ,
370 1210 388 1225 ὶζ.

215 1649 272 1694 ἔρ»
290 1648 385 1669 ωωςῐ),4

226 1681 236 1692 t

447 208 508 239 126
946 214 974 235 s.
1002 213 1128 235 evanti
1155 213 1374 235 ALEXANDttht
1402 212 1608 235 EerANATio

1095 309 1322 348 PSALMUS
1352 310 1455 347 XVI.

1004 398 1138 422 Exaudi.
1156 399 1251 425 Denta,
1268 400 1423 421 iustitiam
1441 405 1548 421 menm-

533 450 695 483 lustitiam
723 448 787 481 ho(-
815 449 891 481 loco
918 447 1009 482 haud
1036 450 1195 482 xirtutem
1223 449 1406 494 perfectam
1432 448 1530 486 dicit.
1558 459 1596 481 ea
1623 448 1714 480 enim
1738 447 1891 481 iactantia
1918 447 2104 494 pharisaica

436 508 539 542 foret.
562 506 619 539 sed
648 507 769 538 iustam
790 506 1001 550 petitionem.
1032 507 1112 539 Petit
1141 507 1231 539 enini
1251 506 1357 539 David
1381 518 1449 539 non
1471 505 1579 539 Saulis
1598 505 1754 542 exitium.
1775 504 1833 539 scd
1859 505 2003 539 salutem
2023 516 2107 551 pro-

436 565 555 609 priam.
586 564 742 597 Fortasse
768 569 897 599 autem,
921 564 1084 607 quoniam
1111 563 1211 596 nudis
1237 562 1350 596 x‘erbis
1376 563 1467 596 haud
1494 555 1660 596 auscultat
1685 562 1793 600 Deus,
1817 561 1875 596 sed
1903 563 2018 596 virtuti
2045 574 2104 597 ve-

434 622 493 655 luti
522 621 617 654 factis
643 621 827 658 clamanti,
857 619 955 653 docet
984 632 1045 653 nos
1073 621 1238 666 propheta
1264 620 1442 665 quomodo
1468 627 1501 654 et
1527 632 1589 653 nos
1614 618 1832 653 obsecrantes
1857 620 2100 658 exaudiemur,

432 679 557 712 scilicet
584 677 791 722 suffragante
812 678 949 710 iustitia.
972 678 1071 717 Quod
1094 679 1119 710 si
1141 677 1229 710 sorte
1255 677 1490 722 apostolorum
1517 677 1642 710 chorus
1668 676 1742 710 heic
1761 683 1854 714 orat.
1877 677 2021 710 iustitiae
2038 677 2104 711 do-

431 737 561 769 minum
590 734 738 780 appellat
766 734 957 770 Christum:
981 734 1071 767 haud
1101 734 1192 767 illius
1220 733 1354 779 legalis,
1379 745 1467 779 quac
1493 746 1562 767 non
1588 740 1660 768 erat
1686 731 2019 779 inreprehensibilis,
2042 733 2103 767 sed

431 792 602 838 perstabat
628 804 735 836 usque
762 791 803 824 ad
831 798 966 836 teinpus
991 791 1259 829 emendationis;
1279 790 1338 824 sed
1364 802 1465 825 verae
1492 791 1634 824 omnino
1653 791 1797 824 iustitiae
1823 790 1857 823 id
1883 796 1934 824 est
1958 801 2104 836 evange-

431 850 525 883 licae.
554 849 718 882 Malentes
743 860 825 892 ergo
852 848 997 893 apostoli
1025 848 1262 881 adorationem
1289 847 1488 893 cultumque
1513 848 1547 881 in
1573 849 1713 893 spiritu,
1737 848 1850 881 aiunt:
1871 846 1993 881 exaudi
2019 857 2100 886 nos,

431 908 576 940 Domine
602 913 634 940 et
660 907 750 939 Deus
777 907 938 943 iustitiae,
963 918 1031 938 non
1059 906 1151 938 illius
1178 906 1325 950 typicae,
1348 905 1407 939 sed
1433 905 1533 939 huius
1558 917 1670 944 meae,
1693 906 1727 939 id
1753 912 1803 939 est
1828 915 1929 939 verae
1947 915 1985 938 ac
2003 904 2103 950 spiri-

431 964 521 1000 talis.
544 965 638 997 cuius
657 976 694 997 ex
717 975 835 996 norma
856 964 971 997 vivere
992 963 1168 1001 xolumus,
1184 974 1356 1008 quamque
1374 969 1407 996 et
1425 963 1498 996 aliis
1517 963 1762 1008 praedicamus.
1783 963 1850 1008 Ipsi
1868 973 1951 996 vero
1969 961 2102 996 Christo

429 1021 788 1055 convenientissimum
818 1032 898 1065 prae
924 1020 1046 1053 ceteris
1072 1026 1138 1057 est,
1159 1019 1347 1053 secundum
1374 1019 1618 1054 humanitatem
1643 1031 1738 1054 suam
1764 1019 1878 1054 dicere
1894 1020 1967 1053 Deo
1991 1019 2099 1064 patri:

430 1078 552 1112 exaudi
580 1079 740 1111 iustitiam
767 1089 900 1115 meam;
930 1078 1001 1122 ipse
1030 1078 1121 1110 enim
1152 1084 1329 1122 peccatum
1360 1089 1428 1111 non
1459 1077 1559 1116 fecit,
1589 1089 1650 1111 nec
1679 1078 1836 1111 inventus
1861 1082 1911 1110 est
1938 1075 2041 1110 dolus
2066 1076 2100 1109 in

429 1147 489 1169 ore
515 1136 587 1168 eius
612 1137 636 1167 '.

634 1200 780 1223 visitasti
798 1202 901 1228 nocte,
919 1201 992 1229 igue
1008 1206 1056 1223 me
1072 1201 1272 1228 examinasti,
1288 1202 1319 1223 et
1336 1206 1396 1223 non
1414 1201 1459 1223 est
1476 1200 1603 1223 inventa
1620 1201 1654 1223 in
1671 1206 1718 1223 me
1735 1200 1898 1227 iniquitas.

523 1252 587 1291 Qui
615 1262 658 1284 ne
685 1251 719 1283 in
746 1256 845 1283 nocte
872 1249 1014 1295 quidem
1039 1256 1072 1283 et
1095 1250 1228 1283 somnis
1254 1255 1370 1295 turpes
1396 1256 1428 1283 et
1455 1248 1620 1283 absurdas
1645 1249 1837 1295 phantasias
1863 1248 2009 1294 patitur,
2029 1247 2058 1282 is
2075 1248 2103 1282 si

429 1307 501 1341 lieri
522 1313 632 1352 potest
652 1307 696 1340 ita
717 1307 891 1352 loquatur.
921 1306 1167 1340 Adnotandum
1185 1318 1284 1345 vero,
1305 1305 1452 1340 verbum
1470 1307 1627 1344 visitasti,
1648 1312 1741 1340 extra
1760 1305 1946 1352 punitionis
1964 1316 2101 1340 sensum

426 1365 501 1398 heic
527 1365 623 1410 poni.
644 1365 728 1397 lteni
747 1363 925 1397 sciendum
945 1369 1011 1402 est,
1028 1362 1207 1396 diabolum
1225 1364 1356 1396 ratione
1374 1364 1447 1396 Deo
1466 1364 1636 1406 contraria
1658 1363 1852 1397 examinare
1870 1362 2000 1397 solere:
2021 1373 2101 1396 nam

428 1423 516 1455 Deus
542 1433 613 1455 non
631 1422 801 1455 examinat
820 1422 883 1454 nisi
903 1420 962 1454 ubi
980 1421 1264 1466 praeexistentem
1291 1421 1490 1454 iniustitiam
1515 1421 1742 1466 compererit;
1762 1431 1850 1465 quae
1868 1419 1894 1453 si
1914 1419 2008 1453 nulla
2027 1418 2102 1453 fue-

427 1480 488 1517 rit,
511 1478 554 1513 ab
580 1490 622 1513 eo
648 1490 718 1512 non
745 1479 968 1524 comperitur.

1004 1542 1032 1565 A
1050 1543 1268 1565 resistentibus
1284 1542 1429 1565 dexterae
1446 1544 1528 1565 tuae.

522 1594 726 1627 Resistentes
751 1592 909 1626 dexterae
935 1592 994 1625 Dei
1019 1591 1205 1625 daemones
1230 1591 1331 1625 dicit:
1353 1591 1491 1625 dextera
1517 1597 1630 1626 autem
1649 1592 1709 1625 Dei
1728 1593 1804 1637 pius
1828 1591 1972 1636 quisque
1991 1596 2026 1624 et
2047 1590 2100 1624 iu-

426 1656 515 1688 stus,
538 1650 581 1683 de
599 1662 670 1696 quo
689 1648 771 1683 alibi
791 1649 873 1682 dicit
894 1650 922 1681 ':
945 1648 1004 1682 fiat
1022 1660 1126 1694 super
1144 1649 1257 1682 virum
1276 1648 1435 1683 dexterae
1454 1660 1562 1683 meae.
1589 1649 1700 1683 Huius
1718 1649 1781 1682 viri
1805 1648 1904 1682 saluti
1930 1646 2099 1681 obsistunt

385 1718 387 1721 ⁴
426 1707 630 1745 daemones,
652 1718 671 1741 a
697 1706 822 1752 quibus
848 1707 937 1739 Deus
963 1706 1064 1751 eripit
1089 1706 1147 1750 qui
1172 1706 1208 1739 in
1235 1706 1346 1751 ipsum
1365 1712 1516 1751 sperant.
1544 1727 1566 1732 —
1591 1707 1762 1740 Resistunt
1779 1706 1945 1744 Domino,
1965 1705 2025 1750 qui
2050 1710 2100 1738 est

204 2395 245 2440 *Vll
269 2395 325 2416 Tim>
342 2396 380 2417 111.

191 2509 289 2547 Ξ-ᾺῐῑιῑΗι.
302 2509 380 2530 xxm.

424 1765 529 1809 patris
556 1764 695 1797 dextera
708 1789 716 1802 ,
738 1763 853 1797 ludaei
880 1769 913 1796 et
938 1762 1080 1808 ethnici,
1103 1769 1136 1795 et
1154 1762 1367 1807 impurarum
1387 1762 1574 1797 haereseon
1592 1764 1805 1801 inventores,
1825 1774 1844 1795 e
1869 1761 1995 1807 quibus
2013 1761 2100 1807 eripi

425 1820 571 1865 apostoli
597 1820 798 1859 obsecrant,
821 1826 853 1853 et
874 1819 1016 1853 tutelam
1034 1819 1128 1852 illam
1141 1845 1148 1857 ,
1169 1830 1273 1864 quam
1299 1820 1451 1865 pupillae
1469 1820 1559 1853 oculi
1580 1819 1673 1854 dedit
1692 1825 1832 1858 natura,
1853 1830 1872 1852 a
1889 1819 1962 1852 Deo
1981 1823 2100 1864 postu-

426 1877 514 1915 lant,
538 1887 580 1910 ne
606 1877 778 1910 ullatenus
804 1876 958 1910 laedatur
984 1877 1066 1921 ipsis
1092 1877 1215 1910 mentis
1233 1876 1372 1915 oculus,
1395 1876 1620 1922 tenebrasque
1640 1877 1800 1922 patiatur.
1829 1875 1924 1909 Idem
1941 1876 2103 1909 Sei-vator

424 1946 563 1980 quoque
588 1933 798 1967 credibiliter
824 1934 975 1979 postulat
1000 1945 1018 1967 a
1045 1940 1162 1979 patre,
1191 1945 1314 1979 nempe
1339 1940 1377 1968 ut
1401 1935 1545 1979 ipsemet
1569 1933 1803 1972 custodiatur,
1832 1933 1867 1966 id
1896 1939 1946 1967 est
1973 1943 2099 1978 corpus

424 1994 512 2030 eius,
536 1992 690 2026 lidelium
716 1981 882 2031 ecclesia,
897 1998 1016 2025 contra
1043 1992 1256 2026 adversarios
1282 1993 1405 2038 ipsius,
1428 1993 1580 2038 pupillae
1598 1993 1689 2026 oculi
1708 1994 1814 2026 instar
1833 1991 2048 2026 immaculata
2066 1996 2099 2025 et

424 2055 513 2083 recta
540 2050 610 2083 acie
636 2050 817 2083 cernentis.
847 2049 1087 2083 Custodiamur
1105 2055 1137 2082 et
1157 2060 1219 2083 nos
1238 2050 1401 2084 adversus
1426 2050 1610 2084 daemones
1629 2049 1831 2084 obsistentes
1849 2049 2009 2083 dexterae
2033 2047 2100 2082 bo-

423 2107 542 2151 nisque
568 2105 699 2140 actibus
725 2107 872 2140 nostris:
900 2107 959 2151 qui
985 2106 1126 2152 quidem
1151 2106 1289 2140 dextera
1315 2107 1375 2140 Dei
1401 2107 1583 2146 dicuntur,
1611 2119 1673 2141 ceu
1700 2118 1718 2141 a
1744 2108 1851 2153 gratia
1874 2107 1981 2152 ipsius
2005 2111 2045 2142 et,
2063 2106 2097 2139 vi

424 2164 560 2203 directi;
578 2176 620 2198 ne
641 2176 803 2209 umquam
822 2165 986 2198 interiore
1004 2170 1124 2198 nostro
1142 2164 1309 2199 infuscato
1328 2165 1448 2203 oculo,
1469 2166 1503 2198 in
1523 2166 1651 2210 peccati
1671 2165 1848 2210 caliginem
1867 2165 2094 2198 incurramus.

839 2230 969 2253 [lainam
987 2230 1158 2253 velamento
1175 2230 1300 2253 alarum
1318 2232 1445 2253 tuarum
1462 2232 1608 2260 protegas
1623 2231 1685 2253 me!

516 2279 672 2324 Apostoli
698 2291 836 2325 quoque
862 2280 1085 2313 necessariam
1112 2279 1241 2313 faciunt
1266 2281 1486 2325 petitionem,
1508 2287 1545 2314 ut
1570 2279 1634 2314 sub
1656 2281 1850 2314 velamento
1868 2280 1992 2314 Christi
2010 2280 2094 2319 sint,

421 2336 504 2369 (lum
531 2347 591 2370 eos
617 2336 768 2382 affligere
795 2337 950 2370 nituntur
975 2337 1120 2375 inimici,
1141 2343 1174 2370 et
1200 2348 1304 2370 omne
1329 2349 1435 2382 genus
1461 2337 1661 2371 insidiarum
1688 2337 1872 2373 crudeliter
1896 2336 2092 2371 intendunt.

420 2395 546 2426 Omnes
572 2394 683 2431 enim,
711 2393 769 2438 qui
797 2394 851 2438 pie
876 2393 999 2427 volunt
1023 2394 1138 2427 vivere
1164 2394 1199 2426 in
1225 2394 1377 2433 Christo,
1404 2395 1676 2440 persecutionem
1702 2395 1873 2440 patientur
1899 2394 1922 2427 '.
1951 2392 2096 2428 Volebat

421 2462 559 2495 quoquc
578 2451 738 2484 Servator
764 2449 855 2483 filios
880 2450 1094 2483 Hierusalem
1121 2462 1349 2496 congregare,
1369 2451 1664 2495 quemadmodum
1686 2451 1812 2497 gallina
1838 2451 1902 2485 sub
1928 2451 1990 2485 alis
2011 2462 2095 2485 con-

420 2515 534 2553 gregat
563 2507 695 2553 pullos,
717 2508 776 2541 sed
797 2507 853 2541 illa
874 2508 986 2541 renuit
1007 2508 1030 2541 '.
1059 2507 1291 2548 Quamobrem
1311 2519 1376 2553 pro
1395 2509 1554 2548 ecclesia,
1576 2521 1636 2543 ceu
1656 2521 1720 2555 pro
1739 2520 1885 2555 corpore
1909 2519 1989 2547 suo,
2010 2508 2094 2554 petit

418 2576 433 2596 a
462 2571 558 2609 patre
575 2565 645 2597 vim
665 2565 857 2599 tutelarem.
887 2565 1043 2610 Fatigant
1062 2576 1143 2602 nos,
1165 2564 1377 2610 afflictosque
1396 2571 1426 2598 et
1446 2565 1597 2599 infelices
1616 2567 1766 2600 efficiunt
1786 2566 1968 2612 impietatis
1993 2571 2094 2610 atque

418 2622 545 2665 peccati
565 2623 758 2655 inventores
785 2622 989 2660 daemones;
1010 2621 1068 2656 scd
1096 2621 1201 2655 corda
1227 2628 1341 2655 nostra
1361 2628 1391 2655 et
1412 2628 1562 2657 mentem
1587 2623 1757 2657 custodiet
1772 2624 1864 2657 Deus
1888 2628 2096 2657 connatura-

421 2676 510 2710 libus
536 2679 598 2723 ipsi
623 2678 829 2724 quibusdam
855 2686 888 2713 et
914 2677 1260 2713 consubstantialibus
1286 2679 1367 2717 alis,
1388 2679 1421 2712 id
1449 2686 1498 2713 est
1524 2681 1700 2726 unigenito
1726 2680 1800 2714 filio
1825 2691 1907 2719 suo,
1929 2685 1962 2714 et
1980 2677 2095 2712 vivifi—

420 2740 515 2767 cante
541 2741 656 2768 sancto
682 2737 807 2781 Spiritu
829 2736 888 2780 (1).

518 2862 552 2891 ‘t)
571 2860 669 2887 Contra
691 2862 815 2890 Arianos.
837 2863 870 2889 Et
889 2862 1073 2890 animadverte
1092 2862 1272 2897 theologicam
1295 2862 1421 2890 versiculi
1441 2862 1593 2898 elegantem
1612 2863 1830 2898 explicationem.
