<?xml version="1.0" encoding="UTF-8"?>
<!DOCTYPE html PUBLIC "-//W3C//DTD XHTML 1.0 Transitional//EN"
    "http://www.w3.org/TR/xhtml1/DTD/xhtml1-transitional.dtd">
<html xmlns="http://www.w3.org/1999/xhtml" xml:lang="en" lang="en">
 <head>
  <title>
</title>
<meta http-equiv="Content-Type" content="text/html;charset=utf-8" />
  <meta name='ocr-system' content='tesseract 3.04.00' />
  <meta name='ocr-capabilities' content='ocr_page ocr_carea ocr_par ocr_line ocrx_word'/>
</head>
<body>
  <div class='ocr_page' id='page_1' title='image "./novaepatrumbibli03maiauoft/novaepatrumbibli03maiauoft_0674.png"; bbox 0 0 2205 3177; ppageno 0'>
   <div class='ocr_carea' id='block_1_1' title="bbox 184 949 332 970">
    <p class='ocr_par' dir='ltr' id='par_1_1' title="bbox 184 949 332 970">
     <span class='ocr_line' id='line_1_1' title="bbox 184 949 332 970; baseline -0.014 0"><span class='ocrx_word' id='word_1_1' title='bbox 184 954 188 958; x_wconf 97' lang='grc'><em>“</em></span> <span class='ocrx_word' id='word_1_2' title='bbox 207 950 233 970; x_wconf 72' lang='lat' dir='ltr'>ls.</span> <span class='ocrx_word' id='word_1_3' title='bbox 250 949 307 970; x_wconf 64' lang='lat' dir='ltr'>Lttl,</span> <span class='ocrx_word' id='word_1_4' title='bbox 327 951 332 968; x_wconf 92' lang='grc' dir='ltr'>Ι</span> 
     </span>
    </p>
   </div>
   <div class='ocr_carea' id='block_1_2' title="bbox 180 1915 347 1935">
    <p class='ocr_par' dir='ltr' id='par_1_2' title="bbox 180 1915 347 1935">
     <span class='ocr_line' id='line_1_2' title="bbox 180 1915 347 1935; baseline 0 0"><span class='ocrx_word' id='word_1_5' title='bbox 180 1919 186 1922; x_wconf 95' lang='grc'><em>·</em></span> <span class='ocrx_word' id='word_1_6' title='bbox 204 1915 229 1935; x_wconf 56' lang='lat' dir='ltr'>P«</span> <span class='ocrx_word' id='word_1_7' title='bbox 258 1916 299 1935; x_wconf 64' lang='lat' dir='ltr'>xc.</span> <span class='ocrx_word' id='word_1_8' title='bbox 319 1920 347 1935; x_wconf 85' lang='lat' dir='ltr'>lt.</span> 
     </span>
    </p>
   </div>
   <div class='ocr_carea' id='block_1_3' title="bbox 170 2313 351 2334">
    <p class='ocr_par' dir='ltr' id='par_1_3' title="bbox 170 2313 351 2334">
     <span class='ocr_line' id='line_1_3' title="bbox 170 2313 351 2334; baseline 0 0"><span class='ocrx_word' id='word_1_9' title='bbox 170 2317 175 2322; x_wconf 95' lang='grc'><strong>’</strong></span> <span class='ocrx_word' id='word_1_10' title='bbox 193 2313 229 2334; x_wconf 72' lang='lat' dir='ltr'>Ps.</span> <span class='ocrx_word' id='word_1_11' title='bbox 244 2313 313 2334; x_wconf 62' lang='lat' dir='ltr'>XVII,</span> <span class='ocrx_word' id='word_1_12' title='bbox 331 2318 351 2334; x_wconf 70' lang='lat'>2³1.</span> 
     </span>
    </p>
   </div>
   <div class='ocr_carea' id='block_1_4' title="bbox 160 2362 350 2407">
    <p class='ocr_par' dir='ltr' id='par_1_4' title="bbox 160 2362 350 2407">
     <span class='ocr_line' id='line_1_4' title="bbox 160 2362 350 2407; baseline 0.005 -25"><span class='ocrx_word' id='word_1_13' title='bbox 160 2362 218 2407; x_wconf 43' lang='lat' dir='ltr'>irs.</span> <span class='ocrx_word' id='word_1_14' title='bbox 232 2362 350 2383; x_wconf 58' lang='lat' dir='ltr'>citum.</span> 
     </span>
     <span class='ocr_line' id='line_1_5' title="bbox 175 2396 180 2407; baseline 0 0"><span class='ocrx_word' id='word_1_15' title='bbox 175 2396 180 2407; x_wconf 83' lang='lat'>.</span> 
     </span>
    </p>
   </div>
   <div class='ocr_carea' id='block_1_5' title="bbox 160 2484 351 2510">
    <p class='ocr_par' dir='ltr' id='par_1_5' title="bbox 160 2484 351 2510">
     <span class='ocr_line' id='line_1_6' title="bbox 160 2484 351 2510; baseline 0 -5"><span class='ocrx_word' id='word_1_16' title='bbox 160 2489 167 2494; x_wconf 92' lang='lat'><em>-</em></span> <span class='ocrx_word' id='word_1_17' title='bbox 184 2484 268 2510; x_wconf 77' lang='lat' dir='ltr'>Philip.</span> <span class='ocrx_word' id='word_1_18' title='bbox 290 2484 315 2506; x_wconf 85' lang='lat'>11.</span> <span class='ocrx_word' id='word_1_19' title='bbox 333 2489 351 2505; x_wconf 76' lang='lat'>9.</span> 
     </span>
    </p>
   </div>
   <div class='ocr_carea' id='block_1_6' title="bbox 375 179 2055 1494">
    <p class='ocr_par' dir='ltr' id='par_1_6' title="bbox 378 179 1536 277">
     <span class='ocr_line' id='line_1_7' title="bbox 378 179 1536 212; baseline -0.003 -5"><span class='ocrx_word' id='word_1_20' title='bbox 378 179 441 212; x_wconf 71' lang='lat' dir='ltr'>19ss</span> <span class='ocrx_word' id='word_1_21' title='bbox 875 185 903 206; x_wconf 81' lang='lat' dir='ltr'>s.</span> <span class='ocrx_word' id='word_1_22' title='bbox 932 182 1057 205; x_wconf 71' lang='lat' dir='ltr'>enum</span> <span class='ocrx_word' id='word_1_23' title='bbox 1084 181 1304 204; x_wconf 64' lang='lat' dir='ltr'>AuzxAxmuxi</span> <span class='ocrx_word' id='word_1_24' title='bbox 1332 181 1536 203; x_wconf 69' lang='lat' dir='ltr'>EXPLANATlo</span> 
     </span>
     <span class='ocr_line' id='line_1_8' title="bbox 1067 251 1351 277; baseline -0.007 -4"><span class='ocrx_word' id='word_1_25' title='bbox 1067 251 1104 273; x_wconf 71' lang='lat' dir='ltr'>Er</span> <span class='ocrx_word' id='word_1_26' title='bbox 1123 251 1274 277; x_wconf 70' lang='lat' dir='ltr'>plantasti</span> <span class='ocrx_word' id='word_1_27' title='bbox 1293 256 1351 272; x_wconf 73' lang='lat' dir='ltr'>eos-</span> 
     </span>
    </p>

    <p class='ocr_par' dir='ltr' id='par_1_7' title="bbox 466 302 2041 351">
     <span class='ocr_line' id='line_1_9' title="bbox 466 302 2041 351; baseline -0.004 -10"><span class='ocrx_word' id='word_1_28' title='bbox 466 310 649 351; x_wconf 67' lang='lat' dir='ltr'>&#39;l‘amquam</span> <span class='ocrx_word' id='word_1_29' title='bbox 669 305 712 339; x_wconf 83' lang='lat' dir='ltr'>de</span> <span class='ocrx_word' id='word_1_30' title='bbox 731 306 814 343; x_wconf 59' lang='lat' dir='ltr'>vite,</span> <span class='ocrx_word' id='word_1_31' title='bbox 837 305 966 337; x_wconf 73' lang='lat' dir='ltr'>dietum</span> <span class='ocrx_word' id='word_1_32' title='bbox 987 310 1033 337; x_wconf 78' lang='lat' dir='ltr'>cst</span> <span class='ocrx_word' id='word_1_33' title='bbox 1058 304 1158 337; x_wconf 77' lang='lat' dir='ltr'>fuisse</span> <span class='ocrx_word' id='word_1_34' title='bbox 1185 304 1366 349; x_wconf 82' lang='lat' dir='ltr'>plantatos.</span> <span class='ocrx_word' id='word_1_35' title='bbox 1388 303 1472 336; x_wconf 63' lang='lat' dir='ltr'>Vitis</span> <span class='ocrx_word' id='word_1_36' title='bbox 1495 314 1613 347; x_wconf 74' lang='lat' dir='ltr'>reapse</span> <span class='ocrx_word' id='word_1_37' title='bbox 1641 302 1813 335; x_wconf 79' lang='lat' dir='ltr'>luxurians</span> <span class='ocrx_word' id='word_1_38' title='bbox 1834 302 1972 336; x_wconf 78' lang='lat' dir='ltr'>israhel.</span> <span class='ocrx_word' id='word_1_39' title='bbox 2004 303 2041 335; x_wconf 76' lang='lat' dir='ltr'>tit</span> 
     </span>
    </p>

    <p class='ocr_par' dir='ltr' id='par_1_8' title="bbox 375 359 1722 451">
     <span class='ocr_line' id='line_1_10' title="bbox 375 359 1652 407; baseline -0.006 -8"><span class='ocrx_word' id='word_1_40' title='bbox 375 367 478 399; x_wconf 68' lang='lat' dir='ltr'>xilem</span> <span class='ocrx_word' id='word_1_41' title='bbox 505 376 546 396; x_wconf 78' lang='lat' dir='ltr'>ex</span> <span class='ocrx_word' id='word_1_42' title='bbox 572 364 727 407; x_wconf 70' lang='lat' dir='ltr'>Aegypto</span> <span class='ocrx_word' id='word_1_43' title='bbox 754 361 973 397; x_wconf 72' lang='lat' dir='ltr'>transtulisti.</span> <span class='ocrx_word' id='word_1_44' title='bbox 996 360 1144 406; x_wconf 84' lang='lat' dir='ltr'>populos</span> <span class='ocrx_word' id='word_1_45' title='bbox 1170 360 1327 394; x_wconf 55' lang='lat' dir='ltr'>adfflixisti</span> <span class='ocrx_word' id='word_1_46' title='bbox 1356 366 1455 404; x_wconf 82' lang='lat' dir='ltr'>atquc</span> <span class='ocrx_word' id='word_1_47' title='bbox 1482 359 1652 405; x_wconf 75' lang='lat' dir='ltr'>expulisti.</span> 
     </span>
     <span class='ocr_line' id='line_1_11' title="bbox 698 423 1722 451; baseline -0.004 -1"><span class='ocrx_word' id='word_1_48' title='bbox 698 427 833 450; x_wconf 67' lang='lat' dir='ltr'>Dextera</span> <span class='ocrx_word' id='word_1_49' title='bbox 851 429 921 451; x_wconf 73' lang='lat' dir='ltr'>tua.</span> <span class='ocrx_word' id='word_1_50' title='bbox 937 428 966 449; x_wconf 73' lang='lat' dir='ltr'>el</span> <span class='ocrx_word' id='word_1_51' title='bbox 986 426 1147 449; x_wconf 72' lang='lat' dir='ltr'>brachium</span> <span class='ocrx_word' id='word_1_52' title='bbox 1167 429 1269 449; x_wconf 69' lang='lat' dir='ltr'>tuum.</span> <span class='ocrx_word' id='word_1_53' title='bbox 1285 427 1314 447; x_wconf 73' lang='lat' dir='ltr'>ot</span> <span class='ocrx_word' id='word_1_54' title='bbox 1333 425 1527 447; x_wconf 75' lang='lat' dir='ltr'>illuminatio</span> <span class='ocrx_word' id='word_1_55' title='bbox 1544 423 1648 447; x_wconf 73' lang='lat' dir='ltr'>vultus</span> <span class='ocrx_word' id='word_1_56' title='bbox 1666 424 1722 446; x_wconf 69' lang='lat' dir='ltr'>tui.</span> 
     </span>
    </p>

    <p class='ocr_par' dir='ltr' id='par_1_9' title="bbox 377 473 2052 1309">
     <span class='ocr_line' id='line_1_12' title="bbox 472 473 2040 519; baseline -0.002 -9"><span class='ocrx_word' id='word_1_57' title='bbox 472 479 557 510; x_wconf 89' lang='lat' dir='ltr'>Dum</span> <span class='ocrx_word' id='word_1_58' title='bbox 583 476 687 509; x_wconf 59' lang='lat' dir='ltr'>wei-ba</span> <span class='ocrx_word' id='word_1_59' title='bbox 713 476 842 509; x_wconf 83' lang='lat' dir='ltr'>addunt</span> <span class='ocrx_word' id='word_1_60' title='bbox 866 491 879 505; x_wconf 91' lang='lat'>«</span> <span class='ocrx_word' id='word_1_61' title='bbox 903 482 933 509; x_wconf 86' lang='lat' dir='ltr'>ct</span> <span class='ocrx_word' id='word_1_62' title='bbox 960 475 1166 509; x_wconf 90' lang='lat' dir='ltr'>illuminatio</span> <span class='ocrx_word' id='word_1_63' title='bbox 1192 475 1306 508; x_wconf 61' lang='lat' dir='ltr'>vultus</span> <span class='ocrx_word' id='word_1_64' title='bbox 1333 475 1379 507; x_wconf 89' lang='lat' dir='ltr'>tui</span> <span class='ocrx_word' id='word_1_65' title='bbox 1401 488 1416 504; x_wconf 92' lang='lat'>»</span> <span class='ocrx_word' id='word_1_66' title='bbox 1439 474 1543 507; x_wconf 84' lang='lat' dir='ltr'>sancti</span> <span class='ocrx_word' id='word_1_67' title='bbox 1563 474 1706 518; x_wconf 84' lang='lat' dir='ltr'>Spiritus</span> <span class='ocrx_word' id='word_1_68' title='bbox 1725 473 1811 511; x_wconf 67' lang='lat' dir='ltr'>xim,</span> <span class='ocrx_word' id='word_1_69' title='bbox 1833 479 1869 506; x_wconf 89' lang='lat' dir='ltr'>ut</span> <span class='ocrx_word' id='word_1_70' title='bbox 1896 485 1956 519; x_wconf 87' lang='lat' dir='ltr'>par</span> <span class='ocrx_word' id='word_1_71' title='bbox 1975 480 2040 511; x_wconf 86' lang='lat' dir='ltr'>est,</span> 
     </span>
     <span class='ocr_line' id='line_1_13' title="bbox 377 529 2044 578; baseline -0.002 -11"><span class='ocrx_word' id='word_1_72' title='bbox 377 539 657 567; x_wconf 68' lang='lat' dir='ltr'>commem(want.</span> <span class='ocrx_word' id='word_1_73' title='bbox 687 535 771 566; x_wconf 78' lang='lat' dir='ltr'>Nam</span> <span class='ocrx_word' id='word_1_74' title='bbox 800 534 857 566; x_wconf 87' lang='lat' dir='ltr'>Dei</span> <span class='ocrx_word' id='word_1_75' title='bbox 886 533 988 578; x_wconf 83' lang='lat' dir='ltr'>patris</span> <span class='ocrx_word' id='word_1_76' title='bbox 1016 532 1115 565; x_wconf 85' lang='lat' dir='ltr'>facies</span> <span class='ocrx_word' id='word_1_77' title='bbox 1146 531 1235 565; x_wconf 79' lang='lat' dir='ltr'>tilius</span> <span class='ocrx_word' id='word_1_78' title='bbox 1261 537 1332 569; x_wconf 79' lang='lat' dir='ltr'>est,</span> <span class='ocrx_word' id='word_1_79' title='bbox 1361 531 1473 575; x_wconf 78' lang='lat' dir='ltr'>imago</span> <span class='ocrx_word' id='word_1_80' title='bbox 1499 531 1528 563; x_wconf 87' lang='lat' dir='ltr'>ei</span> <span class='ocrx_word' id='word_1_81' title='bbox 1556 530 1747 569; x_wconf 86' lang='lat' dir='ltr'>simillima,</span> <span class='ocrx_word' id='word_1_82' title='bbox 1776 536 1809 563; x_wconf 92' lang='lat' dir='ltr'>et</span> <span class='ocrx_word' id='word_1_83' title='bbox 1837 529 2044 564; x_wconf 83' lang='lat' dir='ltr'>substantiae</span> 
     </span>
     <span class='ocr_line' id='line_1_14' title="bbox 377 587 2045 635; baseline -0.001 -12"><span class='ocrx_word' id='word_1_84' title='bbox 377 591 497 635; x_wconf 76' lang='lat' dir='ltr'>ligura.</span> <span class='ocrx_word' id='word_1_85' title='bbox 529 590 734 623; x_wconf 82' lang='lat' dir='ltr'>illuminatio</span> <span class='ocrx_word' id='word_1_86' title='bbox 761 596 873 623; x_wconf 83' lang='lat' dir='ltr'>autem</span> <span class='ocrx_word' id='word_1_87' title='bbox 892 602 931 623; x_wconf 83' lang='lat' dir='ltr'>ex</span> <span class='ocrx_word' id='word_1_88' title='bbox 951 601 992 623; x_wconf 82' lang='lat' dir='ltr'>eo</span> <span class='ocrx_word' id='word_1_89' title='bbox 1018 590 1138 622; x_wconf 80' lang='lat' dir='ltr'>emissa</span> <span class='ocrx_word' id='word_1_90' title='bbox 1165 590 1199 622; x_wconf 92' lang='lat' dir='ltr'>in</span> <span class='ocrx_word' id='word_1_91' title='bbox 1227 600 1285 621; x_wconf 90' lang='lat' dir='ltr'>cor</span> <span class='ocrx_word' id='word_1_92' title='bbox 1312 594 1528 632; x_wconf 89' lang='lat' dir='ltr'>mentemque</span> <span class='ocrx_word' id='word_1_93' title='bbox 1554 593 1755 621; x_wconf 66' lang='lat' dir='ltr'>vocatorum</span> <span class='ocrx_word' id='word_1_94' title='bbox 1774 587 1817 621; x_wconf 89' lang='lat' dir='ltr'>ad</span> <span class='ocrx_word' id='word_1_95' title='bbox 1837 587 2045 632; x_wconf 80' lang='lat' dir='ltr'>redemptio-</span> 
     </span>
     <span class='ocr_line' id='line_1_15' title="bbox 378 644 2045 692; baseline -0.002 -12"><span class='ocrx_word' id='word_1_96' title='bbox 378 659 473 682; x_wconf 89' lang='lat' dir='ltr'>nem.</span> <span class='ocrx_word' id='word_1_97' title='bbox 495 648 657 692; x_wconf 76' lang='lat' dir='ltr'>sapientia</span> <span class='ocrx_word' id='word_1_98' title='bbox 684 647 884 690; x_wconf 72' lang='lat' dir='ltr'>intelligitur</span> <span class='ocrx_word' id='word_1_99' title='bbox 909 659 996 691; x_wconf 86' lang='lat' dir='ltr'>quae</span> <span class='ocrx_word' id='word_1_100' title='bbox 1023 646 1065 679; x_wconf 90' lang='lat' dir='ltr'>ad</span> <span class='ocrx_word' id='word_1_101' title='bbox 1090 647 1200 679; x_wconf 86' lang='lat' dir='ltr'>Deum</span> <span class='ocrx_word' id='word_1_102' title='bbox 1227 645 1436 678; x_wconf 91' lang='lat' dir='ltr'>illuminatos</span> <span class='ocrx_word' id='word_1_103' title='bbox 1462 644 1613 678; x_wconf 81' lang='lat' dir='ltr'>adducit.</span> <span class='ocrx_word' id='word_1_104' title='bbox 1641 645 1732 689; x_wconf 80' lang='lat' dir='ltr'>Ergo</span> <span class='ocrx_word' id='word_1_105' title='bbox 1756 650 1926 689; x_wconf 86' lang='lat' dir='ltr'>peractam</span> <span class='ocrx_word' id='word_1_106' title='bbox 1953 645 2045 677; x_wconf 87' lang='lat' dir='ltr'>aiunt</span> 
     </span>
     <span class='ocr_line' id='line_1_16' title="bbox 379 701 2045 749; baseline -0.002 -12"><span class='ocrx_word' id='word_1_107' title='bbox 379 705 534 737; x_wconf 70' lang='lat' dir='ltr'>israhelis</span> <span class='ocrx_word' id='word_1_108' title='bbox 553 704 841 749; x_wconf 78' lang='lat' dir='ltr'>redemptionem.</span> <span class='ocrx_word' id='word_1_109' title='bbox 861 705 965 737; x_wconf 89' lang='lat' dir='ltr'>immo</span> <span class='ocrx_word' id='word_1_110' title='bbox 984 710 1015 737; x_wconf 89' lang='lat' dir='ltr'>et</span> <span class='ocrx_word' id='word_1_111' title='bbox 1035 704 1210 736; x_wconf 66' lang='lat' dir='ltr'>victoriam</span> <span class='ocrx_word' id='word_1_112' title='bbox 1230 702 1273 735; x_wconf 85' lang='lat' dir='ltr'>de</span> <span class='ocrx_word' id='word_1_113' title='bbox 1292 701 1467 747; x_wconf 74' lang='lat' dir='ltr'>gentibus,</span> <span class='ocrx_word' id='word_1_114' title='bbox 1485 703 1545 735; x_wconf 84' lang='lat' dir='ltr'>Dei</span> <span class='ocrx_word' id='word_1_115' title='bbox 1565 703 1670 747; x_wconf 87' lang='lat' dir='ltr'>patris</span> <span class='ocrx_word' id='word_1_116' title='bbox 1689 701 1924 747; x_wconf 84' lang='lat' dir='ltr'>omnipotente</span> <span class='ocrx_word' id='word_1_117' title='bbox 1943 712 2045 734; x_wconf 85' lang='lat' dir='ltr'>manu</span> 
     </span>
     <span class='ocr_line' id='line_1_17' title="bbox 378 757 2046 807; baseline -0.002 -12"><span class='ocrx_word' id='word_1_118' title='bbox 378 774 434 795; x_wconf 88' lang='lat' dir='ltr'>seu</span> <span class='ocrx_word' id='word_1_119' title='bbox 464 762 621 797; x_wconf 84' lang='lat' dir='ltr'>brachio.</span> <span class='ocrx_word' id='word_1_120' title='bbox 643 773 765 807; x_wconf 72' lang='lat' dir='ltr'>nempe</span> <span class='ocrx_word' id='word_1_121' title='bbox 792 761 882 796; x_wconf 83' lang='lat' dir='ltr'>tilio,</span> <span class='ocrx_word' id='word_1_122' title='bbox 904 762 1077 805; x_wconf 71' lang='lat' dir='ltr'>sanctique</span> <span class='ocrx_word' id='word_1_123' title='bbox 1103 761 1247 805; x_wconf 79' lang='lat' dir='ltr'>Spiritus</span> <span class='ocrx_word' id='word_1_124' title='bbox 1273 759 1534 792; x_wconf 80' lang='lat' dir='ltr'>illuminatione.</span> <span class='ocrx_word' id='word_1_125' title='bbox 1563 761 1647 792; x_wconf 76' lang='lat' dir='ltr'>Nam</span> <span class='ocrx_word' id='word_1_126' title='bbox 1675 759 1908 796; x_wconf 71' lang='lat' dir='ltr'>Servatorcm‚</span> <span class='ocrx_word' id='word_1_127' title='bbox 1937 757 1971 791; x_wconf 94' lang='lat' dir='ltr'>id</span> <span class='ocrx_word' id='word_1_128' title='bbox 1997 764 2046 792; x_wconf 84' lang='lat' dir='ltr'>est</span> 
     </span>
     <span class='ocr_line' id='line_1_18' title="bbox 380 813 2048 863; baseline -0.002 -12"><span class='ocrx_word' id='word_1_129' title='bbox 380 818 530 851; x_wconf 67' lang='lat' dir='ltr'>Verbum</span> <span class='ocrx_word' id='word_1_130' title='bbox 551 819 582 851; x_wconf 95' lang='lat' dir='ltr'>in</span> <span class='ocrx_word' id='word_1_131' title='bbox 603 819 771 863; x_wconf 89' lang='lat' dir='ltr'>principio</span> <span class='ocrx_word' id='word_1_132' title='bbox 791 817 881 863; x_wconf 87' lang='lat' dir='ltr'>apud</span> <span class='ocrx_word' id='word_1_133' title='bbox 902 818 1009 850; x_wconf 89' lang='lat' dir='ltr'>Deum</span> <span class='ocrx_word' id='word_1_134' title='bbox 1028 817 1189 854; x_wconf 76' lang='lat' dir='ltr'>existens,</span> <span class='ocrx_word' id='word_1_135' title='bbox 1212 817 1313 849; x_wconf 69' lang='lat' dir='ltr'>variis</span> <span class='ocrx_word' id='word_1_136' title='bbox 1332 815 1486 849; x_wconf 82' lang='lat' dir='ltr'>sensibus</span> <span class='ocrx_word' id='word_1_137' title='bbox 1506 827 1643 849; x_wconf 90' lang='lat' dir='ltr'>manum</span> <span class='ocrx_word' id='word_1_138' title='bbox 1663 816 1741 854; x_wconf 90' lang='lat' dir='ltr'>Dei,</span> <span class='ocrx_word' id='word_1_139' title='bbox 1763 815 1956 850; x_wconf 76' lang='lat' dir='ltr'>dexteram.</span> <span class='ocrx_word' id='word_1_140' title='bbox 1975 813 2048 848; x_wconf 88' lang='lat' dir='ltr'>bra-</span> 
     </span>
     <span class='ocr_line' id='line_1_19' title="bbox 379 872 2049 920; baseline -0.002 -12"><span class='ocrx_word' id='word_1_141' title='bbox 379 876 564 920; x_wconf 85' lang='lat' dir='ltr'>chiumque</span> <span class='ocrx_word' id='word_1_142' title='bbox 591 875 761 920; x_wconf 82' lang='lat' dir='ltr'>appellant</span> <span class='ocrx_word' id='word_1_143' title='bbox 782 874 917 907; x_wconf 67' lang='lat' dir='ltr'>divinae</span> <span class='ocrx_word' id='word_1_144' title='bbox 936 875 1140 918; x_wconf 81' lang='lat' dir='ltr'>scripturae,</span> <span class='ocrx_word' id='word_1_145' title='bbox 1162 883 1223 906; x_wconf 84' lang='lat' dir='ltr'>nec</span> <span class='ocrx_word' id='word_1_146' title='bbox 1243 884 1311 906; x_wconf 93' lang='lat' dir='ltr'>non</span> <span class='ocrx_word' id='word_1_147' title='bbox 1332 874 1431 906; x_wconf 86' lang='lat' dir='ltr'>etiam</span> <span class='ocrx_word' id='word_1_148' title='bbox 1451 873 1511 905; x_wconf 90' lang='lat' dir='ltr'>Dei</span> <span class='ocrx_word' id='word_1_149' title='bbox 1531 873 1729 917; x_wconf 83' lang='lat' dir='ltr'>sapientiam</span> <span class='ocrx_word' id='word_1_150' title='bbox 1742 898 1749 911; x_wconf 85' lang='lat'>‚</span> <span class='ocrx_word' id='word_1_151' title='bbox 1773 872 1950 907; x_wconf 84' lang='lat' dir='ltr'>iustitiam.</span> <span class='ocrx_word' id='word_1_152' title='bbox 1972 882 2049 905; x_wconf 86' lang='lat' dir='ltr'>san—</span> 
     </span>
     <span class='ocr_line' id='line_1_20' title="bbox 382 929 2045 975; baseline -0.002 -9"><span class='ocrx_word' id='word_1_153' title='bbox 382 933 637 968; x_wconf 76' lang='lat' dir='ltr'>ctificationem.</span> <span class='ocrx_word' id='word_1_154' title='bbox 660 934 838 967; x_wconf 68' lang='lat' dir='ltr'>virtutem:</span> <span class='ocrx_word' id='word_1_155' title='bbox 859 933 903 965; x_wconf 83' lang='lat' dir='ltr'>ita</span> <span class='ocrx_word' id='word_1_156' title='bbox 924 938 957 965; x_wconf 92' lang='lat' dir='ltr'>ut</span> <span class='ocrx_word' id='word_1_157' title='bbox 979 932 1111 964; x_wconf 66' lang='lat' dir='ltr'>‹zliversa</span> <span class='ocrx_word' id='word_1_158' title='bbox 1138 931 1203 964; x_wconf 90' lang='lat' dir='ltr'>sint</span> <span class='ocrx_word' id='word_1_159' title='bbox 1231 931 1368 964; x_wconf 88' lang='lat' dir='ltr'>nomina</span> <span class='ocrx_word' id='word_1_160' title='bbox 1387 929 1526 964; x_wconf 90' lang='lat' dir='ltr'>subiecti</span> <span class='ocrx_word' id='word_1_161' title='bbox 1555 931 1666 963; x_wconf 87' lang='lat' dir='ltr'>unius.</span> <span class='ocrx_word' id='word_1_162' title='bbox 1695 931 1795 963; x_wconf 88' lang='lat' dir='ltr'>Isaias</span> <span class='ocrx_word' id='word_1_163' title='bbox 1821 930 1933 975; x_wconf 87' lang='lat' dir='ltr'>itaque</span> <span class='ocrx_word' id='word_1_164' title='bbox 1952 930 1997 963; x_wconf 85' lang='lat' dir='ltr'>ait</span> <span class='ocrx_word' id='word_1_165' title='bbox 2016 929 2045 962; x_wconf 74' lang='grc' dir='ltr'>ἐ</span> 
     </span>
     <span class='ocr_line' id='line_1_21' title="bbox 381 987 2048 1035; baseline -0.002 -12"><span class='ocrx_word' id='word_1_166' title='bbox 381 991 458 1035; x_wconf 89' lang='lat' dir='ltr'>quis</span> <span class='ocrx_word' id='word_1_167' title='bbox 484 989 627 1023; x_wconf 78' lang='lat' dir='ltr'>credidit</span> <span class='ocrx_word' id='word_1_168' title='bbox 654 989 783 1022; x_wconf 86' lang='lat' dir='ltr'>auditui</span> <span class='ocrx_word' id='word_1_169' title='bbox 811 989 957 1022; x_wconf 70' lang='lat' dir='ltr'>nostro?</span> <span class='ocrx_word' id='word_1_170' title='bbox 984 995 1016 1022; x_wconf 84' lang='lat' dir='ltr'>et</span> <span class='ocrx_word' id='word_1_171' title='bbox 1042 987 1220 1022; x_wconf 82' lang='lat' dir='ltr'>brachium</span> <span class='ocrx_word' id='word_1_172' title='bbox 1246 988 1382 1021; x_wconf 88' lang='lat' dir='ltr'>Domini</span> <span class='ocrx_word' id='word_1_173' title='bbox 1409 989 1461 1020; x_wconf 87' lang='lat' dir='ltr'>cui</span> <span class='ocrx_word' id='word_1_174' title='bbox 1489 987 1676 1021; x_wconf 82' lang='lat' dir='ltr'>revelatum</span> <span class='ocrx_word' id='word_1_175' title='bbox 1702 988 1775 1021; x_wconf 76' lang='lat' dir='ltr'>est?</span> <span class='ocrx_word' id='word_1_176' title='bbox 1801 987 1909 1020; x_wconf 83' lang='lat' dir='ltr'>David</span> <span class='ocrx_word' id='word_1_177' title='bbox 1935 992 2048 1020; x_wconf 88' lang='lat' dir='ltr'>autem</span> 
     </span>
     <span class='ocr_line' id='line_1_22' title="bbox 381 1044 2050 1092; baseline -0.002 -12"><span class='ocrx_word' id='word_1_178' title='bbox 381 1048 454 1081; x_wconf 81' lang='lat' dir='ltr'>heic</span> <span class='ocrx_word' id='word_1_179' title='bbox 474 1048 583 1092; x_wconf 74' lang='lat' dir='ltr'>ipsum</span> <span class='ocrx_word' id='word_1_180' title='bbox 606 1058 674 1079; x_wconf 91' lang='grc'>11011</span> <span class='ocrx_word' id='word_1_181' title='bbox 695 1045 872 1079; x_wconf 82' lang='lat' dir='ltr'>brachium</span> <span class='ocrx_word' id='word_1_182' title='bbox 892 1045 1132 1079; x_wconf 88' lang='lat' dir='ltr'>tantummodo</span> <span class='ocrx_word' id='word_1_183' title='bbox 1152 1051 1323 1090; x_wconf 84' lang='lat' dir='ltr'>nuncupat</span> <span class='ocrx_word' id='word_1_184' title='bbox 1336 1070 1344 1081; x_wconf 85' lang='lat'>.</span> <span class='ocrx_word' id='word_1_185' title='bbox 1366 1044 1424 1077; x_wconf 89' lang='lat' dir='ltr'>sed</span> <span class='ocrx_word' id='word_1_186' title='bbox 1444 1049 1475 1077; x_wconf 86' lang='lat' dir='ltr'>et</span> <span class='ocrx_word' id='word_1_187' title='bbox 1495 1044 1670 1077; x_wconf 78' lang='lat' dir='ltr'>dexteram</span> <span class='ocrx_word' id='word_1_188' title='bbox 1688 1055 1840 1077; x_wconf 87' lang='lat' dir='ltr'>manum.</span> <span class='ocrx_word' id='word_1_189' title='bbox 1863 1044 1947 1076; x_wconf 88' lang='lat' dir='ltr'>Dicti</span> <span class='ocrx_word' id='word_1_190' title='bbox 1967 1055 2050 1077; x_wconf 66' lang='lat' dir='ltr'>vero</span> 
     </span>
     <span class='ocr_line' id='line_1_23' title="bbox 381 1100 2049 1148; baseline -0.002 -11"><span class='ocrx_word' id='word_1_191' title='bbox 381 1105 543 1137; x_wconf 73' lang='lat' dir='ltr'>sententia</span> <span class='ocrx_word' id='word_1_192' title='bbox 565 1110 633 1140; x_wconf 77' lang='lat' dir='ltr'>est,</span> <span class='ocrx_word' id='word_1_193' title='bbox 655 1115 780 1148; x_wconf 82' lang='lat' dir='ltr'>nempe</span> <span class='ocrx_word' id='word_1_194' title='bbox 798 1104 923 1136; x_wconf 84' lang='lat' dir='ltr'>reiecto</span> <span class='ocrx_word' id='word_1_195' title='bbox 943 1109 1017 1147; x_wconf 76' lang='lat' dir='ltr'>post</span> <span class='ocrx_word' id='word_1_196' title='bbox 1039 1104 1253 1135; x_wconf 72' lang='lat' dir='ltr'>Servatorein</span> <span class='ocrx_word' id='word_1_197' title='bbox 1277 1101 1453 1146; x_wconf 87' lang='lat' dir='ltr'>proditum</span> <span class='ocrx_word' id='word_1_198' title='bbox 1473 1100 1637 1137; x_wconf 83' lang='lat' dir='ltr'>lsrahele,</span> <span class='ocrx_word' id='word_1_199' title='bbox 1659 1112 1721 1134; x_wconf 88' lang='lat' dir='ltr'>nos</span> <span class='ocrx_word' id='word_1_200' title='bbox 1740 1100 1882 1134; x_wconf 82' lang='lat' dir='ltr'>ethnicis</span> <span class='ocrx_word' id='word_1_201' title='bbox 1901 1106 1997 1133; x_wconf 88' lang='lat' dir='ltr'>natos</span> <span class='ocrx_word' id='word_1_202' title='bbox 2015 1100 2049 1133; x_wconf 90' lang='lat' dir='ltr'>in</span> 
     </span>
     <span class='ocr_line' id='line_1_24' title="bbox 382 1157 2052 1206; baseline -0.002 -12"><span class='ocrx_word' id='word_1_203' title='bbox 382 1161 496 1194; x_wconf 70' lang='lat' dir='ltr'>dixina</span> <span class='ocrx_word' id='word_1_204' title='bbox 523 1172 694 1194; x_wconf 80' lang='lat' dir='ltr'>sacrarum</span> <span class='ocrx_word' id='word_1_205' title='bbox 721 1160 965 1206; x_wconf 79' lang='lat' dir='ltr'>scripturarum</span> <span class='ocrx_word' id='word_1_206' title='bbox 992 1159 1146 1192; x_wconf 81' lang='lat' dir='ltr'>doctrina</span> <span class='ocrx_word' id='word_1_207' title='bbox 1173 1159 1342 1204; x_wconf 79' lang='lat' dir='ltr'>plantatos</span> <span class='ocrx_word' id='word_1_208' title='bbox 1369 1158 1482 1192; x_wconf 81' lang='lat' dir='ltr'>fuisse.</span> <span class='ocrx_word' id='word_1_209' title='bbox 1511 1158 1609 1191; x_wconf 83' lang='lat' dir='ltr'>Haud</span> <span class='ocrx_word' id='word_1_210' title='bbox 1637 1164 1749 1191; x_wconf 89' lang='lat' dir='ltr'>tamen</span> <span class='ocrx_word' id='word_1_211' title='bbox 1775 1157 1954 1191; x_wconf 79' lang='lat' dir='ltr'>brachium</span> <span class='ocrx_word' id='word_1_212' title='bbox 1973 1168 2052 1191; x_wconf 89' lang='lat' dir='ltr'>nos—</span> 
     </span>
     <span class='ocr_line' id='line_1_25' title="bbox 384 1213 2052 1263; baseline -0.002 -12"><span class='ocrx_word' id='word_1_213' title='bbox 384 1225 474 1252; x_wconf 88' lang='lat' dir='ltr'>trum</span> <span class='ocrx_word' id='word_1_214' title='bbox 501 1225 554 1251; x_wconf 88' lang='lat' dir='ltr'>ant</span> <span class='ocrx_word' id='word_1_215' title='bbox 583 1229 687 1263; x_wconf 81' lang='lat' dir='ltr'>opera</span> <span class='ocrx_word' id='word_1_216' title='bbox 715 1229 777 1251; x_wconf 84' lang='lat' dir='ltr'>nos</span> <span class='ocrx_word' id='word_1_217' title='bbox 802 1218 968 1252; x_wconf 65' lang='lat' dir='ltr'>servavit.</span> <span class='ocrx_word' id='word_1_218' title='bbox 991 1216 1048 1250; x_wconf 87' lang='lat' dir='ltr'>sed</span> <span class='ocrx_word' id='word_1_219' title='bbox 1075 1217 1179 1262; x_wconf 78' lang='lat' dir='ltr'>gratis</span> <span class='ocrx_word' id='word_1_220' title='bbox 1198 1216 1340 1249; x_wconf 87' lang='lat' dir='ltr'>salutem</span> <span class='ocrx_word' id='word_1_221' title='bbox 1367 1215 1590 1249; x_wconf 80' lang='lat' dir='ltr'>obtinuimus.</span> <span class='ocrx_word' id='word_1_222' title='bbox 1619 1217 1695 1249; x_wconf 76' lang='lat' dir='ltr'>Non</span> <span class='ocrx_word' id='word_1_223' title='bbox 1720 1215 1812 1248; x_wconf 86' lang='lat' dir='ltr'>enim</span> <span class='ocrx_word' id='word_1_224' title='bbox 1830 1226 1871 1248; x_wconf 75' lang='lat' dir='ltr'>ex</span> <span class='ocrx_word' id='word_1_225' title='bbox 1890 1213 2052 1260; x_wconf 88' lang='lat' dir='ltr'>operibus</span> 
     </span>
     <span class='ocr_line' id='line_1_26' title="bbox 384 1274 1175 1309; baseline -0.004 0"><span class='ocrx_word' id='word_1_226' title='bbox 384 1276 442 1309; x_wconf 88' lang='lat' dir='ltr'>sed</span> <span class='ocrx_word' id='word_1_227' title='bbox 469 1288 508 1309; x_wconf 80' lang='lat' dir='ltr'>ex</span> <span class='ocrx_word' id='word_1_228' title='bbox 535 1275 602 1308; x_wconf 71' lang='lat' dir='ltr'>fido</span> <span class='ocrx_word' id='word_1_229' title='bbox 629 1276 797 1308; x_wconf 85' lang='lat' dir='ltr'>iustilicati</span> <span class='ocrx_word' id='word_1_230' title='bbox 824 1276 859 1307; x_wconf 92' lang='lat' dir='ltr'>in</span> <span class='ocrx_word' id='word_1_231' title='bbox 886 1274 1019 1307; x_wconf 88' lang='lat' dir='ltr'>Christo</span> <span class='ocrx_word' id='word_1_232' title='bbox 1046 1286 1175 1307; x_wconf 82' lang='lat' dir='ltr'>sumus.</span> 
     </span>
    </p>

    <p class='ocr_par' dir='ltr' id='par_1_10' title="bbox 679 1338 1760 1367">
     <span class='ocr_line' id='line_1_27' title="bbox 679 1338 1760 1367; baseline -0.002 -5"><span class='ocrx_word' id='word_1_233' title='bbox 679 1340 726 1363; x_wconf 78' lang='lat' dir='ltr'>&#39;l&#39;u</span> <span class='ocrx_word' id='word_1_234' title='bbox 744 1347 775 1362; x_wconf 78' lang='lat' dir='ltr'>cs</span> <span class='ocrx_word' id='word_1_235' title='bbox 792 1341 857 1367; x_wconf 75' lang='lat' dir='ltr'>ipse</span> <span class='ocrx_word' id='word_1_236' title='bbox 873 1347 925 1362; x_wconf 72' lang='lat' dir='ltr'>rex</span> <span class='ocrx_word' id='word_1_237' title='bbox 942 1346 1027 1362; x_wconf 82' lang='lat' dir='ltr'>meus</span> <span class='ocrx_word' id='word_1_238' title='bbox 1043 1341 1073 1361; x_wconf 82' lang='lat' dir='ltr'>et</span> <span class='ocrx_word' id='word_1_239' title='bbox 1091 1339 1174 1361; x_wconf 78' lang='lat' dir='ltr'>Deus</span> <span class='ocrx_word' id='word_1_240' title='bbox 1190 1345 1291 1366; x_wconf 81' lang='lat' dir='ltr'>meus,</span> <span class='ocrx_word' id='word_1_241' title='bbox 1308 1339 1362 1365; x_wconf 77' lang='lat' dir='ltr'>qui</span> <span class='ocrx_word' id='word_1_242' title='bbox 1380 1339 1509 1361; x_wconf 80' lang='lat' dir='ltr'>mandas</span> <span class='ocrx_word' id='word_1_243' title='bbox 1525 1338 1642 1361; x_wconf 79' lang='lat' dir='ltr'>salutes</span> <span class='ocrx_word' id='word_1_244' title='bbox 1658 1338 1760 1361; x_wconf 80' lang='lat' dir='ltr'>Iacob.</span> 
     </span>
    </p>

    <p class='ocr_par' dir='ltr' id='par_1_11' title="bbox 479 1386 2055 1436">
     <span class='ocr_line' id='line_1_28' title="bbox 479 1386 2055 1436; baseline -0.003 -12"><span class='ocrx_word' id='word_1_245' title='bbox 479 1390 702 1436; x_wconf 63' lang='lat' dir='ltr'>Symmachus</span> <span class='ocrx_word' id='word_1_246' title='bbox 727 1391 788 1423; x_wconf 82' lang='lat' dir='ltr'>ait:</span> <span class='ocrx_word' id='word_1_247' title='bbox 810 1396 847 1423; x_wconf 89' lang='lat' dir='ltr'>tu</span> <span class='ocrx_word' id='word_1_248' title='bbox 873 1401 908 1423; x_wconf 85' lang='lat' dir='ltr'>es</span> <span class='ocrx_word' id='word_1_249' title='bbox 934 1401 993 1422; x_wconf 82' lang='lat' dir='ltr'>rex</span> <span class='ocrx_word' id='word_1_250' title='bbox 1019 1400 1131 1425; x_wconf 84' lang='lat' dir='ltr'>meus,</span> <span class='ocrx_word' id='word_1_251' title='bbox 1153 1390 1261 1427; x_wconf 78' lang='lat' dir='ltr'>Deus,</span> <span class='ocrx_word' id='word_1_252' title='bbox 1283 1388 1407 1422; x_wconf 88' lang='lat' dir='ltr'>manda</span> <span class='ocrx_word' id='word_1_253' title='bbox 1433 1388 1475 1422; x_wconf 91' lang='lat' dir='ltr'>de</span> <span class='ocrx_word' id='word_1_254' title='bbox 1502 1388 1609 1422; x_wconf 88' lang='lat' dir='ltr'>salute</span> <span class='ocrx_word' id='word_1_255' title='bbox 1634 1387 1748 1422; x_wconf 85' lang='lat' dir='ltr'>Iacob.</span> <span class='ocrx_word' id='word_1_256' title='bbox 1777 1389 1867 1421; x_wconf 89' lang='lat' dir='ltr'>Haec</span> <span class='ocrx_word' id='word_1_257' title='bbox 1893 1388 1987 1421; x_wconf 88' lang='lat' dir='ltr'>iustis</span> <span class='ocrx_word' id='word_1_258' title='bbox 2012 1386 2055 1420; x_wconf 90' lang='lat' dir='ltr'>de</span> 
     </span>
    </p>

    <p class='ocr_par' dir='ltr' id='par_1_12' title="bbox 384 1445 2052 1494">
     <span class='ocr_line' id='line_1_29' title="bbox 384 1445 2052 1494; baseline -0.002 -13"><span class='ocrx_word' id='word_1_259' title='bbox 384 1449 504 1494; x_wconf 86' lang='lat' dir='ltr'>populi</span> <span class='ocrx_word' id='word_1_260' title='bbox 525 1449 646 1482; x_wconf 84' lang='lat' dir='ltr'>classe.</span> <span class='ocrx_word' id='word_1_261' title='bbox 669 1459 731 1481; x_wconf 87' lang='lat' dir='ltr'>nec</span> <span class='ocrx_word' id='word_1_262' title='bbox 751 1459 820 1480; x_wconf 93' lang='lat' dir='ltr'>non</span> <span class='ocrx_word' id='word_1_263' title='bbox 841 1447 1018 1492; x_wconf 85' lang='lat' dir='ltr'>prophetis</span> <span class='ocrx_word' id='word_1_264' title='bbox 1037 1448 1263 1484; x_wconf 66' lang='lat' dir='ltr'>conveniunt,</span> <span class='ocrx_word' id='word_1_265' title='bbox 1283 1447 1341 1491; x_wconf 88' lang='lat' dir='ltr'>qui</span> <span class='ocrx_word' id='word_1_266' title='bbox 1361 1446 1453 1479; x_wconf 87' lang='lat' dir='ltr'>haud</span> <span class='ocrx_word' id='word_1_267' title='bbox 1472 1457 1531 1479; x_wconf 86' lang='lat' dir='ltr'>sua</span> <span class='ocrx_word' id='word_1_268' title='bbox 1549 1446 1676 1479; x_wconf 70' lang='lat' dir='ltr'>servari</span> <span class='ocrx_word' id='word_1_269' title='bbox 1696 1457 1731 1479; x_wconf 89' lang='lat' dir='ltr'>se</span> <span class='ocrx_word' id='word_1_270' title='bbox 1749 1446 1873 1478; x_wconf 70' lang='lat' dir='ltr'>virtute</span> <span class='ocrx_word' id='word_1_271' title='bbox 1892 1445 2052 1478; x_wconf 86' lang='lat' dir='ltr'>fatentur.</span> 
     </span>
    </p>
   </div>
   <div class='ocr_carea' id='block_1_7' title="bbox 304 1501 2055 1551">
    <p class='ocr_par' dir='ltr' id='par_1_13' title="bbox 304 1501 2055 1551">
     <span class='ocr_line' id='line_1_30' title="bbox 304 1501 2055 1551; baseline -0.003 -12"><span class='ocrx_word' id='word_1_272' title='bbox 304 1523 311 1529; x_wconf 61' lang='lat'>&gt;=</span> <span class='ocrx_word' id='word_1_273' title='bbox 329 1524 346 1540; x_wconf 60' lang='grc'>·».,</span> <span class='ocrx_word' id='word_1_274' title='bbox 386 1506 464 1539; x_wconf 72' lang='lat' dir='ltr'>Atio</span> <span class='ocrx_word' id='word_1_275' title='bbox 482 1517 620 1551; x_wconf 87' lang='lat' dir='ltr'>quoque</span> <span class='ocrx_word' id='word_1_276' title='bbox 639 1504 745 1538; x_wconf 89' lang='lat' dir='ltr'>modo</span> <span class='ocrx_word' id='word_1_277' title='bbox 764 1504 946 1549; x_wconf 78' lang='lat' dir='ltr'>intelliges.</span> <span class='ocrx_word' id='word_1_278' title='bbox 974 1504 1035 1537; x_wconf 83' lang='lat' dir='ltr'>His</span> <span class='ocrx_word' id='word_1_279' title='bbox 1055 1503 1169 1537; x_wconf 67' lang='lat' dir='ltr'>verbis</span> <span class='ocrx_word' id='word_1_280' title='bbox 1191 1516 1205 1533; x_wconf 90' lang='lat'>«</span> <span class='ocrx_word' id='word_1_281' title='bbox 1229 1509 1265 1536; x_wconf 86' lang='lat' dir='ltr'>tu</span> <span class='ocrx_word' id='word_1_282' title='bbox 1285 1514 1320 1536; x_wconf 85' lang='lat' dir='ltr'>es</span> <span class='ocrx_word' id='word_1_283' title='bbox 1339 1504 1410 1548; x_wconf 90' lang='lat' dir='ltr'>ipse</span> <span class='ocrx_word' id='word_1_284' title='bbox 1436 1514 1493 1536; x_wconf 77' lang='lat' dir='ltr'>rex</span> <span class='ocrx_word' id='word_1_285' title='bbox 1513 1514 1609 1536; x_wconf 85' lang='lat' dir='ltr'>meus</span> <span class='ocrx_word' id='word_1_286' title='bbox 1635 1508 1666 1535; x_wconf 87' lang='lat' dir='ltr'>et</span> <span class='ocrx_word' id='word_1_287' title='bbox 1688 1503 1778 1535; x_wconf 86' lang='lat' dir='ltr'>Deus</span> <span class='ocrx_word' id='word_1_288' title='bbox 1803 1513 1900 1535; x_wconf 88' lang='lat' dir='ltr'>meus</span> <span class='ocrx_word' id='word_1_289' title='bbox 1921 1515 1936 1533; x_wconf 94' lang='lat'>»</span> <span class='ocrx_word' id='word_1_290' title='bbox 1959 1501 2055 1534; x_wconf 85' lang='lat' dir='ltr'>fateri</span> 
     </span>
    </p>
   </div>
   <div class='ocr_carea' id='block_1_8' title="bbox 385 1557 2102 2637">
    <p class='ocr_par' dir='ltr' id='par_1_14' title="bbox 385 1557 2102 2056">
     <span class='ocr_line' id='line_1_31' title="bbox 385 1557 2102 1608; baseline -0.003 -11"><span class='ocrx_word' id='word_1_291' title='bbox 385 1564 545 1597; x_wconf 44' lang='lat' dir='ltr'>ridentur</span> <span class='ocrx_word' id='word_1_292' title='bbox 570 1563 683 1608; x_wconf 88' lang='lat' dir='ltr'>ipsum</span> <span class='ocrx_word' id='word_1_293' title='bbox 709 1573 844 1607; x_wconf 87' lang='lat' dir='ltr'>semper</span> <span class='ocrx_word' id='word_1_294' title='bbox 869 1561 1087 1605; x_wconf 87' lang='lat' dir='ltr'>eundemque</span> <span class='ocrx_word' id='word_1_295' title='bbox 1113 1572 1195 1594; x_wconf 84' lang='lat' dir='ltr'>esse.</span> <span class='ocrx_word' id='word_1_296' title='bbox 1225 1560 1511 1605; x_wconf 79' lang='lat' dir='ltr'>Quandoquidem</span> <span class='ocrx_word' id='word_1_297' title='bbox 1538 1571 1620 1605; x_wconf 81' lang='lat' dir='ltr'>ergo</span> <span class='ocrx_word' id='word_1_298' title='bbox 1645 1570 1747 1605; x_wconf 89' lang='lat' dir='ltr'>opem</span> <span class='ocrx_word' id='word_1_299' title='bbox 1773 1559 1839 1592; x_wconf 85' lang='lat' dir='ltr'>fert</span> <span class='ocrx_word' id='word_1_300' title='bbox 1866 1557 2005 1592; x_wconf 72' lang='lat' dir='ltr'>israheli</span> <span class='ocrx_word' id='word_1_301' title='bbox 2030 1558 2058 1591; x_wconf 91' lang='lat' dir='ltr'>is</span> <span class='ocrx_word' id='word_1_302' title='bbox 2098 1573 2102 1577; x_wconf 85' lang='lat'><em>-</em></span> 
     </span>
     <span class='ocr_line' id='line_1_32' title="bbox 385 1613 2058 1665; baseline -0.003 -12"><span class='ocrx_word' id='word_1_303' title='bbox 385 1621 443 1665; x_wconf 91' lang='lat' dir='ltr'>qui</span> <span class='ocrx_word' id='word_1_304' title='bbox 471 1621 689 1665; x_wconf 83' lang='lat' dir='ltr'>omnipotens</span> <span class='ocrx_word' id='word_1_305' title='bbox 714 1619 927 1663; x_wconf 60' lang='lat' dir='ltr'>invictusque</span> <span class='ocrx_word' id='word_1_306' title='bbox 954 1624 1022 1656; x_wconf 80' lang='lat' dir='ltr'>est,</span> <span class='ocrx_word' id='word_1_307' title='bbox 1052 1628 1161 1663; x_wconf 89' lang='lat' dir='ltr'>neque</span> <span class='ocrx_word' id='word_1_308' title='bbox 1188 1617 1287 1651; x_wconf 87' lang='lat' dir='ltr'>nobis</span> <span class='ocrx_word' id='word_1_309' title='bbox 1313 1617 1392 1651; x_wconf 85' lang='lat' dir='ltr'>licet</span> <span class='ocrx_word' id='word_1_310' title='bbox 1416 1617 1528 1650; x_wconf 70' lang='lat' dir='ltr'>vereri</span> <span class='ocrx_word' id='word_1_311' title='bbox 1553 1617 1737 1662; x_wconf 88' lang='lat' dir='ltr'>quominus</span> <span class='ocrx_word' id='word_1_312' title='bbox 1761 1616 1833 1649; x_wconf 87' lang='lat' dir='ltr'>eius</span> <span class='ocrx_word' id='word_1_313' title='bbox 1856 1616 1946 1649; x_wconf 89' lang='lat' dir='ltr'>vires</span> <span class='ocrx_word' id='word_1_314' title='bbox 1971 1613 2058 1648; x_wconf 84' lang='lat' dir='ltr'>defi-</span> 
     </span>
     <span class='ocr_line' id='line_1_33' title="bbox 387 1671 2058 1722; baseline -0.004 -11"><span class='ocrx_word' id='word_1_315' title='bbox 387 1679 496 1715; x_wconf 81' lang='lat' dir='ltr'>ciant,</span> <span class='ocrx_word' id='word_1_316' title='bbox 522 1678 674 1722; x_wconf 81' lang='lat' dir='ltr'>sequitur</span> <span class='ocrx_word' id='word_1_317' title='bbox 700 1683 737 1709; x_wconf 86' lang='lat' dir='ltr'>nt</span> <span class='ocrx_word' id='word_1_318' title='bbox 763 1676 846 1709; x_wconf 86' lang='lat' dir='ltr'>nihil</span> <span class='ocrx_word' id='word_1_319' title='bbox 874 1675 966 1709; x_wconf 82' lang='lat' dir='ltr'>aliud</span> <span class='ocrx_word' id='word_1_320' title='bbox 994 1676 1056 1708; x_wconf 84' lang='lat' dir='ltr'>nisi</span> <span class='ocrx_word' id='word_1_321' title='bbox 1083 1675 1125 1708; x_wconf 85' lang='lat' dir='ltr'>de</span> <span class='ocrx_word' id='word_1_322' title='bbox 1153 1682 1271 1709; x_wconf 81' lang='lat' dir='ltr'>nostro</span> <span class='ocrx_word' id='word_1_323' title='bbox 1298 1681 1437 1720; x_wconf 86' lang='lat' dir='ltr'>peccato</span> <span class='ocrx_word' id='word_1_324' title='bbox 1464 1675 1667 1719; x_wconf 83' lang='lat' dir='ltr'>cogitemus:</span> <span class='ocrx_word' id='word_1_325' title='bbox 1694 1674 1788 1707; x_wconf 91' lang='lat' dir='ltr'>cuius</span> <span class='ocrx_word' id='word_1_326' title='bbox 1815 1684 1914 1707; x_wconf 84' lang='lat' dir='ltr'>eausa</span> <span class='ocrx_word' id='word_1_327' title='bbox 1939 1678 1973 1705; x_wconf 87' lang='lat' dir='ltr'>et</span> <span class='ocrx_word' id='word_1_328' title='bbox 1998 1671 2058 1705; x_wconf 89' lang='lat' dir='ltr'>de-</span> 
     </span>
     <span class='ocr_line' id='line_1_34' title="bbox 387 1728 2060 1781; baseline -0.004 -12"><span class='ocrx_word' id='word_1_329' title='bbox 387 1737 490 1781; x_wconf 86' lang='lat' dir='ltr'>specti</span> <span class='ocrx_word' id='word_1_330' title='bbox 520 1736 645 1769; x_wconf 83' lang='lat' dir='ltr'>fuimus</span> <span class='ocrx_word' id='word_1_331' title='bbox 670 1741 701 1768; x_wconf 88' lang='lat' dir='ltr'>et</span> <span class='ocrx_word' id='word_1_332' title='bbox 728 1734 935 1770; x_wconf 79' lang='lat' dir='ltr'>excidimus,</span> <span class='ocrx_word' id='word_1_333' title='bbox 964 1734 1009 1767; x_wconf 84' lang='lat' dir='ltr'>ita</span> <span class='ocrx_word' id='word_1_334' title='bbox 1035 1740 1071 1766; x_wconf 91' lang='lat' dir='ltr'>ut</span> <span class='ocrx_word' id='word_1_335' title='bbox 1097 1734 1163 1766; x_wconf 85' lang='lat' dir='ltr'>iam</span> <span class='ocrx_word' id='word_1_336' title='bbox 1190 1734 1289 1767; x_wconf 89' lang='lat' dir='ltr'>unica</span> <span class='ocrx_word' id='word_1_337' title='bbox 1315 1733 1461 1778; x_wconf 86' lang='lat' dir='ltr'>supersit</span> <span class='ocrx_word' id='word_1_338' title='bbox 1487 1732 1530 1766; x_wconf 89' lang='lat' dir='ltr'>de</span> <span class='ocrx_word' id='word_1_339' title='bbox 1556 1738 1613 1765; x_wconf 86' lang='lat' dir='ltr'>tua</span> <span class='ocrx_word' id='word_1_340' title='bbox 1640 1731 1819 1765; x_wconf 87' lang='lat' dir='ltr'>clementia</span> <span class='ocrx_word' id='word_1_341' title='bbox 1846 1741 1884 1763; x_wconf 86' lang='lat' dir='ltr'>ac</span> <span class='ocrx_word' id='word_1_342' title='bbox 1908 1728 2060 1763; x_wconf 85' lang='lat' dir='ltr'>bonitate</span> 
     </span>
     <span class='ocr_line' id='line_1_35' title="bbox 387 1788 2061 1839; baseline -0.004 -12"><span class='ocrx_word' id='word_1_343' title='bbox 387 1806 475 1839; x_wconf 88' lang='lat' dir='ltr'>spes.</span> <span class='ocrx_word' id='word_1_344' title='bbox 504 1795 551 1827; x_wconf 93' lang='lat' dir='ltr'>Tu</span> <span class='ocrx_word' id='word_1_345' title='bbox 578 1794 669 1827; x_wconf 88' lang='lat' dir='ltr'>enim</span> <span class='ocrx_word' id='word_1_346' title='bbox 695 1805 730 1827; x_wconf 84' lang='lat' dir='ltr'>es</span> <span class='ocrx_word' id='word_1_347' title='bbox 755 1794 812 1838; x_wconf 91' lang='lat' dir='ltr'>qui</span> <span class='ocrx_word' id='word_1_348' title='bbox 838 1792 981 1826; x_wconf 85' lang='lat' dir='ltr'>mandas</span> <span class='ocrx_word' id='word_1_349' title='bbox 1007 1792 1131 1826; x_wconf 85' lang='lat' dir='ltr'>salutes</span> <span class='ocrx_word' id='word_1_350' title='bbox 1159 1791 1277 1831; x_wconf 86' lang='lat' dir='ltr'>Iacob,</span> <span class='ocrx_word' id='word_1_351' title='bbox 1300 1792 1332 1825; x_wconf 88' lang='lat' dir='ltr'>id</span> <span class='ocrx_word' id='word_1_352' title='bbox 1359 1798 1409 1825; x_wconf 87' lang='lat' dir='ltr'>est</span> <span class='ocrx_word' id='word_1_353' title='bbox 1429 1791 1613 1836; x_wconf 87' lang='lat' dir='ltr'>polliceris.</span> <span class='ocrx_word' id='word_1_354' title='bbox 1642 1790 1776 1823; x_wconf 87' lang='lat' dir='ltr'>Etenim</span> <span class='ocrx_word' id='word_1_355' title='bbox 1795 1788 1952 1834; x_wconf 84' lang='lat' dir='ltr'>promisit</span> <span class='ocrx_word' id='word_1_356' title='bbox 1971 1788 2061 1821; x_wconf 87' lang='lat' dir='ltr'>Deus</span> 
     </span>
     <span class='ocr_line' id='line_1_36' title="bbox 388 1846 2062 1897; baseline -0.003 -13"><span class='ocrx_word' id='word_1_357' title='bbox 388 1851 585 1884; x_wconf 78' lang='lat' dir='ltr'>Abrahamo</span> <span class='ocrx_word' id='word_1_358' title='bbox 605 1851 817 1897; x_wconf 79' lang='lat' dir='ltr'>posterisque</span> <span class='ocrx_word' id='word_1_359' title='bbox 836 1851 907 1883; x_wconf 89' lang='lat' dir='ltr'>eius</span> <span class='ocrx_word' id='word_1_360' title='bbox 921 1876 928 1889; x_wconf 91' lang='lat'><strong><em>‚</em></strong></span> <span class='ocrx_word' id='word_1_361' title='bbox 950 1856 1165 1883; x_wconf 71' lang='lat' dir='ltr'>sem-murum</span> <span class='ocrx_word' id='word_1_362' title='bbox 1185 1861 1219 1883; x_wconf 84' lang='lat' dir='ltr'>se</span> <span class='ocrx_word' id='word_1_363' title='bbox 1239 1850 1432 1883; x_wconf 70' lang='lat' dir='ltr'>universam</span> <span class='ocrx_word' id='word_1_364' title='bbox 1452 1861 1492 1882; x_wconf 76' lang='lat' dir='ltr'>ex</span> <span class='ocrx_word' id='word_1_365' title='bbox 1511 1860 1552 1882; x_wconf 91' lang='lat' dir='ltr'>eo</span> <span class='ocrx_word' id='word_1_366' title='bbox 1571 1854 1686 1881; x_wconf 83' lang='lat' dir='ltr'>natam</span> <span class='ocrx_word' id='word_1_367' title='bbox 1706 1846 1943 1893; x_wconf 84' lang='lat' dir='ltr'>propaginem.</span> <span class='ocrx_word' id='word_1_368' title='bbox 1973 1846 2062 1880; x_wconf 78' lang='lat' dir='ltr'>Seri-</span> 
     </span>
     <span class='ocr_line' id='line_1_37' title="bbox 389 1903 2059 1953; baseline -0.004 -12"><span class='ocrx_word' id='word_1_369' title='bbox 389 1915 484 1952; x_wconf 89' lang='lat' dir='ltr'>ptum</span> <span class='ocrx_word' id='word_1_370' title='bbox 506 1909 644 1953; x_wconf 87' lang='lat' dir='ltr'>insuper</span> <span class='ocrx_word' id='word_1_371' title='bbox 663 1914 711 1941; x_wconf 86' lang='lat' dir='ltr'>est</span> <span class='ocrx_word' id='word_1_372' title='bbox 733 1908 762 1939; x_wconf 86' lang='lat'>&#39;:</span> <span class='ocrx_word' id='word_1_373' title='bbox 783 1907 910 1952; x_wconf 82' lang='lat' dir='ltr'>angelis</span> <span class='ocrx_word' id='word_1_374' title='bbox 929 1907 998 1940; x_wconf 86' lang='lat' dir='ltr'>suis</span> <span class='ocrx_word' id='word_1_375' title='bbox 1017 1906 1059 1939; x_wconf 86' lang='lat' dir='ltr'>de</span> <span class='ocrx_word' id='word_1_376' title='bbox 1080 1912 1112 1939; x_wconf 78' lang='lat' dir='ltr'>te</span> <span class='ocrx_word' id='word_1_377' title='bbox 1131 1905 1324 1944; x_wconf 88' lang='lat' dir='ltr'>mandabit,</span> <span class='ocrx_word' id='word_1_378' title='bbox 1348 1912 1382 1939; x_wconf 95' lang='lat' dir='ltr'>ut</span> <span class='ocrx_word' id='word_1_379' title='bbox 1404 1913 1435 1939; x_wconf 89' lang='lat' dir='ltr'>te</span> <span class='ocrx_word' id='word_1_380' title='bbox 1454 1907 1489 1938; x_wconf 92' lang='lat' dir='ltr'>in</span> <span class='ocrx_word' id='word_1_381' title='bbox 1509 1903 1669 1939; x_wconf 83' lang='lat' dir='ltr'>omnibus</span> <span class='ocrx_word' id='word_1_382' title='bbox 1688 1904 1750 1937; x_wconf 69' lang='lat' dir='ltr'>viis</span> <span class='ocrx_word' id='word_1_383' title='bbox 1769 1905 1835 1938; x_wconf 87' lang='lat' dir='ltr'>tuis</span> <span class='ocrx_word' id='word_1_384' title='bbox 1854 1903 2059 1937; x_wconf 82' lang='lat' dir='ltr'>custodiant.</span> 
     </span>
     <span class='ocr_line' id='line_1_38' title="bbox 389 1960 1976 2008; baseline -0.004 -9"><span class='ocrx_word' id='word_1_385' title='bbox 389 1966 447 1999; x_wconf 68' lang='lat' dir='ltr'>Vel</span> <span class='ocrx_word' id='word_1_386' title='bbox 475 1965 546 1998; x_wconf 80' lang='lat' dir='ltr'>dic:</span> <span class='ocrx_word' id='word_1_387' title='bbox 569 1965 712 1999; x_wconf 84' lang='lat' dir='ltr'>manda.</span> <span class='ocrx_word' id='word_1_388' title='bbox 734 1964 769 1997; x_wconf 91' lang='lat' dir='ltr'>id</span> <span class='ocrx_word' id='word_1_389' title='bbox 794 1971 844 1998; x_wconf 83' lang='lat' dir='ltr'>est</span> <span class='ocrx_word' id='word_1_390' title='bbox 870 1966 991 2001; x_wconf 87' lang='lat' dir='ltr'>innue,</span> <span class='ocrx_word' id='word_1_391' title='bbox 1015 1963 1272 1999; x_wconf 84' lang='lat' dir='ltr'>tantummodo,</span> <span class='ocrx_word' id='word_1_392' title='bbox 1295 1969 1327 1997; x_wconf 87' lang='lat' dir='ltr'>et</span> <span class='ocrx_word' id='word_1_393' title='bbox 1353 1963 1503 2008; x_wconf 83' lang='lat' dir='ltr'>populus</span> <span class='ocrx_word' id='word_1_394' title='bbox 1529 1969 1608 1995; x_wconf 86' lang='lat' dir='ltr'>tuus</span> <span class='ocrx_word' id='word_1_395' title='bbox 1634 1961 1742 1995; x_wconf 88' lang='lat' dir='ltr'>salute</span> <span class='ocrx_word' id='word_1_396' title='bbox 1767 1960 1976 2007; x_wconf 82' lang='lat' dir='ltr'>perfruetur.</span> 
     </span>
     <span class='ocr_line' id='line_1_39' title="bbox 770 2027 1682 2056; baseline -0.002 -5"><span class='ocrx_word' id='word_1_397' title='bbox 770 2029 813 2051; x_wconf 76' lang='lat' dir='ltr'>Te</span> <span class='ocrx_word' id='word_1_398' title='bbox 829 2029 1021 2056; x_wconf 69' lang='lat' dir='ltr'>opitulante,</span> <span class='ocrx_word' id='word_1_399' title='bbox 1038 2029 1181 2051; x_wconf 78' lang='lat' dir='ltr'>inimicos</span> <span class='ocrx_word' id='word_1_400' title='bbox 1198 2031 1320 2050; x_wconf 73' lang='lat' dir='ltr'>nostros</span> <span class='ocrx_word' id='word_1_401' title='bbox 1337 2034 1434 2051; x_wconf 80' lang='lat' dir='ltr'>cornu</span> <span class='ocrx_word' id='word_1_402' title='bbox 1452 2027 1682 2050; x_wconf 67' lang='lat' dir='ltr'>ventilabimus.</span> 
     </span>
    </p>

    <p class='ocr_par' dir='ltr' id='par_1_15' title="bbox 387 2073 2068 2637">
     <span class='ocr_line' id='line_1_40' title="bbox 483 2073 2064 2123; baseline -0.004 -10"><span class='ocrx_word' id='word_1_403' title='bbox 483 2079 667 2123; x_wconf 73' lang='lat' dir='ltr'>Cornigera</span> <span class='ocrx_word' id='word_1_404' title='bbox 694 2078 868 2115; x_wconf 86' lang='lat' dir='ltr'>animalia,</span> <span class='ocrx_word' id='word_1_405' title='bbox 891 2089 1067 2110; x_wconf 88' lang='lat' dir='ltr'>armorum</span> <span class='ocrx_word' id='word_1_406' title='bbox 1093 2078 1170 2111; x_wconf 90' lang='lat' dir='ltr'>loco</span> <span class='ocrx_word' id='word_1_407' title='bbox 1196 2089 1304 2111; x_wconf 90' lang='lat' dir='ltr'>cornu</span> <span class='ocrx_word' id='word_1_408' title='bbox 1324 2088 1342 2110; x_wconf 89' lang='lat' dir='ltr'>a</span> <span class='ocrx_word' id='word_1_409' title='bbox 1361 2083 1481 2109; x_wconf 85' lang='lat' dir='ltr'>natura</span> <span class='ocrx_word' id='word_1_410' title='bbox 1509 2082 1729 2121; x_wconf 83' lang='lat' dir='ltr'>acceperunt;</span> <span class='ocrx_word' id='word_1_411' title='bbox 1751 2086 1814 2108; x_wconf 88' lang='lat' dir='ltr'>nos</span> <span class='ocrx_word' id='word_1_412' title='bbox 1838 2085 1922 2108; x_wconf 66' lang='lat' dir='ltr'>vero</span> <span class='ocrx_word' id='word_1_413' title='bbox 1947 2073 2064 2107; x_wconf 89' lang='lat' dir='ltr'>salutis</span> 
     </span>
     <span class='ocr_line' id='line_1_41' title="bbox 387 2132 2066 2178; baseline -0.003 -9"><span class='ocrx_word' id='word_1_414' title='bbox 387 2148 513 2174; x_wconf 81' lang='lat' dir='ltr'>cornu,</span> <span class='ocrx_word' id='word_1_415' title='bbox 534 2142 566 2169; x_wconf 90' lang='lat' dir='ltr'>et</span> <span class='ocrx_word' id='word_1_416' title='bbox 586 2136 735 2169; x_wconf 68' lang='lat' dir='ltr'>xictricia</span> <span class='ocrx_word' id='word_1_417' title='bbox 755 2147 866 2172; x_wconf 84' lang='lat' dir='ltr'>arma,</span> <span class='ocrx_word' id='word_1_418' title='bbox 888 2141 985 2168; x_wconf 92' lang='lat' dir='ltr'>tuum</span> <span class='ocrx_word' id='word_1_419' title='bbox 1005 2146 1131 2168; x_wconf 88' lang='lat' dir='ltr'>nomen</span> <span class='ocrx_word' id='word_1_420' title='bbox 1151 2133 1328 2167; x_wconf 87' lang='lat' dir='ltr'>habemus.</span> <span class='ocrx_word' id='word_1_421' title='bbox 1352 2133 1518 2178; x_wconf 87' lang='lat' dir='ltr'>Equidem</span> <span class='ocrx_word' id='word_1_422' title='bbox 1538 2132 1612 2166; x_wconf 88' lang='lat' dir='ltr'>aliis</span> <span class='ocrx_word' id='word_1_423' title='bbox 1632 2133 1734 2166; x_wconf 83' lang='lat' dir='ltr'>armis</span> <span class='ocrx_word' id='word_1_424' title='bbox 1754 2142 1971 2177; x_wconf 80' lang='lat' dir='ltr'>nequaquam</span> <span class='ocrx_word' id='word_1_425' title='bbox 1990 2142 2066 2165; x_wconf 87' lang='lat' dir='ltr'>con-</span> 
     </span>
     <span class='ocr_line' id='line_1_42' title="bbox 389 2189 2062 2238; baseline -0.002 -12"><span class='ocrx_word' id='word_1_426' title='bbox 389 2193 478 2231; x_wconf 83' lang='lat' dir='ltr'>sido;</span> <span class='ocrx_word' id='word_1_427' title='bbox 495 2205 572 2227; x_wconf 91' lang='lat' dir='ltr'>nam</span> <span class='ocrx_word' id='word_1_428' title='bbox 591 2199 683 2226; x_wconf 86' lang='lat' dir='ltr'>tuam</span> <span class='ocrx_word' id='word_1_429' title='bbox 702 2205 776 2226; x_wconf 66' lang='lat' dir='ltr'>¹sum</span> <span class='ocrx_word' id='word_1_430' title='bbox 795 2199 954 2238; x_wconf 74' lang='lat' dir='ltr'>expertus</span> <span class='ocrx_word' id='word_1_431' title='bbox 973 2193 1181 2238; x_wconf 87' lang='lat' dir='ltr'>potentiam,</span> <span class='ocrx_word' id='word_1_432' title='bbox 1197 2203 1304 2237; x_wconf 90' lang='lat' dir='ltr'>quum</span> <span class='ocrx_word' id='word_1_433' title='bbox 1323 2198 1355 2224; x_wconf 84' lang='lat' dir='ltr'>te</span> <span class='ocrx_word' id='word_1_434' title='bbox 1372 2192 1478 2224; x_wconf 85' lang='lat' dir='ltr'>fretus</span> <span class='ocrx_word' id='word_1_435' title='bbox 1496 2192 1651 2224; x_wconf 85' lang='lat' dir='ltr'>inimicos</span> <span class='ocrx_word' id='word_1_436' title='bbox 1668 2201 1762 2223; x_wconf 89' lang='lat' dir='ltr'>meos</span> <span class='ocrx_word' id='word_1_437' title='bbox 1781 2190 1847 2223; x_wconf 90' lang='lat' dir='ltr'>iam</span> <span class='ocrx_word' id='word_1_438' title='bbox 1865 2189 2062 2223; x_wconf 67' lang='lat' dir='ltr'>devicerim.</span> 
     </span>
     <span class='ocr_line' id='line_1_43' title="bbox 389 2245 2061 2295; baseline -0.004 -10"><span class='ocrx_word' id='word_1_439' title='bbox 389 2270 410 2276; x_wconf 89' lang='lat'><em>-</em></span> <span class='ocrx_word' id='word_1_440' title='bbox 438 2252 639 2285; x_wconf 84' lang='lat' dir='ltr'>Sanctorum</span> <span class='ocrx_word' id='word_1_441' title='bbox 667 2261 773 2283; x_wconf 85' lang='lat' dir='ltr'>cornu</span> <span class='ocrx_word' id='word_1_442' title='bbox 800 2250 967 2283; x_wconf 89' lang='lat' dir='ltr'>Dominus</span> <span class='ocrx_word' id='word_1_443' title='bbox 997 2256 1059 2283; x_wconf 71' lang='lat' dir='ltr'>est.</span> <span class='ocrx_word' id='word_1_444' title='bbox 1089 2249 1191 2295; x_wconf 84' lang='lat' dir='ltr'>Apud</span> <span class='ocrx_word' id='word_1_445' title='bbox 1216 2249 1394 2282; x_wconf 83' lang='lat' dir='ltr'>Danielem</span> <span class='ocrx_word' id='word_1_446' title='bbox 1425 2255 1539 2282; x_wconf 85' lang='lat' dir='ltr'>tamen</span> <span class='ocrx_word' id='word_1_447' title='bbox 1569 2258 1698 2281; x_wconf 87' lang='lat' dir='ltr'>cornua</span> <span class='ocrx_word' id='word_1_448' title='bbox 1727 2245 1918 2291; x_wconf 86' lang='lat' dir='ltr'>significant</span> <span class='ocrx_word' id='word_1_449' title='bbox 1943 2256 2061 2291; x_wconf 83' lang='lat' dir='ltr'>regna.</span> 
     </span>
     <span class='ocr_line' id='line_1_44' title="bbox 390 2302 2067 2352; baseline -0.003 -12"><span class='ocrx_word' id='word_1_450' title='bbox 390 2308 500 2352; x_wconf 69' lang='lat' dir='ltr'>Atque</span> <span class='ocrx_word' id='word_1_451' title='bbox 524 2306 604 2341; x_wconf 83' lang='lat' dir='ltr'>alibi</span> <span class='ocrx_word' id='word_1_452' title='bbox 625 2307 749 2340; x_wconf 84' lang='lat' dir='ltr'>dicitur</span> <span class='ocrx_word' id='word_1_453' title='bbox 770 2307 800 2339; x_wconf 74' lang='grc' dir='ltr'><strong><em>ἐ</em></strong></span> <span class='ocrx_word' id='word_1_454' title='bbox 822 2313 996 2352; x_wconf 87' lang='lat' dir='ltr'>protector</span> <span class='ocrx_word' id='word_1_455' title='bbox 1015 2318 1127 2343; x_wconf 86' lang='lat' dir='ltr'>meus,</span> <span class='ocrx_word' id='word_1_456' title='bbox 1151 2312 1183 2339; x_wconf 85' lang='lat' dir='ltr'>et</span> <span class='ocrx_word' id='word_1_457' title='bbox 1202 2317 1309 2339; x_wconf 77' lang='lat' dir='ltr'>cornu</span> <span class='ocrx_word' id='word_1_458' title='bbox 1336 2305 1453 2339; x_wconf 86' lang='lat' dir='ltr'>salutis</span> <span class='ocrx_word' id='word_1_459' title='bbox 1481 2315 1589 2338; x_wconf 84' lang='lat' dir='ltr'>meae.</span> <span class='ocrx_word' id='word_1_460' title='bbox 1618 2305 1685 2337; x_wconf 89' lang='lat' dir='ltr'>Cur</span> <span class='ocrx_word' id='word_1_461' title='bbox 1710 2315 1793 2348; x_wconf 84' lang='lat' dir='ltr'>ergo</span> <span class='ocrx_word' id='word_1_462' title='bbox 1818 2302 1898 2336; x_wconf 88' lang='lat' dir='ltr'>alibi</span> <span class='ocrx_word' id='word_1_463' title='bbox 1919 2303 1963 2336; x_wconf 90' lang='lat' dir='ltr'>ait</span> <span class='ocrx_word' id='word_1_464' title='bbox 1983 2303 2067 2336; x_wconf 88' lang='lat' dir='ltr'>scri-</span> 
     </span>
     <span class='ocr_line' id='line_1_45' title="bbox 389 2359 2067 2410; baseline -0.004 -12"><span class='ocrx_word' id='word_1_465' title='bbox 389 2371 488 2410; x_wconf 88' lang='lat' dir='ltr'>ptura</span> <span class='ocrx_word' id='word_1_466' title='bbox 510 2365 538 2397; x_wconf 70' lang='lat'>⁹:</span> <span class='ocrx_word' id='word_1_467' title='bbox 561 2370 590 2397; x_wconf 84' lang='lat' dir='ltr'>et</span> <span class='ocrx_word' id='word_1_468' title='bbox 620 2364 759 2397; x_wconf 78' lang='lat' dir='ltr'>extollet</span> <span class='ocrx_word' id='word_1_469' title='bbox 779 2375 887 2397; x_wconf 89' lang='lat' dir='ltr'>cornu</span> <span class='ocrx_word' id='word_1_470' title='bbox 906 2363 1026 2409; x_wconf 91' lang='lat' dir='ltr'>populi</span> <span class='ocrx_word' id='word_1_471' title='bbox 1046 2363 1114 2400; x_wconf 89' lang='lat' dir='ltr'>sui,</span> <span class='ocrx_word' id='word_1_472' title='bbox 1136 2363 1230 2407; x_wconf 87' lang='lat' dir='ltr'>quasi</span> <span class='ocrx_word' id='word_1_473' title='bbox 1252 2374 1357 2395; x_wconf 87' lang='lat' dir='ltr'>cornu</span> <span class='ocrx_word' id='word_1_474' title='bbox 1385 2362 1479 2395; x_wconf 89' lang='lat' dir='ltr'>aliud</span> <span class='ocrx_word' id='word_1_475' title='bbox 1503 2361 1587 2407; x_wconf 88' lang='lat' dir='ltr'>quid</span> <span class='ocrx_word' id='word_1_476' title='bbox 1614 2362 1656 2394; x_wconf 88' lang='lat' dir='ltr'>sit</span> <span class='ocrx_word' id='word_1_477' title='bbox 1683 2360 1725 2394; x_wconf 87' lang='lat' dir='ltr'>ab</span> <span class='ocrx_word' id='word_1_478' title='bbox 1751 2359 1837 2393; x_wconf 92' lang='lat' dir='ltr'>illud</span> <span class='ocrx_word' id='word_1_479' title='bbox 1857 2359 2067 2393; x_wconf 79' lang='lat' dir='ltr'>extollente?</span> 
     </span>
     <span class='ocr_line' id='line_1_46' title="bbox 390 2415 2068 2466; baseline -0.004 -12"><span class='ocrx_word' id='word_1_480' title='bbox 390 2423 465 2455; x_wconf 82' lang='lat' dir='ltr'>Sine</span> <span class='ocrx_word' id='word_1_481' title='bbox 491 2420 599 2455; x_wconf 86' lang='lat' dir='ltr'>dubio</span> <span class='ocrx_word' id='word_1_482' title='bbox 626 2421 745 2466; x_wconf 84' lang='lat' dir='ltr'>populi</span> <span class='ocrx_word' id='word_1_483' title='bbox 765 2433 873 2455; x_wconf 88' lang='lat' dir='ltr'>cornu</span> <span class='ocrx_word' id='word_1_484' title='bbox 900 2428 948 2454; x_wconf 82' lang='lat' dir='ltr'>est</span> <span class='ocrx_word' id='word_1_485' title='bbox 968 2421 1026 2453; x_wconf 87' lang='lat' dir='ltr'>Dei</span> <span class='ocrx_word' id='word_1_486' title='bbox 1046 2419 1198 2453; x_wconf 74' lang='lat' dir='ltr'>Verbum</span> <span class='ocrx_word' id='word_1_487' title='bbox 1217 2432 1233 2452; x_wconf 86' lang='lat' dir='ltr'>a</span> <span class='ocrx_word' id='word_1_488' title='bbox 1255 2426 1351 2464; x_wconf 83' lang='lat' dir='ltr'>patre</span> <span class='ocrx_word' id='word_1_489' title='bbox 1370 2420 1560 2455; x_wconf 64' lang='lat' dir='ltr'>elevatum.</span> <span class='ocrx_word' id='word_1_490' title='bbox 1581 2424 1765 2464; x_wconf 86' lang='lat' dir='ltr'>postquam</span> <span class='ocrx_word' id='word_1_491' title='bbox 1783 2416 1871 2450; x_wconf 93' lang='lat' dir='ltr'>illud</span> <span class='ocrx_word' id='word_1_492' title='bbox 1890 2415 2068 2461; x_wconf 88' lang='lat' dir='ltr'>depresse—</span> 
     </span>
     <span class='ocr_line' id='line_1_47' title="bbox 392 2472 2068 2524; baseline -0.003 -13"><span class='ocrx_word' id='word_1_493' title='bbox 392 2485 442 2511; x_wconf 35' lang='lat' dir='ltr'>rat.</span> <span class='ocrx_word' id='word_1_494' title='bbox 464 2480 522 2523; x_wconf 70' lang='lat' dir='ltr'>(l).</span> <span class='ocrx_word' id='word_1_495' title='bbox 545 2478 626 2511; x_wconf 84' lang='lat' dir='ltr'>Ideo</span> <span class='ocrx_word' id='word_1_496' title='bbox 645 2479 734 2512; x_wconf 86' lang='lat' dir='ltr'>Deus</span> <span class='ocrx_word' id='word_1_497' title='bbox 754 2479 866 2524; x_wconf 88' lang='lat' dir='ltr'>ipsum</span> <span class='ocrx_word' id='word_1_498' title='bbox 883 2477 1166 2523; x_wconf 70' lang='lat' dir='ltr'>superexaltaxit,</span> <span class='ocrx_word' id='word_1_499' title='bbox 1189 2483 1224 2509; x_wconf 82' lang='lat' dir='ltr'>ut</span> <span class='ocrx_word' id='word_1_500' title='bbox 1243 2477 1289 2509; x_wconf 86' lang='lat' dir='ltr'>ait</span> <span class='ocrx_word' id='word_1_501' title='bbox 1309 2476 1485 2521; x_wconf 83' lang='lat' dir='ltr'>apostolus</span> <span class='ocrx_word' id='word_1_502' title='bbox 1505 2477 1529 2509; x_wconf 77' lang='lat'>⁸.</span> <span class='ocrx_word' id='word_1_503' title='bbox 1552 2476 1639 2509; x_wconf 90' lang='lat' dir='ltr'>Huic</span> <span class='ocrx_word' id='word_1_504' title='bbox 1658 2476 1772 2520; x_wconf 85' lang='lat' dir='ltr'>itaque</span> <span class='ocrx_word' id='word_1_505' title='bbox 1789 2473 1909 2508; x_wconf 90' lang='lat' dir='ltr'>cornui</span> <span class='ocrx_word' id='word_1_506' title='bbox 1927 2472 2068 2518; x_wconf 72' lang='lat' dir='ltr'>regique</span> 
     </span>
     <span class='ocr_line' id='line_1_48' title="bbox 389 2529 2068 2580; baseline -0.003 -12"><span class='ocrx_word' id='word_1_507' title='bbox 389 2537 501 2569; x_wconf 77' lang='lat' dir='ltr'>nixam</span> <span class='ocrx_word' id='word_1_508' title='bbox 529 2537 621 2569; x_wconf 80' lang='lat' dir='ltr'>aiunt</span> <span class='ocrx_word' id='word_1_509' title='bbox 650 2535 793 2569; x_wconf 83' lang='lat' dir='ltr'>salutem</span> <span class='ocrx_word' id='word_1_510' title='bbox 819 2547 933 2574; x_wconf 89' lang='lat' dir='ltr'>suam,</span> <span class='ocrx_word' id='word_1_511' title='bbox 955 2546 1023 2568; x_wconf 79' lang='lat' dir='ltr'>non</span> <span class='ocrx_word' id='word_1_512' title='bbox 1050 2535 1211 2580; x_wconf 84' lang='lat' dir='ltr'>propriae</span> <span class='ocrx_word' id='word_1_513' title='bbox 1236 2534 1367 2566; x_wconf 74' lang='lat' dir='ltr'>virtuti.</span> <span class='ocrx_word' id='word_1_514' title='bbox 1398 2533 1530 2567; x_wconf 86' lang='lat' dir='ltr'>Idcirco</span> <span class='ocrx_word' id='word_1_515' title='bbox 1557 2532 1707 2566; x_wconf 84' lang='lat' dir='ltr'>addunt:</span> <span class='ocrx_word' id='word_1_516' title='bbox 1734 2537 1766 2565; x_wconf 85' lang='lat' dir='ltr'>et</span> <span class='ocrx_word' id='word_1_517' title='bbox 1791 2532 1826 2564; x_wconf 91' lang='lat' dir='ltr'>in</span> <span class='ocrx_word' id='word_1_518' title='bbox 1850 2531 1923 2565; x_wconf 89' lang='lat' dir='ltr'>Deo</span> <span class='ocrx_word' id='word_1_519' title='bbox 1947 2529 2068 2564; x_wconf 85' lang='lat' dir='ltr'>lauda-</span> 
     </span>
     <span class='ocr_line' id='line_1_49' title="bbox 390 2586 2064 2637; baseline -0.003 -13"><span class='ocrx_word' id='word_1_520' title='bbox 390 2591 504 2625; x_wconf 86' lang='lat' dir='ltr'>bimur</span> <span class='ocrx_word' id='word_1_521' title='bbox 525 2599 594 2625; x_wconf 85' lang='lat' dir='ltr'>tota</span> <span class='ocrx_word' id='word_1_522' title='bbox 614 2592 690 2629; x_wconf 75' lang='lat' dir='ltr'>die:</span> <span class='ocrx_word' id='word_1_523' title='bbox 711 2593 764 2626; x_wconf 53' lang='grc' dir='ltr'>γε]</span> <span class='ocrx_word' id='word_1_524' title='bbox 785 2592 876 2637; x_wconf 88' lang='lat' dir='ltr'>apud</span> <span class='ocrx_word' id='word_1_525' title='bbox 896 2592 1073 2637; x_wconf 82' lang='lat' dir='ltr'>Aquilam,</span> <span class='ocrx_word' id='word_1_526' title='bbox 1095 2589 1342 2636; x_wconf 82' lang='lat' dir='ltr'>gloriabimur;</span> <span class='ocrx_word' id='word_1_527' title='bbox 1364 2590 1415 2623; x_wconf 70' lang='lat' dir='ltr'>vel</span> <span class='ocrx_word' id='word_1_528' title='bbox 1439 2590 1530 2635; x_wconf 89' lang='lat' dir='ltr'>apud</span> <span class='ocrx_word' id='word_1_529' title='bbox 1549 2589 1810 2634; x_wconf 64' lang='lat' dir='ltr'>Symmachum,</span> <span class='ocrx_word' id='word_1_530' title='bbox 1830 2586 2064 2622; x_wconf 90' lang='lat' dir='ltr'>iubilabimus.</span> 
     </span>
    </p>
   </div>
   <div class='ocr_carea' id='block_1_9' title="bbox 390 2644 2068 2739">
    <p class='ocr_par' dir='ltr' id='par_1_16' title="bbox 390 2644 2068 2739">
     <span class='ocr_line' id='line_1_50' title="bbox 390 2644 2068 2694; baseline -0.002 -14"><span class='ocrx_word' id='word_1_531' title='bbox 390 2649 495 2681; x_wconf 82' lang='lat' dir='ltr'>Aiunt</span> <span class='ocrx_word' id='word_1_532' title='bbox 520 2649 667 2694; x_wconf 80' lang='lat' dir='ltr'>denique</span> <span class='ocrx_word' id='word_1_533' title='bbox 687 2661 721 2683; x_wconf 82' lang='lat' dir='ltr'>se</span> <span class='ocrx_word' id='word_1_534' title='bbox 741 2651 769 2682; x_wconf 88' lang='lat' dir='ltr'>ei</span> <span class='ocrx_word' id='word_1_535' title='bbox 790 2649 945 2683; x_wconf 80' lang='lat' dir='ltr'>confiteri</span> <span class='ocrx_word' id='word_1_536' title='bbox 959 2675 967 2686; x_wconf 84' lang='lat'>‚</span> <span class='ocrx_word' id='word_1_537' title='bbox 989 2654 1154 2683; x_wconf 80' lang='lat' dir='ltr'>consueto</span> <span class='ocrx_word' id='word_1_538' title='bbox 1181 2648 1369 2692; x_wconf 83' lang='lat' dir='ltr'>scripturae</span> <span class='ocrx_word' id='word_1_539' title='bbox 1391 2658 1486 2681; x_wconf 85' lang='lat' dir='ltr'>more</span> <span class='ocrx_word' id='word_1_540' title='bbox 1506 2658 1570 2693; x_wconf 91' lang='lat' dir='ltr'>pro</span> <span class='ocrx_word' id='word_1_541' title='bbox 1589 2647 1776 2692; x_wconf 86' lang='lat' dir='ltr'>gratiarum</span> <span class='ocrx_word' id='word_1_542' title='bbox 1795 2646 1927 2680; x_wconf 86' lang='lat' dir='ltr'>actione</span> <span class='ocrx_word' id='word_1_543' title='bbox 1952 2644 2068 2678; x_wconf 88' lang='lat' dir='ltr'>dicen-</span> 
     </span>
     <span class='ocr_line' id='line_1_51' title="bbox 393 2705 721 2739; baseline 0.009 -3"><span class='ocrx_word' id='word_1_544' title='bbox 393 2705 433 2737; x_wconf 85' lang='lat' dir='ltr'>tis</span> <span class='ocrx_word' id='word_1_545' title='bbox 459 2706 721 2739; x_wconf 66' lang='lat' dir='ltr'>consessionem.</span> 
     </span>
    </p>
   </div>
   <div class='ocr_carea' id='block_1_10' title="bbox 395 2783 2068 2864">
    <p class='ocr_par' dir='ltr' id='par_1_17' title="bbox 395 2783 2068 2864">
     <span class='ocr_line' id='line_1_52' title="bbox 493 2783 2068 2823; baseline -0.002 -12"><span class='ocrx_word' id='word_1_546' title='bbox 493 2789 523 2815; x_wconf 39' lang='lat'>212</span> <span class='ocrx_word' id='word_1_547' title='bbox 548 2786 771 2814; x_wconf 60' lang='lat' dir='ltr'>animadvertant</span> <span class='ocrx_word' id='word_1_548' title='bbox 789 2788 857 2815; x_wconf 86' lang='lat' dir='ltr'>sacri</span> <span class='ocrx_word' id='word_1_549' title='bbox 877 2788 963 2815; x_wconf 85' lang='lat' dir='ltr'>critici</span> <span class='ocrx_word' id='word_1_550' title='bbox 985 2788 1036 2815; x_wconf 89' lang='lat' dir='ltr'>hoc</span> <span class='ocrx_word' id='word_1_551' title='bbox 1055 2795 1163 2823; x_wconf 87' lang='lat' dir='ltr'>quoque</span> <span class='ocrx_word' id='word_1_552' title='bbox 1183 2786 1340 2822; x_wconf 78' lang='lat' dir='ltr'>psalmistae</span> <span class='ocrx_word' id='word_1_553' title='bbox 1363 2786 1536 2819; x_wconf 76' lang='lat' dir='ltr'>vaticinium,</span> <span class='ocrx_word' id='word_1_554' title='bbox 1557 2786 1629 2813; x_wconf 84' lang='lat' dir='ltr'>iuxta</span> <span class='ocrx_word' id='word_1_555' title='bbox 1654 2784 1852 2820; x_wconf 85' lang='lat' dir='ltr'>religiosissimi</span> <span class='ocrx_word' id='word_1_556' title='bbox 1871 2783 1964 2820; x_wconf 79' lang='lat' dir='ltr'>cyrilli</span> <span class='ocrx_word' id='word_1_557' title='bbox 1984 2783 2068 2809; x_wconf 85' lang='lat' dir='ltr'>inter-</span> 
     </span>
     <span class='ocr_line' id='line_1_53' title="bbox 395 2829 587 2864; baseline 0 -8"><span class='ocrx_word' id='word_1_558' title='bbox 395 2829 587 2864; x_wconf 76' lang='lat' dir='ltr'>pretationem.</span> 
     </span>
    </p>
   </div>
  </div>
 </body>
</html>
