2205 3177
157 845 312 866 1111115

195 1642 230 1660 (ἐν.
245 1646 267 1667 11.
286 1644 316 1661 lt]v

357 180 398 212 12
861 187 889 208 S.
919 185 1047 208 CYRILLI
1074 186 1296 210 ALExANuuiNi
1323 187 1528 210 ExPLANA'rlo

354 260 500 287 mortem
525 251 693 297 perpessi.
715 249 874 284 xix-ebant
901 250 1014 284 adhuc
1039 258 1190 297 peccato.
1213 253 1373 286 Viventes
1394 253 1498 298 igitur
1519 252 1584 286 sub
1603 253 1686 299 legis
1705 254 1780 288 iure
1797 260 1912 292 erant,
1939 266 2039 300 pror-

353 323 409 343 sus
430 311 476 343 uti
497 309 619 341 mulier
644 308 678 340 111
698 308 760 340 riri
788 314 955 353 potestate
973 314 1040 342 est:
1063 321 1143 343 nam
1162 310 1259 343 sicuti
1279 310 1440 355 coniugio
1462 310 1619 344 devincta
1639 311 1782 351 mulier,
1804 313 1939 346 11101110
1962 312 2039 347 viro

354 367 523 411 legitimo,
548 365 640 399 haud
667 365 806 411 impune
831 377 909 399 cum
934 366 1003 399 alio
1016 378 1056 402 ,50
1074 367 1305 412 copulaverit:
1327 379 1423 401 secus
1442 378 1544 405 vero,
1569 367 1630 400 illo
1649 369 1819 407 extincto,
1841 375 1935 403 extra
1955 368 2039 415 legis

352 424 535 457 xiiidictam
564 422 638 459 tict,
660 424 686 455 si
715 434 843 456 novum
870 424 1088 468 coniugium,
1112 425 1260 470 legitima
1288 427 1389 458 ctiam
1416 424 1527 458 forma
1554 426 1640 459 inire
1665 426 1833 466 voluerim
1854 429 1927 473 pari
1953 439 2036 474 ego,

352 483 412 514 ait.
437 481 568 514 ratione
586 479 753 518 arbitror,
776 492 835 513 cos
853 481 912 525 qui
934 481 1089 515 nondum
1113 483 1147 515 111
1167 483 1303 520 Clu-,isto
1324 484 1450 528 pcccati
1472 482 1771 517 mortificationem
1791 492 1870 519 sunt
1888 487 2038 531 experti,

351 539 479 584 quique
498 538 609 571 adhuc
632 537 894 583 quodammodo
916 539 951 572 111
978 545 1117 584 peccato
1144 540 1282 579 vivunt,
1303 552 1362 574 cos
1386 541 1526 586 inquam
1552 541 1676 574 merito
1702 540 1766 575 sub
1792 542 1867 587 lege
1889 545 2039 583 versari,

351 607 438 640 quae
464 595 593 629 bomini
620 596 786 641 quamdiu
812 597 893 630 vivit
916 596 1128 630 dominatur.
1151 598 1278 631 Verum
1297 599 1474 632 enumero
1499 599 1558 643 qui
1584 597 1649 631 sub
1669 599 1793 633 Christi
1813 601 1921 645 gratia
1943 608 2040 640 sunt,

351 652 398 686 ob
424 664 527 697 quam
555 659 693 698 peccato
718 660 796 686 sunt
824 655 969 690 mortui.
997 661 1027 687 ct
1056 655 1089 687 111
1117 666 1218 687 carne
1245 655 1279 687 id
1305 662 1356 688 cst
1381 656 1416 688 in
1444 654 1661 700 passionibus
1687 657 1798 690 carnis
1822 657 2040 697 mortificati,

351 710 544 743 dummodo
571 711 702 744 mundo
728 711 795 744 iam
823 723 892 744 nou
919 712 1033 745 xixaut
1049 738 1056 749 ,
1084 711 1329 757 inculpabilem
1356 713 1487 747 ducunt
1513 720 1608 747 extra
1633 713 1744 759 legem
1769 715 1888 748 vitam.
1916 715 2042 749 Mortui

352 774 429 801 sunt
453 769 564 802 enim.
586 775 627 801 -ut
653 768 740 805 dixi,
766 780 828 814 per
851 768 974 802 Christi
1000 781 1144 814 corpus:
1168 775 1200 803 et
1226 769 1290 815 legi
1314 772 1460 809 mortui,
1485 770 1655 804 iustificati
1682 782 1744 816 per
1770 770 1875 805 iidem
1899 778 1991 806 sunt.

526 842 631 869 Quum
647 844 731 866 enim
750 843 782 865 in
800 850 895 866 carne
912 850 1057 870 essemus,
1075 845 1271 870 peccalorum
1288 845 1459 873 passiones,
1476 852 1556 872 quae
1572 852 1627 873 per
1644 846 1744 876 legem
1760 849 1867 874 orant,

1052 889 1267 914 open-nimum·-
1286 891 1344 912 etc.

449 942 592 975 Carnem
619 942 697 974 dicit
726 941 899 975 carnalem
926 941 1104 979 affectum,
1134 948 1171 975 ut
1198 949 1230 977 61
1258 942 1338 977 alibi
1368 945 1430 977 ait:
1459 945 1517 990 qui
1542 956 1627 979 vero
1653 951 1729 978 sunt
1759 945 1792 978 in
1819 948 1942 983 carne,
1962 945 2043 980 ‘Deo

353 998 489 1044 placere
519 1005 705 1042 nequeunt.
735 998 824 1038 Quid
858 999 891 1030 ni
919 1004 1034 1031 autem
1060 998 1126 1030 hoc
1151 1009 1273 1031 verum
1299 999 1363 1032 sit‘?
1390 1000 1458 1033 Ceu
1485 1000 1641 1034 nondum
1667 1012 1768 1034 carne
1794 1000 1948 1034 liberatis
1975 1001 2040 1046 (1),

354 1056 536 1100 proselytis
562 1056 630 1088 suis
657 1056 740 1089 haec
766 1055 964 1088 denunciat.
994 1055 1084 1095 Quid
1110 1061 1226 1088 autem
1244 1055 1438 1100 significare
1459 1057 1558 1095 velit,
1581 1057 1826 1102 inquirendum
1844 1064 1906 1091 est.
1937 1058 2039 1098 Cum,

352 1112 480 1157 iuquit,
503 1113 687 1146 carnaliter
712 1112 935 1151 vixebamus‚
957 1119 989 1146 et
1016 1114 1162 1146 terrenis
1187 1112 1395 1158 regebamur
1420 1113 1619 1153 affectibus,
1644 1121 1725 1148 111110
1748 1115 1982 1160 operabantur
2007 1116 2043 1149 in

353 1170 454 1204 nobis
477 1171 589 1203 carnis
612 1172 807 1216 passiones.
828 1177 866 1204 ut
890 1172 994 1205 morti
1021 1170 1280 1205 fructificarent.
1307 1171 1398 1212 Quid
1420 1183 1523 1216 ergo,
1545 1171 1635 1205 dicet
1656 1173 1802 1217 aliquis‘?
1826 1173 1944 1205 Carnis
1969 1184 2044 1218 pas-

353 1229 465 1261 siones
485 1239 503 1261 a
522 1228 596 1273 lege
620 1229 773 1262 invectae
794 1229 898 1262 sunt?
925 1229 1110 1269 Quomodo
1138 1241 1221 1275 ergo
1249 1229 1359 1275 legem
1382 1241 1400 1263 a
1422 1230 1566 1264 crimine
1586 1229 1840 1263 defendemus?
1861 1229 1971 1269 Quid,
1991 1229 2046 1262 in—

353 1298 477 1331 quam,
499 1285 540 1318 ad
566 1285 648 1319 hacc
675 1286 846 1320 dicimus?
865 1287 966 1320 Haud
984 1287 1146 1332 equidem
1169 1299 1186 1321 a
1210 1287 1284 1333 lege
1309 1288 1525 1321 concitantur
1545 1288 1656 1321 carnis
1674 1287 1710 1320 in
1728 1285 1828 1320 nobis
1846 1287 2022 1332 passiones
2035 1312 2042 1325 ‚

354 1345 468 1388 potius
493 1355 577 1377 vero
604 1346 793 1391 gignuntur
817 1357 857 1379 ex
882 1346 1063 1391 congenita
1088 1345 1189 1379 nobis
1214 1345 1413 1390 voluptate,
1439 1345 1572 1390 haeque
1596 1343 1772 1378 infirmam
1797 1350 1949 1377 mentem
1971 1354 2046 1389 pes-

354 1401 527 1435 sumdant.
549 1402 651 1442 Quod
670 1403 743 1448 ipse
762 1402 864 1437 nobis
883 1403 1097 1437 demonstrat
1116 1403 1252 1437 dicens:
1271 1414 1351 1437 caro
1369 1402 1533 1437 adversus
1552 1403 1713 1448 spiritum
1730 1401 1956 1447 concupiscit,
1978 1402 2047 1446 spi·
2076 1400 2079 1403 '

355 1460 439 1493 ritus
467 1460 612 1493 vicissim
639 1460 804 1494 adversus
831 1472 989 1499 caruem,
1018 1460 1101 1494 haec
1127 1461 1219 1494 enim
1245 1461 1391 1493 invicem
1418 1445 1784 1493 adversantur.’Nui1c
1809 1459 1875 1493 hoc
1899 1459 2044 1497 omisso,

354 1518 510 1551 resistere
529 1529 667 1551 carnem
683 1519 818 1563 spiritui
836 1518 935 1557 dicit,
951 1518 1036 1552 nihil
1056 1518 1275 1552 interiiciens.
1292 1519 1370 1551 Non
1387 1519 1491 1563 igitur
1509 1529 1526 1551 a
1544 1518 1637 1563 lege,
1654 1517 1714 1551 sed
1730 1528 1749 1551 a
1766 1516 1914 1550 naturali
1927 1515 2047 1550 indole

353 1575 506 1609 carnales
531 1577 620 1609 intra
647 1587 710 1610 uos
735 1582 1001 1610 commoventur
1020 1576 1210 1622 passiones:
1240 1575 1406 1621 quodque
1425 1576 1533 1621 magis
1558 1575 1676 1609 mirari
1702 1574 1801 1613 licet,
1830 1574 1914 1619 legis
1939 1573 2047 1618 ipsius

357 1633 525 1667 xoluntati
543 1640 756 1679 repugnant,
774 1639 809 1667 111
830 1633 912 1667 alibi
932 1633 1056 1667 Paulus
1074 1634 1135 1667 ait:
1156 1633 1251 1678 quod
1273 1644 1397 1679 nempe
1415 1633 1525 1666 carnis
1543 1632 1700 1671 affectus,
1721 1632 1878 1666 inimicus
1895 1632 1968 1664 Deo
1985 1630 2044 1663 sit:

357 1702 426 1723 non
452 1692 542 1731 enini
569 1692 629 1725 Dei
656 1691 724 1736 legi
749 1691 922 1725 subiectus
948 1697 1016 1730 est,
1044 1702 1155 1736 neque
1180 1691 1216 1723 id
1244 1690 1316 1724 fieri
1342 1696 1466 1736 potest.
1495 1690 1598 1730 Quod
1623 1691 1650 1724 si
1677 1691 1789 1723 carnis
1814 1688 1956 1723 affectus
1980 1687 2047 1733 legi

357 1756 544 1794 repugnat,
573 1750 658 1795 quid
685 1751 720 1783 ni
746 1750 787 1783 sit
815 1750 976 1783 insanum
1002 1750 1214 1789 existimare,
1243 1749 1286 1783 ab
1316 1750 1388 1795 ipsa
1416 1749 1492 1794 lege
1522 1749 1733 1782 commoveri
1761 1749 1935 1794 passiones
1960 1757 2049 1791 quae

356 1806 467 1840 eidem
487 1813 666 1852 tantopere
684 1807 934 1840 adversantur?
953 1807 1043 1847 Quid
1063 1819 1146 1852 ergo
1169 1807 1293 1840 Paulus
1313 1807 1420 1841 dicit?
1439 1808 1570 1852 Nempe
1593 1807 1749 1851 loquitur
1767 1812 1942 1851 tamquam
1961 1815 2049 1837 mor-

356 1865 423 1897 tuis
443 1870 600 1909 peccato,
623 1871 655 1897 et
674 1876 736 1910 per
755 1864 966 1911 baptismum
989 1876 1066 1898 cum
1086 1865 1221 1898 Christo
1242 1865 1384 1910 sepultis
1397 1891 1404 1903 ,
1427 1871 1459 1898 et
1480 1866 1539 1910 qui
1560 1865 1626 1898 iam
1646 1865 1845 1910 passionum
1864 1862 2049 1897 mortifica-

357 1922 486 1954 tionem
506 1922 571 1956 sint
591 1921 727 1966 adep1i;
750 1934 838 1967 quos
858 1922 1020 1968 deinceps
1042 1922 1137 1956 decet
1159 1928 1252 1955 extra
1271 1922 1355 1967 legis
1376 1933 1516 1967 quoque
1536 1921 1621 1955 fines
1647 1921 1806 1967 prodire,
1830 1920 2049 1966 quandoqui-

356 1977 436 2010 dem
455 1984 535 2011 sunt
559 1977 694 2012 liberati
713 1979 928 2024 passionibus
947 1990 1035 2025 quae
1062 1991 1079 2013 a
1106 1980 1180 2024 lege
1199 1979 1487 2013 condemnantur.
1514 1980 1605 2024 Ergo
1631 1977 1732 2012 nobis
1759 1978 1871 2012 adhuc
1890 1989 2050 2023 perseve-

357 2034 513 2069 rantibus
527 2036 561 2068 in
581 2037 692 2070 carnis
710 2036 850 2075 affectu,
869 2038 1043 2082 passiones
1057 2049 1142 2082 quas
1161 2037 1215 2071 lex
1235 2038 1391 2071 nominat
1412 2049 1450 2071 ac
1469 2037 1640 2082 designat,
1662 2037 1751 2070 intra
1771 2047 1835 2070 nos
1854 2034 2050 2082 operaban-

358 2099 428 2126 tur:
457 2100 558 2139 atque
583 2100 723 2128 eatenus
746 2105 883 2127 eramus
906 2095 971 2139 legi
997 2093 1155 2133 obnoxii,
1184 2101 1354 2140 quatenus
1381 2101 1560 2140 peccatum
1584 2096 1620 2128 in
1645 2093 1746 2128 nobis
1770 2092 1921 2127 xivebat.

650 2159 739 2183 Nunc
756 2161 894 2187 expediti
912 2167 1017 2183 sumus
1033 2168 1052 2183 a
1069 2161 1155 2190 lege,
1171 2161 1199 2183 ei
1218 2162 1264 2184 rei
1281 2161 1437 2184 demortui
1455 2168 1474 2183 a
1491 2167 1553 2188 qua
1572 2161 1767 2195 tenebamur.

453 2208 602 2243 Obnoxii
633 2209 776 2254 quidem
808 2210 896 2256 legi,
925 2211 1059 2255 inquit,
1088 2222 1249 2249 eramus,
1278 2207 1331 2245 cui
1359 2222 1422 2244 nos
1449 2218 1627 2257 peccatum
1660 2209 1862 2245 subiecerat.
1891 2209 1994 2250 Quod
2022 2210 2050 2243 si

359 2268 487 2300 mortui
512 2279 630 2300 sumus
652 2268 681 2300 ei
707 2279 725 2301 a
752 2280 822 2313 quo
850 2268 1073 2307 tenebamur,
1103 2269 1138 2302 id
1162 2275 1212 2302 est
1236 2275 1394 2315 peccato,
1423 2268 1567 2303 cessabit
1589 2280 1732 2315 prorsus
1755 2280 1833 2303 cum
1858 2267 1925 2301 hoc
1948 2268 2051 2301 etiam

358 2324 412 2357 lex
439 2336 526 2370 quae
554 2325 683 2358 idcirco
704 2331 752 2359 est
774 2327 977 2364 constituta,
1007 2333 1043 2360 ut
1070 2332 1338 2372 transgressores
1358 2333 1533 2373 coarguat.
1563 2328 1639 2361 Non
1666 2330 1716 2361 est
1738 2327 1843 2372 igitur
1864 2337 1953 2372 opus
1977 2325 2052 2370 lege

358 2382 397 2414 iis
423 2383 482 2428 qui
510 2384 638 2416 mortui
656 2389 735 2416 sunt
756 2390 914 2428 peccato:
944 2385 1164 2418 transiximus
1181 2386 1273 2418 6111111
1293 2386 1327 2418 111
1346 2386 1397 2418 1115
1418 2385 1578 2424 alt-erius,
1607 2386 1661 2419 cui
1680 2386 1716 2418 in
1738 2385 1889 2419 novitate
1913 2381 2051 2430 spiritus

360 2440 580 2474 serviendum
605 2452 624 2474 a
651 2440 752 2475 nobis
776 2448 845 2479 est,
875 2448 908 2475 ct
935 2445 1005 2476 11011
1030 2443 1064 2475 111
1092 2442 1225 2476 litterae
1251 2449 1432 2486 vetustate.
1481 2444 1483 2446 ’

809 2508 892 2534 Quid
910 2515 985 2537 ergo
1001 2509 1154 2531 dicemus?
1172 2508 1252 2531 Num
1269 2515 1344 2538 ergo
1361 2509 1410 2532 lex
1427 2510 1605 2536 peecatum?
1791 2535 1793 2537 ,

458 2556 704 2591 Animadverte
729 2568 833 2602 quam
855 2558 1027 2603 sapienter
1046 2558 1089 2591 de
1116 2557 1190 2603 lege
1209 2558 1313 2592 verba
1332 2558 1423 2592 facit.
1452 2560 1507 2593 Ait
1533 2561 1680 2606 quippe:
1709 2571 1788 2593 cum
1809 2560 1844 2593 in
1865 2568 1966 2593 carne
1982 2567 2050 2590 era-

364 2623 456 2649 mus,
474 2620 693 2658 peccatorum
712 2615 904 2649 secundum
924 2612 1035 2661 legem
1053 2616 1229 2661 passiones
1247 2616 1280 2649 in
1300 2616 1463 2650 membris
1482 2619 1608 2651 nostris
1627 2617 1877 2664 operabantur,
1893 2621 1930 2649 ut
1946 2616 2048 2648 morti

365 2667 620 2705 fructificarent.
643 2673 721 2707 Non
743 2679 856 2707 tamen
874 2680 966 2707 caret
989 2673 1205 2707 dubitatione
1226 2674 1279 2707 hic
1299 2686 1425 2708 sermo.
1448 2676 1603 2721 Namque
1625 2675 1667 2709 ad
1689 2675 1772 2708 haec
1790 2674 1868 2707 ilico
1885 2672 1975 2705 dicet
1995 2671 2050 2705 ali-

365 2727 457 2770 quis:
485 2739 612 2772 ergone
637 2730 738 2764 arrha
756 2737 788 2765 et
809 2731 1022 2765 conciliatrix
1040 2732 1169 2777 peccati
1187 2738 1238 2764 est
1259 2731 1336 2766 lex?
1361 2733 1448 2766 Nam
1466 2734 1492 2767 si
1518 2745 1555 2767 re
1573 2737 1815 2778 vera'propter
1839 2731 1947 2775 ipsam
1963 2739 2051 2774 ope-

466 2842 501 2871 (¹)
522 2840 553 2866 111
574 2850 634 2877 pag.
656 2852 697 2878 gr.
721 2848 763 2871 15.
783 2853 807 2870 v.
829 2848 873 2872 21.
895 2845 993 2880 legesis
1011 2853 1075 2873 eum
1098 2845 1191 2874 codice
1211 2848 1240 2877 ὠς
1261 2848 1305 2880 οὑξ
1325 2850 1377 2880 ἐξω,
