2205 3177
194 422 200 426 “
218 418 265 439 1⁰1¹,
283 418 330 439 Ut.
347 423 379 440 21.

311 483 330 496 ἱ.
349 481 378 497 ΙΝ.

187 542 194 548 ·
206 539 330 561 item-111
350 544 378 560 ts.

227 658 233 663 ·
251 654 277 675 ls.
295 654 342 674 811,
360 658 377 675 9.

187 771 194 778 '
206 768 284 789 lifol·
299 767 337 788 lll.
348 770 379 787 1⁷..

202 1689 211 1695 ⁵
227 1686 276 1707 (μἰΙ4
289 1685 315 1705 V.
330 1690 348 1705 2⁴
363 1688 380 1704 3.

315 1918 337 1932 x.
353 1915 385 1933 Ἡ.

249 1941 286 1959 (η,
301 1944 323 1965 Ῑ».
342 1942 384 1960 2:20.

421 218 486 253 138
922 227 950 249 s.
978 226 1106 249 enum
1132 227 1355 250 Atnxfflnmffl
1381 227 1586 249 nxPLANArio

417 294 569 327 mineris.
599 291 702 325 lobus
727 297 841 324 autem
868 292 976 324 Deum
1004 296 1036 323 et
1064 289 1212 328 bonum.
1238 296 1269 324 et
1297 297 1438 324 naturae
1465 297 1601 325 nostrae
1627 290 1860 326 infirmitatem
1880 292 1970 326 haud
1998 293 2094 338 igno-

420 357 570 385 rantem,
594 360 702 394 prope
730 349 860 381 incusat
886 349 982 392 qnasi
1010 359 1185 382 morosum
1205 354 1236 382 et
1263 348 1510 382 detrectantem
1537 354 1673 393 peccata
1699 350 1884 383 remittere.
1913 350 2025 396 Atque
2049 350 2095 384 ita

419 408 462 441 ait
484 408 514 439 ¹:
536 418 598 440 cur
623 406 809 451 iniquitatis
836 416 931 438 meae
959 416 1028 438 nou
1055 417 1090 438 cs
1115 404 1261 443 oblitus,
1283 412 1312 439 ct
1343 412 1519 451 peccatum
1547 417 1661 439 meum
1689 417 1758 440 non
1784 405 1945 440 abluisti?

861 470 999 493 Cunctae
1015 471 1082 493 vim·
1100 470 1225 493 Domini
1244 471 1457 493 misen-{ronna
1474 472 1504 493 et
1523 471 1647 493 vernas.

513 522 577 562 Qui
606 521 748 554 credunt
762 547 769 559 ,
792 532 913 554 arcana
932 532 1071 565 quoque
1090 521 1282 565 intelligere
1301 521 1415 555 xalent
1428 547 1436 559 ,
1457 522 1548 554 iuxta
1567 520 1656 554 illud
1677 521 1708 554 'z
1730 533 1793 555 nos
1813 528 1925 556 antem
1944 521 2091 556 revelata

421 580 503 613 facie
530 579 677 623 gloriam
705 579 838 611 Domini
866 577 1154 623 contemplantes,
1179 579 1212 611 in
1239 578 1395 611 camdem
1423 579 1604 624 imaginem
1631 578 1936 617 transformamur,
1957 579 2000 613 de
2026 579 2093 613 cla-

419 638 516 670 ritate
543 637 576 669 in
603 636 804 669 claritatem.
834 636 882 669 l)e
908 635 1107 669 infidelibus
1126 642 1244 669 contra
1271 635 1400 668 dictum
1422 635 1480 668 fuit
1504 637 1534 668 ¹:
1561 637 1622 669 nisi
1650 635 1883 675 credideritis,
1905 648 1975 670 non
1993 636 2095 671 intel-

420 693 529 739 ligetis
550 693 609 738 glis.
639 694 692 726 Sic
719 692 847 726 indocti
868 704 1085 738 permansere
1108 692 1240 725 ludaei:
1269 691 1495 737 quamohrem
1520 693 1674 726 velamen
1694 705 1797 739 super
1815 705 1935 727 eorum
1953 705 2013 727 cor
2032 705 2095 740 po·-

419 752 521 784 situm
547 751 589 783 ait
618 756 851 784 sacrosanctus
878 750 1002 783 Paulus·
1023 751 1052 785 '.
1075 762 1152 782 cum
1179 751 1312 793 Moyses
1338 749 1474 793 legitur.
1503 751 1618 783 Vocati
1646 751 1759 795 itaque
1784 762 1823 784 cx
1851 749 2009 796 gentibus
2034 762 2097 797 per

420 807 545 843 tidem,
566 807 671 841 weluti
692 809 758 840 iam
779 808 924 852 Spiritus
945 807 1195 840 illuminatione
1214 806 1345 842 edocti.
1367 813 1400 840 et
1418 807 1632 851 evangelicae
1657 807 1833 841 doctrinae
1853 807 1961 854 probe
1979 808 2094 853 gnari,

421 865 512 898 aiunt
539 865 610 898 vias
636 876 755 898 omnes
778 866 910 898 Domini
932 864 1202 898 misericordiam
1224 876 1295 898 esse
1321 876 1358 898 ac
1385 865 1561 898 veritatem
1575 891 1582 903 ,
1605 876 1674 899 non
1694 871 1808 899 autem
1829 866 2045 900 severitatem
2064 872 2097 900 et

419 920 579 955 umbram
593 948 600 957 .
623 934 683 956 ceu
703 923 827 966 mmsis
852 922 903 955 lex
924 927 1008 955 crat.
1038 922 1156 967 Neque
1181 922 1271 954 enim
1291 922 1507 955 clementiam
1526 921 1806 968 experiebantur,
1827 923 1885 968 qui
1905 923 2030 968 Moysis
2048 922 2098 956 le—

419 991 495 1025 gem
521 979 741 1013 violaxisscnt
754 1006 761 1015 ,
784 979 842 1012 sed
871 979 999 1024 absque
1026 979 1095 1012 ulla
1116 979 1349 1012 misericordia
1369 978 1433 1012 sub
1451 979 1602 1012 duorum
1621 980 1674 1013 vel
1695 981 1798 1014 trium
1824 980 2020 1014 testimonio
2037 991 2098 1015 ne-

419 1037 598 1071 cabantur.
628 1039 746 1082 Neque
766 1048 846 1070 sane
866 1037 992 1081 legales
1011 1038 1096 1070 ritus
1114 1048 1194 1070 vcra
1215 1048 1268 1070 res
1287 1043 1400 1074 erant,
1422 1036 1481 1070 sed
1509 1036 1631 1071 umbra
1651 1049 1688 1071 ac
1708 1044 1808 1084 typus
1826 1038 1880 1072 lex
1903 1038 1978 1072 fuit.
2006 1038 2098 1084 Ergo

421 1094 541 1128 fideles
566 1107 607 1128 cx
633 1095 777 1128 ethnicis
803 1094 899 1131 sacti,
920 1096 1016 1139 quasi
1043 1094 1291 1139 distinguentes
1313 1095 1460 1127 mosaica
1487 1106 1505 1128 a
1531 1094 1738 1135 christianis,
1759 1096 1882 1129 Christi
1906 1096 1978 1130 vias
2003 1096 2097 1129 aiunt

419 1164 491 1185 esse
512 1152 781 1185 misericordiam
802 1158 833 1184 et
855 1153 1046 1185 veritatem.
1076 1152 1165 1192 Quid
1193 1152 1227 1185 ni
1253 1152 1342 1185 enim
1362 1151 1429 1185 sint
1447 1151 1701 1191 misericordia,
1722 1153 1892 1198 siquidem
1912 1152 1954 1186 ad
1978 1156 2099 1198 pecca-

421 1216 535 1242 torum
555 1211 791 1242 remissionem
818 1216 940 1242 rot-aut
961 1209 1084 1242 Christi
1103 1209 1280 1245 mandata,
1302 1208 1517 1253 liberantque
1536 1220 1720 1254 oppressos
1745 1211 1872 1255 peccati
1891 1211 2100 1256 Satanaeque

421 1267 625 1311 tyrannide?
646 1268 771 1300 Verum
793 1273 907 1300 autem
933 1266 1064 1300 cultum
1091 1266 1270 1305 exhibent,
1292 1268 1351 1312 qui
1370 1266 1504 1300 Christo
1530 1267 1694 1306 credunt,
1716 1278 1784 1301 non
1811 1273 1968 1301 cruentas
1986 1266 2100 1301 fumo-
2149 1304 2152 1308 ,

419 1336 540 1370 sasque
567 1325 739 1363 victimas,
762 1331 863 1370 prout
884 1336 959 1357 mos
985 1324 1069 1370 legis
1086 1330 1176 1362 erat,
1197 1324 1423 1363 adducentes,
1445 1324 1504 1358 sed
1531 1324 1673 1369 spiritali
1698 1325 1811 1370 potius
1829 1331 1862 1358 et
1880 1326 1951 1359 Deo
1976 1325 2099 1370 placita

420 1383 488 1415 xita
508 1383 678 1421 xiventes,
700 1389 733 1415 et
760 1381 934 1415 bonorum
954 1378 1100 1427 operum
1119 1381 1263 1415 odorem
1283 1380 1495 1415 exhibentes.
1517 1381 1581 1415 Sed
1600 1382 1692 1415 enim
1711 1382 1784 1415 viae
1802 1382 1939 1415 Domini
1957 1380 2101 1427 quibus-

423 1450 502 1472 nam
522 1440 589 1472 sint
606 1438 841 1472 misericordia
859 1439 1056 1481 ettvcritas,
1078 1438 1253 1472 declarant
1272 1438 1442 1472 dicentes:
1463 1438 1559 1484 quod
1578 1438 1618 1471 iis
1636 1439 1817 1477 nimirum,
1840 1439 1899 1484 qui
1917 1439 2102 1484 exquirunt

365 1517 383 1529 „
424 1502 665 1529 testamentum
684 1497 822 1530 Domini
846 1502 879 1529 et
899 1496 1093 1529 testimonia
1113 1497 1202 1534 eius,
1223 1495 1259 1529 id
1278 1501 1328 1528 est
1347 1496 1405 1540 qui
1425 1496 1497 1529 Deo
1517 1495 1720 1535 adhaerent,
1741 1507 1889 1540 eumque
1908 1507 2022 1530 amare
2040 1495 2102 1529 de-

422 1560 622 1591 creverunt,
648 1565 710 1599 per
737 1559 1001 1599 praeceptorum
1028 1553 1100 1586 eius
1126 1551 1399 1591 observantiam
1421 1564 1490 1586 non
1517 1558 1630 1586 autem
1656 1551 1952 1592 inobedientibus,
1978 1558 2012 1587 et
2035 1553 2102 1587 im-

423 1613 533 1658 posita
559 1624 576 1646 a
602 1612 737 1645 Christo
763 1611 922 1645 mandata
942 1610 1195 1645 recusantibus:
1217 1610 1365 1655 denique
1391 1622 1434 1644 ne
1452 1611 1492 1644 iis
1510 1610 1651 1656 quidem
1676 1611 1734 1656 qui
1761 1621 1868 1656 aeque
1887 1622 1925 1644 ac
1943 1611 2099 1651 Galatae,

421 1677 496 1715 post
524 1676 715 1715 susceptam
737 1669 841 1703 tidem
861 1667 1003 1702 umbras
1022 1668 1133 1702 adhuc
1152 1668 1235 1713 legis
1260 1674 1512 1702 consectantur.
1541 1667 1673 1708 Quibus
1698 1668 1822 1702 Paulus
1843 1668 1962 1702 scribit
1980 1669 2011 1701 ἐ
2036 1682 2052 1700 «
2074 1669 2101 1702 si

422 1727 733 1765 circumcidamini,
755 1727 908 1760 Christus
926 1724 1026 1759 vobis
1052 1725 1135 1758 nibil
1156 1725 1327 1771 proderit.
1352 1739 1367 1757 »
1390 1726 1429 1758 Et
1452 1737 1586 1759 rursus:
1611 1739 1628 1757 «
1649 1725 1785 1760 alienati
1811 1726 1890 1760 estis
1909 1737 1927 1759 a
1946 1725 2099 1764 Christo,

422 1786 480 1830 qui
507 1798 541 1818 in
568 1785 642 1830 lege
668 1785 917 1822 iustificamini,
939 1796 957 1818 a
983 1785 1092 1829 gratia
1118 1782 1164 1817 ob
1190 1783 1225 1816 id
1251 1783 1433 1817 excidistis.
1459 1798 1474 1815 n
1497 1784 1574 1822 His,
1596 1784 1755 1829 inquam,
1776 1784 1850 1817 viae
1869 1784 2007 1817 Domini
2031 1794 2101 1818 non

425 1849 500 1875 sunt
529 1842 762 1875 misericordia
789 1848 822 1875 et
847 1843 988 1880 veritas,
1011 1853 1123 1886 neque
1149 1841 1261 1874 ullum
1285 1841 1366 1874 inde
1391 1841 1665 1874 emolumentum
1690 1842 1837 1886 capient.

1001 1907 1157 1933 Quoniam
1173 1908 1310 1930 sustinui
1327 1909 1372 1934 te,
1388 1907 1529 1929 Domine.

524 1958 569 1990 lta
597 1957 675 1990 dicit
705 1968 785 2002 pro:
807 1957 1002 2002 expectavi,
1023 1967 1147 2002 nempe
1167 1963 1204 1990 ut
1222 1956 1305 1990 mihi
1332 1956 1469 1990 adiutor
1488 1956 1599 1990 lieres.
1628 1957 1714 1990 Nam
1740 1954 1848 1990 verbo
1873 1956 2040 1989 sustinere
2058 1956 2102 1988 ita

424 2016 530 2048 utitur
556 2015 671 2048 dixina
698 2015 864 2060 scriptura
891 2014 951 2059 62).

1072 2110 1302 2150 PSAL-MUS
1330 2112 1457 2149 XXV.

749 2196 857 2219 ludica
876 2202 939 2224 me,
957 2196 1104 2224 nomine,
1120 2197 1269 2223 quoniam
1285 2197 1318 2219 in
1336 2197 1516 2219 innocentia
1531 2203 1599 2220 mea
1614 2196 1782 2220 ambulavi.

524 2246 668 2279 Persona
696 2258 782 2290 quae
809 2246 883 2279 heic
910 2246 1140 2280 introducitur
1169 2247 1311 2280 iudicari
1338 2246 1508 2295 postulat,
1537 2246 1595 2280 sed
1625 2257 1696 2280 non
1725 2246 1768 2280 de
1799 2246 1957 2292 peccatis.
1986 2246 2105 2292 Neque

426 2305 516 2338 enim
536 2303 722 2337 verisimih¹
742 2309 808 2339 est,
832 2304 1007 2337 hominem
1027 2310 1160 2343 natum,
1181 2305 1358 2349 multaque
1377 2303 1592 2338 laborantem
1610 2303 1653 2337 ad
1671 2303 1884 2349 peccandum
1902 2302 2101 2349 fragilitate,

425 2368 456 2395 et
485 2360 639 2406 lapsibus
658 2362 802 2393 omnino
822 2372 891 2394 non
913 2362 1120 2400 immunem,
1143 2361 1304 2395 audacter
1323 2361 1455 2395 dicere:
1477 2361 1588 2395 iudica
1605 2372 1661 2395 me
1678 2361 1836 2395 Domine.
1864 2362 1941 2394 Non
1959 2371 2043 2405 ergo
2061 2360 2105 2394 de

427 2420 572 2464 pcccatis
599 2418 739 2451 iudicari
769 2419 871 2463 petit,
894 2418 952 2451 sed
973 2419 1087 2463 potius
1112 2418 1205 2463 quod
1228 2419 1360 2452 ludaeis
1386 2430 1456 2452 non
1476 2419 1682 2452 consenserit
1702 2418 1824 2452 Christi
1849 2417 1981 2452 cultum
2007 2429 2105 2451 aver-

426 2475 591 2509 santibus.
620 2477 713 2509 Bona
740 2477 901 2508 nimirum
929 2476 1135 2508 conscientia
1163 2475 1286 2514 fretus,
1314 2476 1408 2520 quod
1435 2482 1467 2510 et
1492 2477 1659 2510 sinceram
1684 2482 1833 2510 mentem
1859 2474 1999 2514 habeat,
2027 2481 2061 2509 et
2086 2486 2104 2508 a

427 2533 633 2568 Iudaeorum
662 2534 827 2579 praxitate
854 2544 997 2578 prorsus
1023 2533 1184 2569 alienam,
1206 2532 1306 2566 dicit:
1328 2532 1441 2566 iudica
1466 2545 1540 2571 me,
1565 2533 1727 2572 Domine,
1752 2533 1916 2578 quoniam
1942 2533 2105 2566 innocen-

428 2591 493 2623 tiae
518 2592 609 2624 xiam
635 2597 781 2624 sectatus
807 2602 901 2623 sum:
925 2591 1143 2623 innocentem
1162 2602 1197 2623 se
1216 2589 1351 2629 dicens,
1373 2591 1451 2635 quia
1471 2590 1677 2625 Iudaeorum
1695 2590 1853 2636 pravitati
1872 2596 1906 2624 et
1923 2588 2104 2624 vecordiae

428 2658 498 2680 non
517 2648 834 2681 communicaverit.
857 2648 1001 2693 Oportet
1021 2648 1111 2681 enim
1131 2648 1191 2692 qui
1210 2647 1244 2680 in
1263 2647 1435 2681 Christum
1454 2647 1598 2681 credunt
1619 2647 1711 2682 haud
1731 2646 1806 2681 fieri
1825 2647 1994 2693 malignos
2009 2657 2106 2680 scru-

528 2759 564 2785 (1;
585 2756 668 2783 isaias
687 2757 746 2782 Vll.
764 2760 789 2783 9,
811 2758 858 2784 Gr.
881 2758 935 2783 ούὲε·
957 2759 993 2790 μη·
1015 2758 1105 2785 συνῆτε
1125 2763 1180 2781 non
1198 2755 1377 2790 z‘ntelliqetis,
1397 2760 1429 2783 ut
1446 2756 1572 2784 Nobilius
1591 2757 1620 2783 in
1638 2756 1753 2789 sixtina,
1772 2760 1800 2783 et
1818 2756 1900 2783 multi
1917 2755 1998 2783 latini
2016 2759 2105 2790 patres

431 2797 504 2832 apud
523 2799 703 2826 Sabaterium.
726 2800 837 2835 Yulgati
856 2801 1001 2828 lectionem
1020 2809 1075 2827 uon
1090 2799 1297 2835 permanebitis
1315 2801 1433 2836 sumpsit
1450 2809 1465 2828 a
1484 2800 1648 2836 Symmacho
1666 2801 1694 2827 S.
1709 2800 1903 2837 Hieronymus.
1923 2798 1991 2827 Vide
2009 2806 2104 2826 rursus

433 2841 613 2869 Sabaterium.

532 2888 563 2917 222
584 2886 810 2914 ,additamentum
832 2888 882 2915 hoc
901 2893 942 2916 est
961 2897 991 2915 ex
1010 2888 1103 2916 codice
1122 2889 1165 2921 M,
1185 2887 1341 2916 cuiusmodi
1358 2896 1446 2923 pauca
1465 2888 1518 2915 alia
1536 2887 1609 2916 infra
1627 2888 1763 2916 dabimus.
