2205 3177
312 463 320 474 x
350 460 379 476 il.

311 1613 329 1625 x.
348 1609 377 1626 1⁴5,

190 1834 193 1837 ·
211 1831 255 1851 Luc
275 1831 333 1852 xitt.
348 1834 379 1851 Ἠ.

310 1895 328 1907 Υ,
348 1894 375 1909 li.

423 193 486 226 162
920 200 947 221 s.
977 200 1103 222 crium
1130 200 1351 223 Arsxffinmsi
1377 201 1581 225 exruxsnio

969 268 1007 290 Ιιι
1026 268 1145 291 lumine
1161 271 1214 291 unu
1231 269 1402 292 videbimus
1418 269 1533 293 tumen.

511 326 540 359 Si
569 324 683 358 lumen
702 323 745 357 de
766 324 870 369 patris
889 323 1019 356 lumine
1041 322 1130 356 tilius
1155 330 1224 360 est.
1244 323 1464 369 quandonam
1483 325 1517 358 in
1538 331 1634 370 patre.
1653 324 1768 360 lumen
1788 326 1892 372 ipsius
1911 338 1978 361 non
2000 326 2083 362 fuit‘?

416 386 502 418 Sicut
529 385 619 416 enim
646 383 758 416 lucere
786 381 1012 426 inseparabile
1038 388 1087 415 est
1114 380 1157 414 ab
1183 382 1280 426 igne,
1305 382 1352 415 sic
1378 394 1395 415 a
1423 388 1518 428 patre
1545 382 1660 416 lumen
1686 394 1724 417 ex
1751 384 1826 429 ipso
1851 386 2014 430 genitum.

862 446 1039 469 Praetentu-
1055 447 1300 469 misericordiam
1318 449 1403 470 tuam
1420 447 1589 469 scientibus
1605 449 1645 470 te.

511 499 590 531 Orat
612 509 675 542 pro
693 495 916 541 diligentibus
933 497 1134 533 Dominum,
1151 503 1183 529 et
1202 497 1259 541 qui
1279 496 1462 530 adventum
1481 497 1553 530 eius
1570 504 1822 542 cognoverunt,
1838 509 1925 543 quos
1941 500 1976 533 in
1993 501 2086 534 omni

413 556 550 601 egregio
569 566 672 600 opere
692 555 816 587 versari
839 565 900 599 par
926 560 993 588 cst.
1016 559 1047 586 et
1067 553 1192 586 dixinis
1211 554 1311 587 donis
1330 553 1486 587 affluere.
1516 554 1605 598 Ergo
1625 554 1885 599 agnoscentibus
1902 557 2087 590 Dominum

417 612 590 658 praetendi
619 610 885 644 misericordiam
914 618 1027 655 rogan:
1051 611 1150 644 rectis
1177 617 1289 644 autem
1310 611 1414 644 corde
1434 612 1594 644 iustitiam
1621 612 1847 657 imprecatur,
1869 613 1964 646 cuius
1989 624 2086 647 causa

416 671 448 703 id
468 682 537 715 quo
555 671 698 714 quisquc
718 669 843 713 dignus
864 669 963 702 suerit
977 695 984 704 .
1006 668 1224 702 attribuetur.
1252 670 1368 713 Neque
1388 668 1540 702 futurum
1561 675 1608 702 est
1629 675 1666 702 ut
1685 668 1816 703 diversa
1836 671 1966 704 ratione
1984 682 2088 716 agan·

418 734 472 761 tur
499 727 637 760 secundi
657 733 689 760 ct
710 728 809 772 primi
823 753 830 763 ,
853 727 885 759 id
907 733 952 759 cst
982 727 1123 759 scientes
1143 733 1172 759 et
1197 727 1291 759 recti.
1325 727 1380 759 Dei
1400 727 1528 771 quippe
1548 726 1702 759 notitiam
1726 725 1946 772 subsequitur
1964 730 2087 764 mentis

336 801 375 816 ,.
419 785 587 818 rectitudo
606 784 767 817 distortae
788 784 996 817 nullatenus.
1027 803 1049 808 -
1075 785 1139 823 Qui
1161 784 1315 816 notitiam
1337 782 1576 816 tantummodo
1596 782 1739 821 liabent,
1759 783 1794 816 id
1812 789 1862 817 est
1882 783 2002 824 fidem,
2023 786 2088 818 mi-

416 841 599 875 sericordia
619 841 844 874 institit-antur
863 847 893 873 et
915 841 996 873 salii
1019 840 1117 873 liunt.
1146 841 1209 880 Qui
1231 847 1344 873 autem
1364 851 1509 885 operum
1527 851 1664 885 quoque
1684 840 1921 874 rectitudinem
1940 840 2084 881 habent,

418 899 450 932 lii
478 899 623 933 institiae
649 899 730 931 idest
760 904 893 931 sanctae
919 899 1103 931 sententiae
1130 898 1296 943 recipiunt
1322 908 1499 931 coronam.

984 964 1050 987 Xon
1071 965 1172 987 veniat
1190 965 1267 987 mihi
1286 971 1337 991 pes
1353 965 1526 991 superbiae.

514 1017 611 1048 Extra
639 1016 831 1060 passionem
859 1014 933 1048 fieri
959 1015 1054 1060 petit.
1084 1015 1185 1055 Quasi
1212 1015 1357 1049 diceret:
1383 1015 1408 1048 si
1429 1021 1465 1048 tu
1485 1015 1687 1060 praetendas
1705 1016 1973 1050 misericordiam
1993 1023 2085 1052 tuam

417 1074 500 1106 mihi
521 1080 551 1107 te
571 1073 785 1117 agnoscenti,
807 1079 837 1105 et
859 1073 1020 1105 iustitiam
1042 1072 1074 1105 id
1095 1079 1144 1106 est
1171 1079 1298 1106 rectam
1317 1073 1420 1106 animi
1440 1073 1641 1106 sententiam
1665 1074 1815 1119 optanti,
1837 1085 2022 1120 numquam
2043 1075 2086 1109 ad

418 1137 485 1164 tam
512 1131 642 1163 laetam
670 1136 818 1163 mentem
846 1129 1045 1166 desscctam,
1069 1136 1105 1163 ut
1131 1136 1266 1175 turgere
1294 1130 1381 1163 fastu
1401 1137 1434 1163 et
1453 1129 1600 1176 superbe
1625 1130 1783 1165 incedere
1809 1131 1928 1171 velim,
1949 1138 1983 1166 et
2001 1133 2087 1167 adeo

419 1188 584 1222 lubricam
611 1189 699 1222 viam
728 1194 849 1222 terere.
880 1190 927 1222 Ne.
954 1200 1060 1234 porro
1086 1199 1140 1222 me
1167 1201 1184 1222 a
1212 1190 1366 1234 proxima
1394 1188 1455 1222 tibi
1483 1189 1626 1223 statione
1652 1188 1824 1223 dimoveat
1849 1190 1936 1224 actio
1966 1201 2084 1236 prava,

923 1254 961 1276 Et
981 1260 1091 1276 manus
1106 1255 1275 1281 peccatoris
1294 1261 1331 1277 ne
1348 1255 1505 1277 concutiat
1523 1261 1580 1277 me.

512 1306 629 1338 Manus
655 1305 859 1349 peccatoris,
881 1303 1049 1338 diabolica
1076 1305 1230 1350 operatio
1257 1311 1319 1338 est.
1348 1306 1467 1338 Manus
1492 1306 1697 1350 peccatoris,
1719 1304 1861 1338 aviditas
1879 1311 1940 1339 est.
1968 1306 2087 1339 Manus

417 1363 617 1407 peccatoris.
644 1373 826 1395 munerum
853 1363 1084 1407 corruptionis
1110 1373 1207 1396 causa
1233 1363 1326 1396 datio
1353 1368 1386 1395 et
1412 1363 1574 1408 acceptio,
1603 1364 1722 1396 Manus
1748 1363 1950 1408 peccatoris,
1975 1374 2087 1397 sacer—

415 1419 478 1453 dos
497 1426 545 1453 est
564 1420 622 1464 qui
641 1419 800 1465 indignos
819 1419 916 1452 altari
936 1419 1108 1453 admovet.
1131 1418 1184 1452 Ab
1203 1419 1264 1453 hac
1284 1430 1388 1452 manu
1405 1420 1590 1464 quominus
1608 1420 1862 1459 concutiamur,
1884 1419 1919 1453 id
1937 1425 1987 1454 est
2005 1418 2087 1454 sub-

417 1484 606 1512 vertamur.
629 1488 690 1509 nos
716 1488 854 1521 quoque
873 1488 1024 1509 oremus.
1054 1478 1197 1521 Oportet
1216 1477 1307 1510 enim
1327 1476 1445 1510 firmos
1464 1483 1496 1509 et
1516 1476 1711 1511 immobiles
1735 1478 1770 1510 in
1792 1477 1914 1510 iustitia
1927 1503 1935 1515 ,
1956 1477 2085 1511 etiamsi

418 1535 471 1567 alii
500 1541 657 1579 peccent.
681 1534 768 1579 frugi
795 1533 950 1567 homines
977 1545 1206 1578 perseverare.

827 1599 876 1621 lbi
893 1600 1070 1622 ceciderunt
1087 1605 1190 1622 onmes
1206 1600 1260 1626 qni
1277 1601 1449 1626 operantiu-
1466 1599 1677 1626 iniquitatem.

512 1648 561 1682 lbi
587 1649 669 1682 dixit
697 1660 761 1694 pro
788 1649 888 1682 liuius
907 1650 956 1682 rei
975 1660 1093 1687 causa,
1115 1649 1150 1682 id
1177 1655 1224 1682 est
1251 1655 1395 1694 propter
1420 1647 1629 1693 superbiam.
1656 1648 1715 1682 Vel
1735 1649 1837 1682 etiam
1863 1659 1927 1694 pro
1946 1648 2006 1682 ubi
2026 1660 2087 1695 po-

418 1708 518 1740 situm
545 1707 624 1743 fuit,
646 1713 680 1739 ut
707 1707 870 1740 sententia
891 1707 950 1739 sit:
974 1718 1015 1739 ne
1042 1706 1105 1739 sim
1131 1706 1218 1745 illic,
1240 1706 1297 1739 ubi
1325 1706 1477 1740 concussi
1505 1705 1649 1744 cadunt,
1669 1712 1702 1739 et
1728 1712 1803 1751 post
1829 1717 1944 1739 casum
1970 1706 2088 1751 expel-

420 1764 554 1801 luntur,
576 1770 607 1797 et
633 1764 763 1808 expulsi
790 1765 856 1796 iam
884 1764 994 1797 redire
1021 1774 1090 1797 non
1117 1770 1290 1809 poterunt.
1318 1763 1375 1797 Vel
1404 1763 1450 1796 ibi
1476 1762 1642 1808 significat
1668 1764 1702 1796 in
1728 1764 1841 1797 futura
1867 1764 1956 1801 vita;
1981 1763 2085 1797 veluti

420 1822 522 1855 illud:
544 1822 590 1854 ibi
618 1822 678 1855 erit
707 1821 805 1854 fletus
826 1821 849 1853 '.

930 1887 1060 1914 Expulsi
1077 1889 1149 1909 sunt
1168 1893 1221 1909 nec
1237 1887 1300 1909 iam
1317 1888 1465 1913 poterunt
1481 1889 1574 1909 stare.

511 1939 653 1983 Oportet
681 1939 792 1982 itaque
818 1948 876 1970 eos
901 1937 959 1981 qui
979 1936 1021 1969 ad
1041 1937 1149 1970 Deum
1177 1936 1357 1974 accedunt,
1378 1935 1490 1970 bonae
1517 1937 1562 1970 rei
1588 1937 1787 1981 petitionem
1813 1936 1940 1974 facere,
1962 1937 2087 1983 depre-

418 1995 485 2027 cari
512 1996 612 2027 ctiam
639 1995 770 2027 animae
790 1994 1020 2029 infirmitates,
1042 2000 1072 2027 et
1093 2005 1135 2027 ne
1154 1994 1189 2027 in
1211 1992 1416 2027 diabolicam
1434 2004 1575 2027 manum
1593 1993 1742 2027 incidant
1755 2019 1762 2030 .
1783 2004 1870 2038 quae
1888 1993 1966 2027 illos
1985 1994 2086 2027 etiam

417 2054 564 2085 concutit
591 2053 648 2097 qui
676 2058 763 2085 stare
789 2052 967 2085 xidentur.
990 2051 1157 2097 siquando
1184 2051 1346 2085 socordes
1365 2052 1601 2089 inveniantur,
1622 2062 1777 2097 quaeque
1800 2051 1878 2084 illos
1903 2052 2086 2085 consistere

416 2109 575 2156 prohibet
603 2111 661 2155 qui
688 2109 733 2143 ob
762 2110 945 2155 plurimam
972 2110 1181 2154 impietatem
1201 2121 1217 2142 a
1236 2110 1307 2143 Deo
1334 2109 1468 2142 fuerunt
1498 2109 1639 2154 repulsi.
1669 2109 1707 2142 ld
1732 2109 1828 2154 quod
1853 2109 1980 2142 carnali
1998 2110 2086 2143 Isra-

418 2168 483 2201 heli
511 2168 672 2211 contigit.
702 2173 880 2211 postquam
908 2166 1112 2200 intolerabili
1140 2166 1279 2200 audacia
1306 2166 1468 2199 adversus
1493 2166 1646 2199 omnium
1679 2173 1887 2199 senatorem
1913 2166 2084 2200 Christum

417 2224 644 2257 debacchatus
673 2224 746 2257 fuit.

1030 2320 1257 2358 PSALMUS
1284 2320 1466 2357 XXXVI.

1106 2405 1251 2428 Psalmus
1268 2405 1393 2427 navicu.

512 2456 649 2489 Moralis
674 2462 723 2489 cst
751 2455 920 2501 psalmus,
950 2454 1200 2499 salutaremque
1225 2455 1355 2487 animae
1383 2460 1518 2487 nostrae
1543 2454 1734 2487 doctrinam
1760 2454 1929 2491 continet,
1958 2454 2085 2487 docens

419 2525 547 2546 novum
574 2513 741 2559 populum
767 2511 1005 2545 abstinentiam
1033 2523 1049 2544 a
1078 2511 1186 2548 malo,
1208 2517 1240 2544 et
1266 2511 1414 2545 studium
1442 2512 1541 2550 recti;
1563 2512 1760 2557 duplicique
1785 2511 1941 2544 suasione
1965 2517 2082 2549 utens,

418 2582 539 2615 nempe
559 2577 588 2603 et
610 2583 670 2615 spe
689 2570 788 2603 bonis
809 2570 983 2615 proposita
996 2595 1003 2607 ,
1025 2576 1057 2603 et
1077 2574 1192 2614 parata
1214 2568 1379 2613 improbis
1399 2580 1520 2614 poena.
1542 2567 1869 2602 ,accommodabitur
1887 2575 2000 2602 autem
2018 2569 2085 2602 Da-

417 2628 484 2660 vidi
512 2634 683 2673 tamquam
704 2627 917 2661 rectitudinis
935 2625 1144 2660 amatoribus
1164 2626 1347 2662 accinenti,
1369 2638 1494 2671 eosque
1514 2626 1663 2659 hortanti
1684 2632 1720 2659 ut
1740 2631 1897 2671 prompte
1915 2624 1958 2658 ab
1983 2624 2084 2658 illau—

417 2683 493 2717 data
514 2686 579 2717 x‘ita
600 2685 770 2718 recedant.
800 2686 1004 2730 Opportune
1024 2690 1137 2717 autem
1156 2683 1191 2716 id
1210 2684 1294 2727 agiu
1316 2694 1462 2728 namque
1482 2684 1516 2716 in
1535 2683 1759 2728 praecedente
1780 2682 1918 2728 psalmo
1937 2682 2082 2728 plurima

419 2740 479 2772 fuit
499 2741 644 2774 ‹fuiusxis
664 2742 770 2786 iniqui
790 2741 1002 2786 obiurgatio:
1023 2741 1058 2773 in
1078 2741 1142 2773 hoc
1162 2746 1274 2773 autem
1295 2739 1563 2773 admonitionem
1583 2739 1682 2773 nobis
1704 2739 1843 2785 praebet
1856 2765 1864 2774 .
1884 2750 1971 2784 quae
1988 2744 2019 2772 et
2039 2737 2082 2771 ab

418 2797 600 2840 impiorum
629 2799 814 2831 imitatione
840 2810 902 2832 nos
928 2797 1096 2836 retrahat,
1118 2803 1149 2830 et
1177 2796 1219 2830 ad
1245 2797 1386 2831 meliora
1415 2797 1590 2843 perducat.
