2205 3177
722 139 755 162 lx
781 138 933 162 PSALMUM
959 138 1064 160 van.
1093 138 1132 160 ET
1159 137 1275 161 vam.
1769 125 1838 159 <225

474 207 579 235 Super
596 207 721 230 Israhel
737 206 973 235 magnificentia
989 207 1070 232 cius,
1085 208 1115 228 cr
1133 207 1233 229 vii-tus
1249 207 1315 229 eius
1333 206 1365 228 in
1384 206 1527 228 nubibus.

256 263 411 308 Namque
438 260 481 295 ab
507 261 655 295 Israhele
681 272 788 306 genus
813 260 977 293 ducentes
1004 261 1087 293 sacri
1116 259 1280 305 apostoli,
1302 260 1361 292 Dei
1388 259 1674 304 magnificentiam
1702 259 1841 303 patratis

159 321 335 355 miraculis
361 320 654 353 demonstrarunt.
682 320 723 352 Et
742 318 801 364 qui
820 323 899 363 post
918 317 996 350 illos
1014 318 1199 362 magisterii
1226 318 1368 362 gratiam
1396 323 1635 361 susceperunt,
1657 328 1719 349 ccu
1737 328 1841 361 quae-

160 379 241 412 dam
261 378 406 412 nebulae
424 377 467 411 de
485 377 684 411 sanctissimi
702 375 846 421 Spiritus
864 375 950 408 mari
971 373 1118 408 imbrem
1138 374 1371 411 adtrahcntcs,
1390 375 1623 419 irrigationem
1645 372 1842 407 hominibus

160 436 365 470 intulerunt.
394 435 453 469 Vel
481 435 586 468 dictio
613 448 628 465 «
650 435 759 467 virtus
785 433 857 466 cius
882 433 916 466 in
945 431 1094 465 nubibus
1118 446 1132 463 »
1160 433 1300 478 ponitur
1327 444 1391 477 pro
1415 447 1429 463 «
1451 444 1591 477 magna,
1613 431 1760 470 excelsa,
1782 431 1843 465 ad-

159 493 341 528 mirabilis.
368 508 383 525 »
406 493 544 537 Alioqui
571 497 607 525 ut
633 491 777 536 quisque
804 491 839 524 in
864 489 1012 524 israhele
1031 490 1165 523 excellit
1192 490 1498 535 contemplatione,
1521 496 1550 523 ct
1579 501 1681 535 supra
1701 501 1754 522 res
1773 495 1843 522 ter-

160 563 262 585 renas
286 550 480 587 extollitur,
503 550 549 583 ita
574 549 635 582 Dei
662 548 830 593 magnalia
856 554 890 581 et
914 548 1023 580 virtus
1049 547 1128 580 huic
1154 547 1382 580 innotescunt.

608 613 771 636 mirabilis
788 613 871 635 Deus
888 614 921 635 in
938 613 1054 635 sanctis
1070 612 1148 638 suiS,
1165 611 1248 634 Deus
1264 611 1398 634 Israhel.

257 665 398 698 Virtutis
417 669 586 697 amatores
605 668 716 696 rectae
734 663 823 695 vitae
843 673 922 695 suae
942 662 1106 707 exemplis
1125 662 1159 694 in
1179 672 1277 694 causa
1297 667 1373 693 suut
1394 667 1427 693 ut
1450 662 1538 693 Deus
1558 658 1738 698 laudetur:
1759 660 1840 694 soli-

159 733 227 767 que
247 722 309 767 ipsi
325 723 433 755 Deum
451 720 682 757 admirantur,
700 731 761 753 ceu
778 721 837 764 qui
856 718 1073 764 magnificam
1090 719 1162 751 eius
1180 717 1432 763 providentiam
1452 718 1675 762 contemplari
1695 724 1837 763 queunt.

162 779 237 824 Ipse
263 780 377 823 itaque
402 777 563 822 spiritalis
592 776 748 810 {srahelis
774 778 885 815 Deus,
906 788 965 809 seu
992 775 1084 820 quod
1113 775 1255 821 perinde
1281 780 1329 808 est
1356 781 1551 808 sanctorum
1579 775 1688 812 Deus,
1714 786 1841 808 norum

159 835 331 881 populum
357 834 619 874 corroborabit,
639 841 677 868 ut
703 836 819 868 omnia
845 833 892 868 oh
918 835 990 867 eius
1009 833 1154 879 gloriam
1181 839 1213 866 et
1239 833 1329 866 dicat
1355 839 1387 866 et
1414 839 1508 877 agat:
1529 838 1562 866 et
1587 833 1676 865 vires
1701 832 1841 877 quidem

161 899 198 926 ut
224 905 259 927 se
285 892 487 927 subtrahant
515 891 558 926 ab
584 892 760 925 idolorum
786 903 905 925 errore
932 890 1182 937 suppeditabit,
1204 890 1452 923 firmitudinem
1479 895 1610 928 autem,
1633 895 1667 922 ut
1695 890 1728 922 in
1755 901 1841 934 pura

160 950 284 984 Christi
303 949 372 984 fide
392 956 628 996 permaneant.
652 950 709 983 Est
728 950 819 983 enim
838 950 928 982 Deus
947 948 1146 986 benixolus,
1169 949 1228 993 qui
1249 948 1345 981 linxit
1363 954 1396 981 et
1415 947 1550 981 refinxit
1571 953 1602 981 et
1622 948 1722 981 tantis
1742 946 1841 979 bonis

159 1008 330 1055 populum
357 1019 457 1042 suum
483 1007 642 1053 dignatus
668 1013 729 1041 est.

782 1102 1012 1141 PSALMUS
1041 1103 1215 1139 LXVIII.

549 1189 586 1211 ln
604 1188 714 1216 finem,
730 1195 787 1216 pro
804 1189 853 1211 his
869 1189 923 1215 qut
941 1188 1233 1215 commutabuntur,
1250 1188 1308 1214 ipsi
1328 1187 1452 1210 naviui-

256 1239 414 1272 Continet
439 1238 591 1284 psalmus
618 1239 805 1272 Servatoris
831 1250 950 1283 preces
977 1244 1151 1283 tamquam
1177 1238 1345 1275 hominis,
1370 1249 1409 1271 ex
1436 1236 1576 1269 humani
1603 1235 1735 1280 generis
1761 1246 1840 1280 per-

159 1307 243 1330 sona
270 1296 436 1342 prolatas,
461 1308 523 1330 nec
549 1307 618 1329 non
645 1307 760 1329 causas
785 1294 832 1329 ob
858 1307 961 1341 quam
980 1296 1009 1329 ei
1031 1295 1174 1329 inlatum
1202 1295 1263 1328 fuit
1290 1295 1399 1328 crucis
1419 1294 1645 1339 supplicium,
1668 1292 1840 1337 simulque

161 1354 270 1398 ipsam
288 1354 482 1399 passionem
502 1354 658 1399 exponit,
681 1359 713 1386 et
734 1359 915 1387 eventuras
934 1360 1009 1399 post
1029 1353 1124 1386 illam
1143 1352 1275 1386 Iudaeis
1294 1353 1517 1386 calamitates:
1542 1357 1717 1397 praetcrea
1737 1360 1840 1383 evan-

158 1409 286 1455 gelicae
311 1411 400 1444 vitae
418 1411 726 1449 introductionem,
749 1417 780 1444 et
807 1410 1016 1444 adorationis
1037 1411 1070 1444 in
1090 1410 1211 1456 spiritu
1238 1422 1275 1443 ac
1302 1411 1442 1443 veritate
1467 1409 1676 1443 doctrinam,
1699 1410 1839 1452 quicum

158 1468 261 1501 etiam
288 1468 457 1513 psalmum
483 1468 670 1502 concludit.
699 1469 828 1514 Reapse
855 1474 961 1502 totam
988 1467 1076 1501 hanc
1099 1468 1291 1501 orationem
1311 1479 1328 1500 a
1349 1468 1526 1500 Serxatorc
1553 1465 1626 1499 ficri
1653 1477 1692 1498 ex
1720 1464 1839 1497 liuma—

159 1535 221 1557 nae
248 1530 388 1558 naturae
415 1537 579 1570 persona,
601 1525 637 1558 id
656 1525 768 1571 ipsum
787 1524 954 1571 significat
973 1524 1037 1559 sub
1057 1525 1179 1570 psalmi
1200 1523 1304 1557 finem
1324 1523 1382 1557 uhi
1404 1525 1467 1557 ait:
1489 1524 1568 1569 quia
1587 1521 1757 1556 exaudivit
1778 1521 1840 1554 Do-

157 1583 272 1616 minus
297 1594 483 1629 pauperes,
506 1591 539 1617 et
557 1584 690 1617 vinctos
709 1595 789 1617 suos
808 1595 876 1617 non
897 1583 1063 1629 despexit.
1093 1584 1247 1628 Namque
1265 1583 1299 1616 in
1320 1583 1507 1628 praesentis
1532 1581 1657 1615 saeculi
1680 1590 1840 1613 consum-

155 1641 307 1674 matione
327 1642 484 1687 apparuit
510 1641 611 1675 nobis
630 1642 720 1675 Deus
739 1641 917 1680 dominus,
942 1648 974 1675 et
1000 1641 1221 1675 intellectuali
1249 1642 1472 1674 conversione
1498 1639 1666 1673 immutati
1694 1638 1837 1675 fuimus,

157 1697 250 1731 baud
269 1699 430 1743 equidem
450 1711 489 1732 ex
510 1698 610 1732 bonis
630 1701 663 1732 in
683 1700 801 1744 peiora
820 1699 1016 1733 decidentes
1029 1725 1036 1737 ,
1059 1698 1165 1733 veluti
1185 1700 1219 1732 in
1238 1699 1372 1732 Adamo
1396 1699 1537 1743 contigit
1550 1723 1557 1737 ,
1579 1697 1639 1731 sed
1659 1709 1698 1730 cx
1718 1697 1840 1741 quovis

157 1754 306 1789 malitiae
325 1767 447 1800 genere
467 1755 509 1789 ad
529 1767 667 1789 omnem
687 1755 876 1790 bonitatem
894 1756 1186 1802 transmigrantes.
1216 1755 1337 1789 Scribit
1358 1762 1471 1789 autem
1492 1757 1525 1788 in
1545 1754 1689 1800 epistola
1709 1754 1749 1787 ad
1771 1754 1836 1786 He-

157 1810 281 1846 braeos
299 1813 400 1846 etiam
418 1813 543 1846 Paulus
561 1813 605 1847 de
623 1813 757 1847 Christo
776 1813 788 1823 *
800 1839 808 1853 ,
833 1814 925 1847 hunc
943 1814 977 1847 in
997 1813 1118 1847 diebus
1137 1814 1247 1847 carnis
1267 1825 1345 1847 suae
1366 1824 1484 1858 preces
1503 1812 1838 1858 supplicationesque

158 1869 208 1907 ei,
231 1871 290 1915 qui
317 1882 352 1903 se
378 1876 513 1916 poterat
532 1882 550 1905 e
568 1877 680 1904 morte
706 1872 859 1917 eripere,
881 1883 957 1904 cum
985 1871 1135 1905 clamore
1153 1870 1270 1905 valido
1288 1877 1321 1904 et
1347 1871 1506 1915 lacrymis
1531 1869 1710 1904 obtulisse.
1739 1869 1776 1901 Et
1803 1868 1836 1900 in

156 1928 336 1973 evangelio
357 1928 384 1961 ‘z
408 1928 514 1962 factus
539 1929 574 1962 in
600 1930 720 1974 agonia
747 1941 825 1963 cum
851 1930 997 1967 sudore,
1021 1930 1144 1975 angelo
1170 1929 1388 1967 consolante,
1413 1929 1580 1974 prolixius
1606 1926 1738 1961 orabat.

379 1994 475 2017 Salva
490 2001 554 2022 me,
572 1995 669 2023 neus,
685 1996 834 2023 quoniam
850 1996 1051 2018 iun-averunt
1069 2003 1169 2022 aquae
1186 2002 1282 2022 usque
1299 1996 1338 2017 ad
1355 1996 1493 2018 animam
1509 2001 1616 2017 meam.

254 2042 398 2076 Videtur
416 2055 457 2077 ex
476 2055 622 2089 persona
640 2045 777 2078 Domini
796 2045 831 2078 id
854 2045 949 2089 quod
975 2051 1134 2078 evenerat
1154 2056 1292 2078 narrare
1305 2070 1312 2082 ,
1335 2056 1458 2089 nempe
1483 2043 1578 2088 quod
1605 2043 1710 2076 homo
1730 2041 1837 2074 sactus

158 2112 265 2145 usque
286 2101 328 2134 ad
348 2107 494 2135 mortem
514 2113 549 2135 se
569 2101 812 2136 humiliaverit.
834 2103 921 2136 Nam
940 2102 1019 2147 quia
1038 2102 1145 2135 nostri
1165 2113 1263 2135 causa
1283 2101 1398 2140 dolet,
1422 2101 1546 2134 merito
1566 2101 1665 2133 ctiam
1687 2099 1835 2145 postulat

159 2158 404 2192 tentationibus
424 2158 579 2198 liberari,
597 2171 684 2205 quae
703 2161 864 2193 torrentis
882 2160 988 2193 instar
1007 2160 1155 2193 animam
1174 2160 1280 2205 ipsius
1299 2158 1570 2193 circumdabant.
1588 2160 1695 2192 Porro
1715 2157 1836 2190 Christi

159 2221 260 2261 typus
286 2217 404 2256 Ionas,
426 2218 485 2262 qui
505 2218 549 2250 ait
571 2217 599 2250 ⁹:
622 2229 729 2262 aquae
748 2217 973 2251 circumfusae
991 2223 1067 2250 sunt
1089 2229 1196 2263 usque
1216 2217 1257 2251 ad
1278 2218 1426 2251 animam
1452 2228 1575 2250 meam.
1605 2217 1646 2249 Et
1671 2214 1762 2260 apud
1782 2215 1837 2248 lo-

156 2272 242 2308 bum
269 2273 300 2307 'z
328 2275 447 2308 venisti
476 2286 584 2320 usque
610 2275 651 2308 ad
678 2276 783 2309 maris
809 2276 1069 2320 scaturiginem,
1095 2281 1128 2309 et
1154 2276 1188 2308 in
1215 2275 1326 2320 abyssi
1356 2274 1463 2308 fundo
1490 2272 1753 2320 perambulasti,
1778 2270 1837 2304 nbi

157 2331 282 2365 inferni
310 2332 466 2377 regiones
492 2333 773 2378 conspiciuntur?
800 2353 823 2358 —
847 2333 945 2366 Certe
964 2345 1131 2378 aquarum
1150 2332 1320 2367 vocabulo
1346 2333 1507 2378 inspirata
1534 2331 1700 2376 scriptura
1728 2335 1837 2363 tenta—

158 2390 267 2423 tiones
292 2389 446 2423 denotat.

526 2455 606 2478 Veni
622 2457 655 2478 in
670 2456 876 2479 altitudinem
893 2458 1003 2484 maris,
1019 2459 1050 2479 et
1067 2458 1232 2484 tempestas
1248 2457 1395 2479 demersit
1412 2462 1468 2478 me.

253 2505 402 2538 Diversis
426 2505 534 2538 variat
554 2517 749 2540 sermonem
767 2506 992 2552 imaginibus,
1016 2507 1095 2552 quia
1122 2506 1260 2551 dignam
1280 2517 1349 2539 non
1369 2506 1498 2539 invenit
1516 2502 1775 2538 similitudinem
1794 2500 1837 2534 il-

158 2562 273 2597 lorum
297 2574 385 2608 quae
412 2563 565 2608 captivos
591 2570 751 2608 premunt
777 2565 960 2598 malorum.
991 2565 1103 2598 Innuit
1121 2565 1223 2598 etiam
1242 2564 1366 2597 inferni
1386 2563 1561 2608 regiones,
1583 2561 1627 2595 ad
1644 2571 1729 2606 quas
1748 2570 1836 2593 unus

155 2620 309 2654 Christus
334 2621 543 2655 descendens
570 2622 771 2666 penetravit.
800 2623 910 2656 Dictio
936 2629 1049 2656 autem
1079 2636 1093 2653 «
1117 2623 1193 2655 veni
1216 2637 1230 2652 »
1257 2622 1375 2655 similis
1400 2627 1449 2655 est
1474 2621 1525 2654 illi
1550 2621 1581 2653 ’τ
1614 2633 1630 2650 «
1650 2629 1715 2664 ego
1740 2628 1835 2663 pono

157 2678 305 2711 animam
330 2689 442 2711 meam
461 2689 479 2712 a
500 2690 554 2712 me
580 2679 667 2724 ipso.
693 2693 708 2711 »
730 2680 858 2725 Sponte
883 2681 975 2714 enim
996 2680 1148 2713 Christus
1174 2690 1291 2713 necem
1317 2678 1475 2725 pertulit,
1496 2688 1601 2724 quam
1627 2676 1835 2722 tempestatis

157 2736 298 2769 nomine
317 2735 486 2781 indigitat.
515 2736 680 2782 Congruit
699 2737 780 2771 item
799 2736 882 2771 haec
901 2738 1030 2771 locutio
1048 2737 1078 2771 ei
1097 2738 1155 2783 qui
1176 2748 1238 2782 per
1256 2737 1412 2771 omnium
1432 2736 1597 2770 virtutum
1616 2733 1758 2781 pelagus
1776 2745 1834 2767 na-

156 2794 275 2839 vigans
302 2793 408 2827 dicat:
432 2794 508 2828 veni
534 2794 569 2827 in
595 2794 810 2828 altitudinem
836 2795 959 2834 maris,
982 2801 1015 2829 et
1040 2800 1222 2840 tempestas
1247 2793 1409 2828 demersit
1435 2805 1503 2828 me.

1880 620 1901 634 ν,
1916 616 1949 634 aa.

1880 641 1917 661 Gr.
1931 646 1954 667 p.
1970 643 2014 662 889.

1878 1828 1884 1835 '
1903 1825 1971 1845 Hem.
1987 1824 2013 1844 V⁴
2030 1827 2048 1845 7,

1878 1939 1883 1944 “
1895 1935 1947 1955 Luv.
1958 1934 2027 1955 xxti.
2037 1937 2061 1955 -125

1876 1999 1896 2012 i.
1912 1995 1931 2013 2.

1876 2020 1913 2040 Gr.
1928 2026 1950 2045 ρ.
1965 2022 2012 2039 390,

1877 2233 1884 2241 ’
1901 2231 1947 2251 Ion.
1965 2231 1992 2251 11.
2009 2234 2027 2251 6.

1874 2270 1936 2318 'nl—ob.
1945 2269 2065 2291 xxxvttt.

1874 2638 1881 2644 ’
1898 2632 1947 2654 tuh.
1963 2632 1988 2653 Χ.
2008 2634 2031 2652 ts
