2205 3177
262 546 318 562 itt

150 1868 155 1874 ·
169 1865 229 1885 iterur
251 1864 296 1884 vn.
310 1867 315 1883 ι
327 1869 338 1883 ι.

163 2097 168 2102 ’
187 2094 205 2115 l*
231 2094 305 2115 lixit.
324 2099 339 2114 ι.

285 2443 302 2456 t.
319 2440 349 2458 39.

366 174 434 204 262
873 180 900 202 s.
929 179 1055 202 evalui
1082 178 1303 200 armannum
1330 177 1536 200 serANATio

949 275 1179 314 PSALMUS
1207 275 1459 314 LXXXVIII.

853 364 956 391 Usque
972 365 1005 387 in
1023 367 1186 387 aeternum
1202 371 1303 387 semen
1321 367 1410 387 tuum
1427 364 1555 391 parabo.

463 417 592 460 Nempe
617 414 660 448 de
685 415 813 448 semine
842 415 915 448 eius
939 415 1117 448 suscitatus
1145 420 1193 448 est
1226 414 1415 449 secundum
1446 424 1583 447 carnem
1609 412 1762 447 Christus
1778 439 1785 450 ,
1813 420 1846 447 et
1871 426 1910 448 ex
1938 415 2044 450 Iudae

369 472 479 507 tribu,
500 484 540 505 cx
565 483 632 516 qua
657 470 764 504 David
793 471 864 516 ipse
890 478 961 505 erat
988 471 1167 505 oriundus.

992 537 1031 559 ln
1049 537 1177 559 brachio
1196 537 1324 558 vti-tuns
1339 537 1423 559 mne.

464 587 569 620 Patris
594 585 774 620 brachium
800 585 951 632 appellat
978 585 1107 624 filium,
1130 598 1191 632 per
1215 597 1319 631 quem
1339 586 1454 619 omnia
1476 591 1658 631 operatum
1679 585 1776 619 sicuti
1796 596 1899 620 manu
1927 593 2043 621 nostra

367 650 398 677 et
426 655 488 677 nos
513 644 629 677 omnia
655 642 765 677 facere
792 643 955 677 solemus.

831 709 979 737 Domine,
996 710 1028 732 iu
1046 709 1166 732 lumine
1182 708 1287 731 vuitus
1304 708 1352 731 tui
1368 707 1589 731 ambulabunt.

465 758 501 791 In
527 748 676 795 lumine,
700 757 794 802 quod
821 764 870 791 est
897 770 937 791 ex
964 758 1112 803 Spiritu,
1137 757 1303 803 quodque
1329 769 1347 791 a
1374 763 1434 791 tuo
1460 756 1558 790 xultu
1583 757 1770 795 emittitur,
1793 756 1828 790 id
1855 764 1903 791 est
1929 769 1946 792 a
1973 757 2049 792 filio

369 822 428 849 tuo
441 841 448 850 .
469 813 708 848 ambulabunt.
736 815 835 848 Ducit
861 816 953 848 enim
973 827 1036 849 nos
1054 816 1200 860 Spiritus
1218 820 1354 848 sanctus
1373 813 1415 848 ad
1435 814 1568 859 singula
1586 825 1673 859 quae
1694 815 1727 847 in
1746 814 1875 848 lumine
1894 814 2046 849 facienda

369 879 447 906 sunt
472 883 590 917 opera.

973 937 1012 960 Ιιι
1030 938 1155 960 nomine
1171 939 1225 960 tuo
1242 936 1442 959 exultabunt.

467 987 607 1032 Semper
625 987 716 1020 enim
737 997 800 1020 nos
818 993 919 1021 ornat
938 987 1060 1021 Christi
1080 998 1184 1032 super
1203 998 1265 1020 nos
1284 987 1481 1020 invocatum
1500 997 1638 1020 nomen.
1661 986 1836 1032 Siquidem
1855 998 1895 1021 ex
1913 987 2048 1022 Christo

372 1044 543 1077 christiani
570 1055 687 1077 sumus
714 1044 895 1077 nominati.

911 1108 1058 1132 odientes
1074 1115 1144 1132 eum
1160 1110 1194 1132 iu
1212 1109 1321 1139 fugam
1336 1110 1523 1132 conver-inm.

466 1159 544 1191 Post
569 1158 757 1191 Servatoris
783 1169 940 1196 crucem,
962 1160 997 1192 in
1023 1169 1144 1203 graves
1169 1165 1270 1204 atque
1294 1157 1510 1192 inevitabiles
1533 1158 1654 1192 incidit
1678 1157 1884 1192 calamitates
1905 1158 2049 1192 ludaeo-

372 1227 449 1249 rum
476 1226 660 1260 synagoga.
688 1215 816 1248 Traditi
843 1217 934 1249 enim
959 1216 1098 1250 fuerunt
1116 1216 1152 1249 in
1170 1216 1322 1249 hostium
1348 1226 1487 1254 manus,
1509 1216 1568 1261 qui
1592 1215 1787 1249 universam
1811 1216 1965 1261 ipsorum
1989 1226 2051 1249 va-

374 1278 505 1305 starunt
531 1273 722 1317 regionem.
754 1273 870 1318 ltaque
895 1273 1039 1319 dispersi
1065 1279 1155 1307 sunt.

1023 1337 1129 1360 Cornu
1146 1338 1214 1360 eius
1229 1337 1408 1360 extolletur.

470 1387 560 1421 Solet
586 1387 748 1432 inspirata
776 1387 938 1421 divinitus
957 1388 1124 1433 scriptura
1144 1398 1252 1421 cornu
1271 1387 1449 1432 designare
1471 1385 1685 1432 superbiam.
1708 1387 1734 1420 si
1753 1386 1796 1420 de
1814 1385 2052 1432 peccatoribus

375 1444 504 1489 agilum
524 1443 672 1487 gloriam
697 1455 800 1482 vero,
823 1445 848 1477 si
875 1444 918 1478 de
942 1445 1038 1477 iustis
1064 1455 1178 1478 sermo
1204 1448 1266 1477 est.

504 1508 542 1531 ln
560 1510 723 1531 aeternum
740 1510 867 1531 servabo
883 1509 935 1532 illi
951 1509 1198 1532 misericordiam
1214 1514 1327 1537 meam,
1344 1509 1375 1530 et
1392 1510 1611 1531 testamentum
1627 1513 1728 1530 meum
1745 1507 1835 1530 fidele
1851 1508 1922 1535 ipsi.

470 1558 640 1603 Populum
658 1559 770 1603 ipsum
791 1558 979 1603 alloquitur
998 1557 1061 1591 sibi
1082 1557 1298 1595 credentem;
1318 1556 1588 1590 misericordiam
1606 1562 1719 1590 antem
1737 1556 1820 1590 dicit
1836 1557 1972 1590 veniam
1992 1568 2054 1602 per

377 1614 493 1648 fidem.
524 1615 639 1648 Fidele
666 1621 780 1648 autem
806 1614 927 1648 foedus
953 1614 1055 1654 dicit,
1083 1614 1119 1648 id
1144 1621 1194 1648 est
1221 1614 1361 1647 firmum
1388 1625 1425 1647 ac
1451 1625 1669 1659 permanens.
1698 1615 1782 1646 Nam
1809 1614 1906 1659 prius
1931 1613 2053 1647 foedus

298 1698 337 1715 s».
378 1673 519 1706 cessavit
546 1677 688 1717 propter
714 1672 819 1717 ipsius
845 1671 1078 1705 infirmitatem
1105 1678 1206 1716 atque
1231 1671 1462 1705 inutilitatem.
1490 1670 1580 1704 Nihil
1601 1671 1691 1704 enim
1713 1670 1855 1716 perfecit
1879 1670 1946 1704 lex.
1976 1671 2054 1704 Ces-

376 1730 479 1767 sain,
504 1730 664 1774 inquam.
690 1730 784 1774 prius
809 1729 919 1767 illud,
943 1730 1023 1774 quia
1049 1728 1269 1762 umbratilem
1295 1735 1416 1774 typum
1443 1728 1618 1773 solamque
1643 1728 1794 1761 veritatis
1821 1728 1968 1773 speciem
1993 1727 2055 1761 ha-

378 1785 497 1819 bebat:
517 1792 754 1820 verumtamen
774 1787 845 1832 spei
865 1787 1017 1820 melioris
1035 1786 1246 1820 introductio
1265 1784 1366 1819 nobis
1385 1785 1447 1819 fuit
1461 1811 1468 1823 ‚
1486 1783 1532 1818 ob
1552 1796 1654 1830 quani
1675 1786 1744 1818 Deo
1764 1785 2055 1830 propinquamus,

379 1849 415 1876 ut
440 1842 559 1876 beatus
585 1842 702 1876 scribit
728 1843 853 1876 Paulus
878 1844 902 1876 '.

1019 1908 1164 1931 Thronus
1181 1909 1247 1931 eius
1263 1909 1343 1930 sieut
1359 1907 1414 1930 sol.

472 1957 648 1990 Thronum
667 1957 733 1990 hoc
752 1957 829 1990 loco
848 1957 931 1991 dicit
951 1958 1181 2003 principatum
1206 1957 1315 1995 illius,
1339 1957 1374 1990 id
1398 1964 1448 1991 est
1467 1957 1655 1991 ecclesiam.
1685 1958 1770 1990 Nam
1790 1956 1912 1990 Christi
1939 1967 2057 2002 reapse

379 2015 524 2047 thronus
542 2019 591 2047 est
611 2013 771 2047 ecclesia:
795 2014 827 2046 in
854 2015 926 2060 ipsa
953 2016 1043 2048 enim
1063 2015 1157 2048 velut
1176 2015 1210 2047 in
1229 2016 1352 2048 sanctis
1371 2015 1499 2059 angelis
1518 2015 1712 2058 requiescit.
1741 2014 1911 2059 Scriptum
1929 2013 2058 2059 quippe

379 2078 427 2105 est
448 2072 478 2104 ':
501 2071 633 2104 caelum
660 2071 745 2104 mihi
772 2071 917 2105 thronus
936 2078 998 2105 est.
1027 2072 1124 2106 Certe
1151 2083 1296 2117 superna
1324 2072 1464 2105 ecclesia
1491 2071 1605 2105 throni
1631 2072 1704 2104 vice
1732 2072 1904 2116 l'ungitur;
1926 2077 1999 2103 tum
2024 2076 2058 2104 et

380 2128 462 2162 haec
489 2130 674 2166 terrestris,
697 2130 755 2162 Dci
776 2130 932 2162 omnium
957 2136 1112 2163 nostrum
1139 2130 1285 2163 thronus
1311 2135 1372 2162 est.
1402 2128 1602 2174 Splendebit
1629 2130 1762 2174 itaque,
1786 2128 1914 2173 inquit,
1935 2127 2056 2161 Christi

379 2186 518 2220 ecclesia
546 2185 783 2231 mundumque
810 2186 1036 2225 illuminabit,
1061 2193 1161 2232 atque
1181 2188 1286 2220 instar
1306 2187 1386 2220 solis
1405 2187 1574 2232 lunaeque
1595 2192 1760 2232 perpetua
1779 2185 1943 2219 manebit.
1972 2186 2059 2219 Nam

379 2244 475 2277 sicuti
496 2255 597 2277 nemo
616 2245 651 2277 in
670 2244 771 2277 caelis
791 2244 872 2277 solis
891 2244 1035 2278 lunaeve
1053 2244 1174 2278 orbem
1193 2246 1389 2289 extinguere
1409 2245 1531 2290 poterit
1544 2271 1552 2281 ,
1570 2245 1616 2277 sic
1635 2243 1752 2277 nullus
1769 2254 1932 2288 umquam
1953 2242 2058 2276 homo

380 2301 538 2334 ecclesiae
557 2300 670 2334 radios
689 2302 759 2334 sive
779 2301 966 2346 spiritalem
987 2302 1206 2347 splendorem
1226 2301 1436 2335 obscurabit.
1459 2303 1545 2335 Nam
1565 2312 1671 2346 aeque
1691 2312 1728 2334 ac
1747 2300 1797 2333 sol
1818 2306 1852 2333 et
1870 2299 1950 2333 luna
1970 2310 2059 2333 sem-

383 2369 444 2402 per
471 2358 574 2391 lucet.

689 2423 736 2446 'ru
754 2430 823 2446 vero
839 2424 986 2451 repulisti
1003 2426 1033 2447 et
1050 2425 1232 2451 despexisti,
1248 2424 1403 2447 distulisti
1420 2423 1582 2446 christum
1599 2426 1688 2447 tuum
1704 2426 1761 2446 eie.

477 2473 529 2506 Sic
556 2474 599 2505 ait
612 2499 619 2509 ,
643 2484 726 2518 pro:
750 2473 872 2518 repelli
891 2479 923 2506 et
943 2473 1068 2518 despici
1091 2474 1284 2519 permisisti.
1314 2474 1430 2518 Neque
1450 2473 1541 2506 enim
1561 2479 1657 2518 pater
1677 2472 1857 2518 proprium
1876 2470 1986 2504 filium
2005 2482 2062 2504 re-

387 2529 472 2572 pulit
493 2536 546 2561 aut
568 2529 741 2574 despexit;
765 2530 880 2563 ludaei
899 2531 1013 2575 potius
1032 2531 1075 2563 ita
1095 2542 1129 2563 se
1148 2536 1323 2575 gesserunt
1336 2555 1344 2567 .
1365 2536 1602 2563 verumtamen
1622 2532 1840 2575 permittente
1858 2529 1930 2562 Deo
1949 2534 2056 2573 patre.

383 2585 545 2618 Distulisti
573 2586 743 2619 Christum
771 2593 891 2625 tuum,
921 2586 955 2619 id
982 2593 1031 2621 est
1048 2613 1055 2624 .
1085 2588 1351 2632 promissionum
1377 2587 1420 2619 de
1447 2587 1508 2620 illo
1534 2587 1702 2620 editarum
1729 2587 1857 2620 exitum
1881 2585 2056 2618 distulisti.

384 2641 565 2679 Quomodo
591 2649 703 2676 autctn
729 2643 882 2676 distulit?
909 2643 1108 2677 Subvertisti
1137 2644 1257 2677 foedus
1283 2644 1371 2676 servi
1400 2645 1458 2677 tui.
1489 2645 1715 2681 Promiseras,
1738 2643 1866 2689 inquit,
1888 2643 1922 2675 in
1949 2648 2061 2675 aeter-

383 2708 467 2729 num
493 2709 563 2731 esse
590 2711 806 2732 mansurum:
830 2702 874 2734 ita
900 2702 991 2734 enim
1017 2712 1052 2734 se
1078 2700 1225 2734 habebat
1252 2700 1373 2734 foedus
1393 2713 1410 2733 a
1432 2707 1462 2734 te
1482 2713 1559 2734 cum
1584 2701 1644 2734 illo
1664 2702 1798 2734 initum.
1827 2699 2059 2734 Nihilominus

386 2766 463 2788 eum
490 2755 686 2789 crucifixere
708 2757 837 2793 Iudaci.
861 2764 892 2791 et
914 2760 1002 2791 inter
1021 2765 1176 2792 mortuos
1195 2764 1372 2803 reputatus
1391 2758 1466 2792 fuit.
1498 2759 1615 2792 Passus
1635 2764 1681 2791 est
1696 2784 1704 2795 .
1727 2752 1852 2803 inquit,
1874 2763 1907 2790 et
1927 2758 1960 2790 in
1979 2767 2059 2789 cru-

385 2823 457 2844 cem
478 2810 640 2845 sublatus.
663 2814 752 2858 Ergo
772 2814 893 2848 foedus
910 2817 999 2848 servi
1020 2816 1066 2848 tui
1086 2814 1297 2849 subvertisti:
1320 2814 1414 2848 humi
1435 2815 1623 2849 detractum
1642 2816 1872 2850 sanctuarium
1892 2814 1963 2847 eius
1981 2823 2057 2857 pro-
