2205 3177
911 185 1105 209 PRAEFATIO.
1812 191 1843 213 lx

176 260 274 295 valde
301 258 444 296 nobilis,
472 268 549 290 cum
576 261 740 302 perpetua
766 258 883 287 catena
899 277 907 288 ,
933 262 1011 285 cum
1039 250 1281 296 hexaplaribus
1307 252 1340 284 in
1367 252 1520 297 margine
1546 252 1785 294 varietatibus,
1812 262 1843 288 et

174 330 251 353 cum
277 316 399 363 grandi
425 316 579 360 isagoge,
601 325 641 347 ex
661 323 728 358 qua
746 309 1019 345 Montfauconius
1038 309 1073 341 in
1098 308 1171 341 aliis
1190 308 1277 342 lecta
1296 309 1472 344 codicibus
1494 311 1558 344 tria
1576 311 1733 356 Origenis
1755 323 1845 358 opu-

173 376 266 411 scula
292 374 400 409 edidit
427 379 502 407 ante
529 371 787 406 celeberrimam
807 378 903 402 suam
929 366 1156 412 hexaplorum
1182 368 1442 401 restitutionem.
1471 368 1510 401 V.
1533 368 1647 402 Codex
1672 370 1710 403 Ε.
1737 381 1844 404 mem-

172 433 321 467 braneus
341 431 403 465 fol.
424 442 510 464 saec.
536 430 625 466 xlv,
648 432 764 461 catena
786 426 821 458 in
846 430 958 458 totum
977 423 1191 469 psalterium.
1221 425 1276 457 vl.
1299 424 1412 459 Codex
1431 426 1468 459 F.
1494 427 1527 458 in
1547 427 1582 459 4.
1603 426 1845 462 membraneus

172 491 298 525 saeculi
317 491 375 524 XI.
398 489 451 523 vel
470 489 551 526 ΧΠ,
573 471 719 530 eleganti
745 484 948 529 scriptione,
969 483 1003 516 in
1024 482 1174 528 psalmos
1195 494 1315 517 omnes
1334 489 1462 517 catena.
1490 484 1562 517 Vll.
1585 484 1698 519 Codex
1718 486 1757 520 G.
1780 486 1841 520 fot.

173 548 281 582 chart.
311 558 452 584 recens,
481 550 596 578 catena
624 554 642 576 a
669 541 803 587 psalmo
832 541 890 574 51.
918 551 1027 586 usque
1054 539 1096 573 ad
1124 539 1227 573 finem
1256 540 1418 586 psalterii.
1448 542 1534 575 Vllt.
1563 542 1678 576 Codex
1704 543 1748 576 H.
1780 543 1841 577 sol.

172 606 282 639 chart.
304 606 335 638 in
354 603 425 636 duo
442 600 617 635 volumina
635 604 763 637 sectus,
785 598 844 643 qui
864 597 929 631 fuit
947 598 1031 631 olim
1049 596 1177 631 Giberti
1198 598 1348 644 episcopi
1366 600 1581 635 veronensis,
1603 606 1720 634 catena
1740 600 1843 635 densa

172 675 190 697 a
222 662 352 708 psalmo
381 660 438 692 55.
465 659 501 691 in
529 667 649 690 omnes
678 656 849 701 reliquos,
878 666 966 700 quae
997 666 1075 689 cum
1102 654 1160 689 itta
1191 661 1384 700 praestante
1410 656 1537 690 codicis
1561 657 1599 690 B.
1629 657 1730 691 valde
1761 670 1844 692 con-

170 720 286 765 spirat.
315 718 372 750 lx.
394 714 509 749 Codex
534 714 559 747 Ι,
581 712 728 746 membr.
751 712 813 746 fol.
838 724 926 746 saec.
948 712 1030 751 xil,
1050 719 1168 746 catena
1195 724 1212 746 a
1239 712 1372 758 psalmo
1395 714 1508 758 primo
1534 713 1576 747 ad
1602 715 1845 761 quinquagesi-

168 786 284 812 mum:
304 784 410 818 quare
435 771 490 804 xix
517 776 566 804 est
585 769 816 804 dubitandum
829 796 837 809 ,
858 771 942 815 quin
961 770 1025 803 alia
1045 769 1116 804 duo
1142 770 1233 815 paris
1258 769 1360 803 molis
1378 770 1555 804 volumina
1580 772 1770 806 interierint
1789 773 1841 806 vel

167 831 291 865 alicubi
317 831 456 863 lateant.
484 829 542 861 Est
568 839 651 862 vero
678 828 733 862 hic
757 827 866 862 codex
891 828 1004 861 multo
1026 828 1246 866 utilissimus,
1267 828 1347 873 quia
1373 828 1521 873 spatiosa
1548 839 1656 874 paene
1681 841 1761 874 prae
1789 842 1844 864 ce-

165 890 246 922 teris
271 887 425 921 continet
448 887 587 919 Patrum
618 892 797 933 excerpta:
819 897 907 932 quae
932 896 986 919 res
1009 896 1064 919 me
1091 885 1296 924 commovit,
1323 891 1360 918 ut
1385 891 1523 930 praeter
1549 886 1735 931 Cyrillum,
1759 887 1845 921 alios

163 955 303 990 quoque
329 943 461 989 aliquot
484 955 703 990 excerperem
731 945 847 978 Patres
870 943 1034 982 ineditos,
1054 954 1141 988 quos
1168 947 1323 988 tempore
1350 942 1537 976 commodo
1561 943 1596 976 in
1623 943 1736 977 lucem
1761 956 1844 990 pro—

163 1001 283 1035 feram.
312 1003 355 1035 X.
377 1001 492 1035 Codex
511 1002 552 1035 K.
575 1001 723 1035 membr.
747 1001 809 1035 fol.
832 1012 920 1034 saec.
944 1001 1018 1034 xil.
1039 1006 1157 1034 catena
1183 1000 1316 1045 integra
1335 1000 1368 1033 in
1387 1000 1555 1045 psalmos,
1577 1012 1656 1034 cum
1676 1001 1734 1035 illa
1755 1013 1843 1047 quo-

160 1070 228 1103 que
247 1059 385 1104 isagoge
408 1058 452 1093 de
475 1071 544 1104 qua
566 1059 636 1092 dixi
656 1059 699 1092 ad
721 1058 799 1093 cod.
824 1059 865 1092 D.
895 1059 933 1092 In
954 1058 1017 1091 hac
1038 1058 1174 1103 isagoge
1194 1063 1274 1091 sunt
1293 1058 1394 1091 etiam
1412 1057 1619 1092 Theodoreti
1643 1066 1843 1104 argumenta

161 1116 375 1162 psalmorum
393 1142 401 1155 ,
429 1116 541 1150 multo
572 1116 673 1150 editis
704 1115 883 1162 pleniora,
916 1126 1123 1161 quamquam
1157 1114 1357 1148 idemtidem
1388 1121 1479 1148 certe
1509 1115 1717 1161 interpolata
1748 1123 1838 1150 sunt.

160 1174 217 1207 xl.
240 1173 356 1208 Codex
374 1174 412 1206 L.
435 1173 584 1207 membr.
611 1174 644 1206 in
667 1174 700 1206 Ῑι.
723 1173 849 1206 saeculi
877 1172 985 1206 ferme
1005 1173 1078 1206 xil.
1103 1178 1161 1205 aut
1181 1172 1277 1211 XIII,
1301 1178 1418 1206 catena
1436 1173 1472 1205 in
1498 1173 1697 1206 universum
1716 1173 1843 1218 psalte-

160 1233 269 1271 rium,
291 1243 370 1265 cum
396 1231 568 1277 praedicta
596 1232 744 1276 isagoge.
774 1231 956 1275 Ceteroqui
982 1230 1038 1263 hic.
1066 1230 1173 1264 codex
1200 1229 1335 1263 mendis
1361 1227 1525 1263 abundat.
1554 1231 1628 1263 XII.
1654 1231 1768 1265 Codex
1794 1232 1838 1264 M.

159 1289 269 1321 chart.
292 1288 353 1322 fol.
376 1300 464 1322 saec.
487 1290 557 1322 XV.
581 1290 615 1321 in
635 1289 833 1322 universum
857 1287 1059 1332 psalterium
1078 1292 1213 1325 catena,
1233 1286 1277 1319 de
1295 1297 1366 1331 quo
1384 1286 1502 1320 codice
1528 1288 1746 1332 singulariter
1772 1289 1841 1322 dixi
1866 1311 1877 1313 --

158 1345 192 1377 in
218 1351 315 1390 parte
341 1356 394 1388 gr.
422 1357 457 1388 p.
486 1345 568 1377 450.
598 1346 712 1377 Patres
737 1349 852 1376 autem
878 1344 913 1375 in
946 1343 998 1375 his
1025 1343 1151 1375 catenis
1177 1341 1307 1375 laudati
1334 1353 1440 1387 supra
1465 1344 1712 1389 quinquaginta
1739 1353 1838 1384 sunt,

158 1411 282 1444 nempe
300 1400 517 1436 Anastasius,
539 1399 696 1432 Andreas
715 1399 945 1444 (cretensis),
966 1399 1170 1443 Anonymus
1193 1398 1354 1442 quidam,
1378 1399 1586 1439 Antiochus,
1607 1401 1817 1446 Apollinaris
1830 1429 1838 1439 ,

153 1455 319 1493 Arethas,
339 1455 522 1492 Arsenius,
545 1455 700 1488 Asterius
727 1466 819 1488 nunc
846 1456 919 1489 sine
944 1454 1108 1488 adiuncto
1135 1466 1228 1488 nunc
1254 1455 1409 1494 arianus,
1431 1455 1654 1496 Athanasius,
1680 1459 1838 1499 Basilius,

153 1513 351 1552 Cassianus,
372 1512 545 1551 Clemens,
567 1512 716 1557 Cyrillus
741 1511 828 1546 alex.
844 1538 852 1551 ‚
876 1511 1025 1557 Cyrillus
1051 1512 1217 1546 hierosol.
1231 1538 1239 1551 ,
1261 1512 1411 1561 Cyrillus
1435 1513 1632 1560 presbyter,
1653 1515 1838 1562 Didymus,

154 1569 346 1608 Diodorus,
366 1570 568 1615 Dionysius,
586 1570 801 1609 Dorotheus,
823 1569 1070 1616 Ephraemius,
1087 1570 1319 1616 Epiphanius,
1339 1571 1523 1616 EvagriuS,
1545 1572 1709 1618 Eulogius
1731 1574 1817 1608 alex.
1831 1601 1839 1613 ,

152 1626 320 1661 Eusebius
342 1639 468 1661 caesar.
484 1653 491 1666 ,
514 1627 728 1666 Gennadius,
748 1628 935 1673 Georgius,
956 1628 1166 1665 Germanus,
1188 1628 1374 1673 Gregorius
1400 1640 1492 1667 naz.,
1514 1629 1698 1675 Gregorius
1723 1643 1815 1676 nyss.
1831 1657 1839 1670 ,

153 1685 366 1724 Hadrianus,
386 1684 596 1730 Hesychius,
617 1686 871 1730 Hieronymus,
892 1686 1080 1731 Hypatius,
1102 1685 1272 1719 Iohannes
1290 1685 1566 1731 chrysostomus,
1587 1687 1757 1722 Iohannes
1780 1689 1842 1723 da-

153 1754 349 1782 mascenus,
366 1743 538 1782 Isidorus,
557 1744 742 1783 Maximus,
763 1743 1029 1789 Metaphrastes,
1049 1743 1246 1777 Methodius
1258 1770 1266 1783 ,
1285 1744 1543 1790 Metrophanes,
1560 1747 1588 1779 N
1593 1746 1695 1780 icetas
1711 1747 1838 1784 David.

153 1801 270 1839 Nilus,
296 1801 587 1846 Olympiodorus,
611 1802 793 1847 Origenes,
817 1801 916 1835 Philo
940 1800 1064 1840 hebr.,
1091 1801 1249 1840 Photius,
1275 1802 1438 1841 Severus,
1467 1802 1621 1842 Scholia,
1643 1804 1840 1839 Theodore-

154 1863 228 1896 tus,
248 1858 451 1892 Theodorus
469 1859 575 1893 modo
594 1860 666 1892 sine
686 1858 850 1893 adiuncto
871 1858 1037 1904 (fortasse
1055 1858 1305 1905 heracleotes),
1326 1859 1434 1894 modo
1453 1861 1676 1895 antiochenus
1693 1862 1748 1896 vel
1767 1863 1838 1896 Mo·

153 1916 340 1960 psuesfiae,
360 1915 571 1950 Theodosius
590 1916 705 1962 (cuius
724 1928 787 1950 nos
806 1916 890 1951 olim
909 1916 1080 1951 edidimus
1098 1916 1231 1951 scholia
1249 1916 1421 1962 quaedam
1440 1917 1483 1951 ad
1501 1918 1714 1964 Danielem),
1734 1918 1839 1953 Theo-

152 1971 277 2011 dotus,
298 1972 525 2019 Theophilus,
549 1980 583 2007 et
609 1973 753 2008 fortasse
778 1974 939 2008 nonnulli
966 1974 1036 2008 alii.
1065 1974 1219 2008 Citantur
1237 1980 1414 2020 praeterea
1433 1975 1621 2020 aliquando
1639 1981 1751 2009 textus
1775 1976 1838 2009 he—

151 2029 295 2069 braeus,
317 2031 530 2076 septuaginta
555 2032 781 2077 interpretes,
808 2032 953 2078 Aquila,
979 2031 1224 2078 Symmachus,
1248 2031 1460 2072 Theodotio‚
1480 2039 1513 2066 et
1538 2033 1657 2078 quinta
1682 2044 1720 2067 ac
1744 2040 1836 2067 sexta

151 2088 332 2122 editiones.
361 2090 410 2122 Ex
437 2088 490 2122 his
517 2090 663 2135 quisque
688 2089 844 2124 eruditus
870 2090 987 2130 videt,
1015 2090 1134 2135 quanti
1163 2090 1292 2124 lateant
1318 2091 1354 2123 in
1380 2090 1433 2124 his
1458 2089 1634 2124 codicibus
1659 2090 1836 2125 doctrinae

153 2145 322 2185 thesauri,
343 2147 403 2192 qui
426 2146 642 2192 singulorum
664 2148 804 2181 Patrum
823 2147 993 2182 editiones
1017 2147 1194 2182 cumulare
1216 2154 1397 2194 poterunt,
1419 2148 1474 2182 vel
1493 2149 1596 2182 etiam
1615 2150 1774 2195 primitus
1799 2150 1834 2182 in

151 2203 328 2249 publicam
346 2204 458 2238 lucem
482 2204 662 2238 vindicari.
690 2206 762 2240 Nos
781 2206 910 2240 interea
933 2218 1041 2240 unum
1065 2218 1106 2240 ex
1126 2211 1175 2240 tot
1193 2206 1359 2251 Cyrillum
1384 2206 1645 2241 alexandrinum
1663 2208 1834 2253 excerpsi-

150 2271 243 2299 mus,
265 2267 298 2294 et
316 2261 534 2306 singulorum
561 2262 719 2297 codicum
743 2263 946 2298 indicativus
965 2264 1096 2297 litteras
1120 2264 1155 2297 111
1182 2263 1264 2298 libri
1284 2265 1392 2298 nostri
1411 2264 1624 2311 marginibus
1647 2264 1690 2297 ad
1709 2276 1833 2310 perpe-

152 2324 245 2352 tuam
270 2320 422 2353 veritatis
447 2319 780 2355 demonstrationem
806 2321 979 2356 laboriosa
1003 2321 1186 2356 sedulitate
1211 2322 1466 2368 adscripsimus.

247 2377 281 2410 7.
309 2378 385 2411 Dixi
410 2383 528 2417 antea,
549 2389 604 2412 me
623 2378 665 2413 de
689 2381 872 2414 veronensi
890 2391 1032 2426 quoque
1053 2380 1171 2425 Cyrilli
1195 2380 1389 2426 fragmento
1410 2381 1620 2414 locuturum.
1649 2381 1695 2414 Ea
1715 2391 1767 2413 res
1787 2381 1831 2414 ita

155 2444 187 2465 se
206 2431 320 2483 habet.
343 2435 444 2469 Anno
469 2436 558 2469 1844
570 2462 577 2475 ‚
600 2443 787 2483 postquam
805 2439 933 2474 Romae
952 2439 1021 2472 iam
1038 2438 1206 2484 Cyl-illum
1225 2439 1261 2472 in
1280 2438 1376 2473 Pauli
1395 2439 1558 2485 epistolas
1580 2439 1668 2484 typis
1686 2439 1831 2484 impres-

156 2497 282 2527 seram,
297 2490 517 2538 eiusdemque
535 2494 570 2527 in
588 2493 740 2539 psalmos
759 2497 1045 2530 commentarium
1065 2497 1191 2542 partim
1210 2507 1318 2542 aeque
1336 2496 1438 2542 prelo
1457 2506 1723 2542 supposueram‚
1740 2495 1831 2529 facto

155 2543 189 2575 in
217 2547 468 2601 autumnalibus
492 2551 586 2585 feriis
611 2563 674 2597 per
700 2554 917 2599 superiorem
943 2554 1076 2588 ltaliam
1101 2566 1265 2594 excursu,
1287 2555 1434 2589 Venetiis
1458 2555 1571 2601 primo
1592 2553 1710 2599 Cyrilli
1737 2553 1830 2599 frag·

155 2606 268 2634 menta
296 2603 337 2635 ad
361 2615 481 2649 regum
506 2607 614 2643 libros
633 2621 674 2643 ex
692 2609 803 2644 nobili
823 2612 999 2646 marciano
1023 2611 1144 2646 codice
1163 2611 1299 2657 collegi.
1327 2611 1460 2646 Deinde
1478 2612 1649 2645 Veronam
1667 2611 1826 2650 veniens,

153 2658 245 2692 adita
269 2660 339 2693 RR.
361 2662 609 2700 Canonicorum
634 2668 758 2715 insigni
785 2669 946 2704 codicum
969 2670 1201 2710 bibliotheca,
1222 2672 1372 2718 quaesivi
1398 2682 1416 2704 a
1439 2669 1704 2705 bibliothecario
1727 2683 1828 2705 num-

151 2716 237 2761 quid
256 2715 303 2750 ihi
322 2717 438 2762 Cyrilli
460 2731 737 2766 conservaretur;
757 2728 817 2772 qui
838 2728 922 2762 mihi
947 2729 1061 2762 statim
1087 2729 1209 2763 folium
1228 2728 1372 2766 obtulit,
1395 2729 1485 2761 inter
1502 2727 1638 2762 codices
1654 2728 1725 2762 illic
1746 2740 1829 2763 con-

152 2780 343 2814 servatum,
364 2776 458 2821 quod
483 2779 607 2824 cupide
631 2781 831 2828 inspiciens,
852 2786 960 2832 ipsam
984 2798 1057 2821 esse
1078 2787 1225 2833 cognovi
1249 2785 1368 2831 Cyrilli
1391 2785 1637 2832 praefationem
1665 2787 1772 2832 (quae
1794 2787 1827 2820 in

153 2832 316 2866 vaticanis
340 2833 516 2869 codicibus
541 2836 679 2883 deerat)
703 2841 745 2875 ad
771 2853 871 2877 suum
897 2844 932 2878 in
957 2844 1108 2890 psalmos
1127 2844 1431 2883 commentarium,
1452 2855 1555 2890 quem
1575 2854 1658 2891 ego,
1680 2850 1718 2879 ut
1737 2844 1823 2883 dixi,

1866 2384 1945 2410 cyrilti
1961 2384 2068 2409 [ragnim-

1866 2412 1913 2431 tuni
1921 2413 2074 2433 veronennwt.

1865 2437 1915 2458 alia.
