2205 3177
627 197 660 219 ix
685 197 839 219 PSALMUM
865 196 975 218 xxvn.
1005 197 1104 218 xxix.
1134 196 1172 218 ΕΤ
1198 195 1283 218 xxx.
1733 184 1793 216 ttt

400 262 482 287 Num
500 264 701 287 confitebitur
718 265 776 286 fibi
795 264 912 291 pulvis,
928 265 983 285 aut
1002 264 1212 286 annunciabit
1228 264 1391 286 veritatem
1408 262 1513 285 tuam?

210 318 315 352 Simul
344 329 382 352 ac
407 319 552 364 quisque
578 325 736 353 mortuus
762 324 828 355 est,
851 315 995 351 cessabit
1021 317 1100 351 ilico
1124 329 1141 351 a
1164 317 1318 351 dicendis
1344 318 1416 350 Deo
1442 314 1621 352 laudibus,
1645 315 1799 360 nihilque

114 376 257 410 omnino
284 377 475 421 praeteritis
501 376 604 410 addet
630 375 810 421 operibus:
834 380 947 407 manet
974 375 1089 419 potins
1115 375 1149 407 in
1169 386 1210 408 eo
1229 386 1299 420 quo
1325 374 1562 419 deprehensus
1585 379 1634 407 est
1654 374 1797 410 merito.

113 440 147 467 et
173 434 342 479 generalis
361 434 477 467 iudicii
505 441 640 479 tempus
659 439 813 478 expectat
835 433 894 477 (l).
923 433 986 472 Qui
1005 443 1091 477 ergo
1110 433 1249 470 vivunt,
1272 438 1431 477 reeteque
1453 432 1575 477 agendi
1603 431 1799 465 facultatem

113 490 225 524 adh-uc
251 492 418 529 retinent.
438 503 545 536 quum
572 490 660 524 bene
686 491 733 524 eis
760 490 879 527 fuerit,
905 488 1095 523 laudabunt
1117 496 1165 525 te.
1189 490 1275 522 sicut
1294 496 1326 522 et
1352 501 1428 533 ego.
1459 491 1529 522 Oro
1555 489 1671 533 itaque
1697 495 1733 522 ut
1760 501 1799 523 ex

112 549 276 593 voragine
303 560 422 587 eruar;
444 550 524 594 quia
551 560 620 582 non
647 546 868 581 confitebitur
888 546 948 580 tibi
970 547 1100 592 pnlxis;
1121 547 1200 591 quia
1226 546 1389 579 laudandi
1418 547 1463 579 tni
1478 572 1485 582 ,
1510 546 1663 579 officinm
1682 547 1801 580 viven-

113 605 200 639 tium
225 611 296 643 est;
322 607 381 651 qni
409 612 522 640 antem
548 606 582 638 in
610 605 788 651 pulverem
816 604 972 637 dissoluti
999 603 1178 640 abierunt.
1207 615 1277 648 quo
1303 603 1338 636 id
1365 609 1465 648 paeto
1492 604 1679 649 poterunt?
1699 604 1801 637 vide-

113 668 169 696 tur
195 664 297 697 etiam
317 663 426 697 David
444 675 509 709 pro
529 674 563 696 se
583 664 658 708 ipso
678 663 724 696 sie
744 663 853 695 Deum
872 661 1020 707 alloqui:
1042 672 1125 694 num
1144 661 1227 706 quid
1247 661 1473 694 emolumenti
1493 662 1645 706 capietur
1665 673 1703 694 ex
1725 673 1799 694 cor-

112 721 275 766 ruptione
301 722 400 755 mea?

758 816 988 854 PSALMUS
1020 818 1090 854 ΧΧ
1099 817 1145 853 Χ.

489 902 529 924 111
548 903 593 928 te,
610 901 755 929 Domine,
771 902 908 928 spei-nvn
927 908 988 923 non
1005 902 1183 923 confundar
1200 902 1234 923 in
1251 902 1424 924 aeternum.

207 951 280 985 Vox
303 957 356 985 est
382 952 518 989 tentati,
541 951 697 985 nondum
716 958 829 985 tamen
854 951 957 996 lapsi,
982 951 1015 983 id
1035 957 1083 984 est
1102 951 1221 996 vigore
1240 951 1405 988 carentis,
1426 949 1486 983 sed
1509 955 1622 983 tamen
1642 956 1799 983 metuen-

111 1008 171 1047 tis,
191 1020 233 1042 ne
253 1009 464 1054 persecutori
484 1009 627 1043 inferior
647 1009 716 1042 fiat.
748 1010 784 1042 ln
804 1015 854 1045 te,
876 1009 1006 1053 inquit,
1028 1009 1182 1055 speravi:
1204 1009 1267 1041 nisi
1295 1009 1387 1041 enim
1408 1014 1442 1041 tu
1462 1019 1564 1053 opem
1592 1007 1682 1041 seras
1695 1033 1702 1045 ,
1724 1009 1801 1041 inu-

112 1066 178 1100 tilis
204 1066 247 1100 ad
272 1066 475 1100 salvandum
502 1073 552 1101 est
578 1079 760 1101 murorum
787 1067 960 1101 circuitus.
991 1068 1112 1101 Beatus
1143 1068 1257 1112 itaque
1283 1067 1341 1111 qni
1373 1078 1514 1100 omnem
1544 1066 1799 1100 mundanarum

111 1135 228 1157 rerum
255 1136 351 1170 spem
377 1124 513 1164 abiicit,
535 1136 679 1170 eamque
707 1126 739 1158 in
766 1136 837 1158 uno
863 1126 933 1158 Deo
960 1125 1113 1169 reponit!
1141 1125 1231 1157 Sicut
1258 1124 1349 1157 enini
1377 1123 1580 1157 maledictus
1607 1123 1713 1157 homo
1739 1124 1797 1169 qui

111 1186 225 1226 sperat
251 1180 293 1214 ab
321 1182 460 1215 homine
480 1182 508 1220 ',
531 1183 575 1215 ita
602 1181 802 1215 benedictus
820 1183 878 1227 qni
899 1183 1047 1215 Domino
1067 1181 1222 1216 conlidit.
1251 1183 1369 1226 Neque
1396 1182 1486 1214 enim
1513 1179 1618 1214 dubia
1645 1187 1693 1214 est
1721 1192 1797 1226 spes

111 1238 147 1270 in
167 1239 294 1272 Deum:
316 1251 426 1285 neque
445 1239 519 1273 vult
540 1241 706 1273 Dominus
725 1239 866 1285 plenum
886 1251 987 1272 snum
1004 1240 1053 1273 illi
1072 1239 1293 1285 suppeditare
1312 1239 1495 1276 auxilinm,
1516 1239 1573 1284 qni
1596 1238 1703 1272 modo
1724 1239 1798 1283 opi-

112 1294 176 1329 bus
195 1303 227 1330 et
247 1297 376 1343 gloriae
395 1298 634 1343 potentiaeque
655 1299 690 1331 in
710 1297 842 1331 mundo
861 1296 1024 1335 confidit,
1047 1297 1153 1331 modo
1172 1298 1283 1330 Deum
1309 1308 1405 1342 spem
1431 1309 1529 1330 suam
1554 1308 1626 1330 esse
1644 1296 1794 1330 dictitat:

112 1353 171 1387 sed
191 1366 309 1388 revera
329 1366 416 1400 opus
434 1361 481 1388 est
501 1355 562 1388 Dei
583 1355 689 1389 solius
710 1355 882 1388 adiutorio
902 1355 1138 1399 adquiescere.
1163 1362 1196 1388 ut
1223 1367 1301 1388 cnm
1320 1354 1449 1388 Davide
1469 1355 1580 1388 dicat:
1602 1355 1636 1387 in
1657 1361 1707 1391 te,
1728 1356 1799 1389 Do-

111 1412 223 1450 mine,
244 1414 395 1457 speravi,
417 1423 487 1446 non
513 1412 707 1446 confundar
732 1413 766 1445 in
794 1419 983 1446 aeternum.
1013 1412 1189 1446 Peccando
1215 1412 1378 1446 confusus
1399 1424 1494 1451 sum,
1518 1424 1582 1446 oro
1610 1419 1701 1446 tene
1723 1412 1797 1446 diu-

110 1469 178 1502 tius
195 1470 382 1514 ignominia
403 1470 485 1503 mihi
513 1470 716 1507 adhaereat,
739 1476 884 1515 propter
906 1481 1018 1503 meam
1037 1481 1118 1515 erga
1137 1476 1170 1502 te
1192 1469 1366 1504 fiduciam.
1395 1471 1444 1504 Ne
1466 1471 1569 1516 igitur
1590 1482 1705 1504 meum
1726 1482 1798 1504 res-

110 1526 215 1570 picias
241 1533 438 1572 peccatum,
461 1527 521 1560 sed
540 1533 802 1572 persecutorum
822 1528 936 1573 potius
963 1539 1121 1561 meorum
1145 1528 1345 1572 nequitiam.
1375 1527 1591 1573 Quamquam
1619 1529 1711 1561 enim
1738 1540 1796 1562 rex

106 1588 182 1616 erat
207 1582 336 1623 David,
357 1583 552 1629 divitiisque
579 1584 761 1623 affluebat,
782 1591 814 1618 et
840 1585 993 1619 victoriis
1014 1584 1058 1619 de
1077 1584 1175 1618 hoste
1201 1585 1317 1618 relatis
1343 1584 1511 1623 clarebat,
1536 1592 1685 1619 attamen
1712 1585 1795 1618 nihil

107 1640 236 1674 horum
255 1641 419 1686 prodesse
438 1641 502 1675 sibi
523 1642 566 1676 ad
586 1642 730 1676 tutelam
748 1642 908 1688 putabat,
929 1649 1065 1688 praeter
1084 1642 1192 1676 solam
1212 1644 1247 1676 in
1266 1643 1417 1677 Domino
1435 1654 1548 1688 spem:
1570 1643 1698 1677 ideireo
1718 1655 1798 1677 ora-

108 1696 167 1732 bat
192 1699 378 1744 quominus
403 1699 492 1733 lianc
518 1701 701 1734 amitteret.
732 1700 793 1734 Ille
819 1701 948 1746 pariter
973 1701 1032 1745 qui
1060 1699 1164 1734 finem
1191 1701 1315 1734 sanctis
1346 1701 1563 1747 propositum
1592 1708 1796 1735 consecutu-

108 1766 187 1789 rum
213 1768 247 1790 se
273 1763 408 1802 sperat,
430 1758 488 1791 scit
517 1769 551 1791 se
576 1758 611 1791 in
638 1764 815 1791 aeternum
842 1769 911 1792 non
938 1769 1010 1792 esse
1035 1757 1333 1791 confundendum.

602 1824 640 1847 ln
658 1826 714 1847 tua
731 1825 857 1847 iustitia
872 1824 974 1847 libera
990 1831 1052 1852 me,
1069 1828 1098 1847 et
1116 1825 1221 1848 salvus
1237 1831 1300 1847 ero.

205 1873 336 1919 Nempe
361 1874 396 1907 in
421 1873 557 1908 Christo
583 1873 691 1908 libera
717 1886 772 1908 me
799 1886 817 1908 a
842 1873 972 1908 diaboli
999 1875 1181 1913 servitute,
1205 1876 1336 1920 simque
1363 1874 1539 1920 gehennae
1560 1876 1712 1908 cruciatu
1734 1876 1796 1908 im-

108 1931 234 1964 munis.
263 1932 321 1964 Est
346 1931 438 1964 enim
457 1926 762 1965 Christusiustitia
788 1939 923 1970 nostra,
949 1944 1060 1978 neque
1087 1939 1137 1966 est
1163 1932 1256 1966 aliud
1283 1943 1411 1966 nomen
1432 1932 1552 1966 datum
1574 1932 1790 1969 hominibus,

107 1988 143 2021 in
161 2000 232 2033 quo
252 2000 314 2022 nos
333 1995 491 2035 oporteat
509 1989 633 2023 salvari
652 1989 676 2022 *.
700 1990 757 2023 Ait
782 1990 890 2022 enim:
915 2001 978 2034 ego
1005 2001 1081 2023 sum
1099 1991 1171 2028 via.
1192 1996 1224 2024 et
1247 1991 1368 2027 ianua:
1389 1996 1420 2024 et
1441 1991 1514 2024 sine
1533 2002 1588 2023 me
1609 1990 1692 2023 nihil
1717 1997 1795 2036 pot-

107 2046 187 2079 estis
213 2045 324 2080 facere
347 2046 371 2079 ‘.

489 2112 528 2135 Et
545 2114 674 2140 propter
690 2119 800 2135 nomen
818 2114 907 2135 tuum
923 2113 1052 2135 deduces
1068 2120 1130 2141 me,
1146 2115 1176 2136 et
1194 2114 1335 2136 enutries
1352 2120 1410 2136 me.

203 2160 396 2196 Coliaerent
421 2161 504 2196 haec
530 2174 609 2196 cum
630 2162 854 2208 praecedente
879 2162 1047 2196 doctrina.
1077 2164 1162 2196 Nam
1182 2175 1260 2196 cum
1281 2161 1391 2196 robur
1410 2162 1676 2209 perfugiumque
1693 2175 1792 2197 snum

106 2230 178 2252 esse
204 2219 344 2254 dixisset
370 2220 598 2254 universalem
624 2222 753 2260 Deum,
775 2232 866 2255 nune
891 2228 1067 2267 exponere.
1094 2222 1202 2267 pergit
1229 2221 1323 2267 quod
1352 2227 1495 2267 propter
1521 2233 1648 2255 nomen
1672 2233 1791 2259 suum,

106 2278 141 2311 id
161 2284 212 2312 est
229 2278 376 2324 gloriam
389 2305 397 2317 ,
419 2290 478 2313 eos
497 2279 636 2313 deducit
655 2285 693 2313 ut
712 2280 839 2313 enutrit
859 2280 917 2325 qui
937 2291 1022 2325 pura
1044 2286 1156 2313 mente
1174 2286 1206 2313 et
1225 2280 1364 2313 caritate
1383 2285 1560 2313 constante
1579 2280 1608 2312 ei
1629 2279 1791 2317 subsunt,

105 2341 138 2369 et
164 2348 251 2381 quae
276 2336 389 2370 eidem
414 2343 493 2370 sunt
519 2336 660 2382 placita,
690 2337 839 2382 cogitare
865 2343 897 2370 et
924 2349 1024 2382 agere
1051 2337 1291 2371 decreverunt.
1321 2336 1522 2370 Admodum
1548 2348 1632 2370 xero
1658 2338 1793 2382 egregie

105 2391 188 2426 dicit
213 2393 362 2427 deduces
381 2405 436 2427 me
453 2400 487 2427 et
504 2394 653 2428 enutries
672 2406 746 2433 me;
771 2406 841 2428 non
859 2395 951 2427 enim
977 2394 1076 2428 aliter
1096 2395 1205 2427 virtus
1224 2406 1328 2439 quam
1348 2393 1483 2427 duabus
1502 2393 1605 2427 rebus
1627 2404 1792 2439 prospere

105 2451 312 2495 acquiritur,
337 2452 476 2485 scientia
501 2451 661 2485 videlicet
679 2458 713 2486 et
732 2451 933 2486 fortitudine
955 2451 1113 2497 spiritali.
1144 2452 1298 2486 Modeste
1319 2451 1459 2485 demum
1487 2452 1550 2496 agit
1565 2477 1572 2489 ,
1595 2451 1678 2484 (lum
1705 2451 1793 2485 hanc

105 2518 175 2541 non
201 2507 334 2541 viribus
359 2509 426 2542 suis
451 2509 510 2543 sed
536 2520 599 2554 per
624 2510 685 2543 Dei
710 2521 838 2544 nomen
865 2510 1027 2555 consequi
1056 2511 1152 2556 petit.

554 2574 593 2597 111
611 2581 722 2598 manus
738 2577 809 2598 tuas
825 2576 973 2603 spiritum
990 2582 1091 2598 meum
1107 2576 1338 2598 connuendabo.

200 2625 324 2658 Sensus
350 2630 423 2658 est:
450 2625 509 2670 qui
540 2625 673 2659 animae
702 2625 795 2659 illius
824 2625 1096 2663 insidiabantur,
1126 2627 1160 2659 in
1188 2631 1326 2671 peccato
1358 2637 1438 2659 eum
1468 2624 1787 2670 deprehenderunt.

105 2682 202 2716 Multi
227 2683 319 2716 enim
345 2688 425 2716 sunt
450 2683 538 2716 vitae
563 2682 676 2728 laquei
696 2694 804 2728 usque
830 2684 873 2717 ad
898 2684 1058 2717 ultimum
1080 2684 1252 2729 spiritum.
1282 2683 1374 2727 Ergo
1393 2683 1428 2715 in
1448 2683 1559 2715 anima
1580 2681 1711 2715 bellum
1731 2693 1791 2728 pa—

104 2739 208 2779 tiens,
230 2740 386 2785 eorporis
404 2741 496 2773 enim
515 2740 671 2786 exiguam
689 2741 794 2775 sancti
813 2752 929 2775 curam
947 2747 1069 2787 gerunt
1081 2767 1088 2777 ,
1107 2747 1139 2774 et
1159 2752 1176 2774 a
1195 2739 1440 2785 deceptoribus
1457 2739 1629 2773 vulnerari
1650 2740 1788 2779 timens,

202 2869 237 2899 (1)
256 2867 359 2902 Nempe
378 2871 409 2895 ut
428 2875 526 2903 corpus
545 2868 626 2896 simul
648 2876 710 2895 cum
731 2868 821 2896 anima
842 2870 994 2903 praemium
1016 2876 1162 2904 poenamve
1182 2868 1303 2903 recipiat.

1838 271 1859 287 V.
1877 269 1907 287 1⁰.

1837 908 1858 923 V>
1875 909 1893 923 31.

1840 1018 1876 1039 Gr.
1891 1024 1914 1044 p.
1929 1022 1974 1040 ¹222.

1836 1195 1844 1201 ’
1857 1191 1919 1213 Hier.
1931 1192 2000 1213 ΧῊΙ,

1836 2007 1844 2015 '
1859 2006 1908 2026 Act.
1925 2005 1962 2026 lv*
1980 2008 2010 2026 12.

1834 2049 1841 2056 ·
1858 2045 1907 2066 loti.
1923 2046 1950 2067 X.
1966 2048 1984 2066 9.

1832 2073 1881 2093 XV.
1898 2076 1916 2093 ἢ.

1831 2464 1870 2484 Gr.
1884 2469 1906 2489 p*
1923 2468 1967 2484 223.
