2205 3177
226 380 279 399 (u.
298 377 357 398 Ut

179 550 244 569 'Lus
271 549 308 570 >itt
336 552 357 569 t»

248 1865 287 1882 fir.
300 1867 322 1888 p.
338 1865 370 1882 57.

183 1980 188 1984 ·
205 1976 253 1997 toi».
268 1975 328 1998 ΧΠ.
338 1980 370 1996 221,

182 2325 187 2328 “
204 2322 324 2343 t.t¹etr.1.
341 2325 369 2343 1³3.

186 2437 213 2457 'l
231 2437 328 2458 CorNt.
341 2440 370 2457 13.

223 2608 277 2627 (Ata
293 2606 341 2627 ΠΙ,
356 2611 374 2625 ⁴4,

187 2725 193 2730 ⁴
210 2721 375 2744 neut.xt1,;;2.

407 178 450 211 33
908 186 935 206 s.
964 185 1091 207 crium
1117 185 1335 207 Ati-:xAxnmxi
1363 185 1569 208 EXPLANATto

405 252 644 285 convenienter
669 248 828 291 angelos.
848 249 906 293 qui
935 259 953 282 a
980 259 1094 281 rerum
1123 248 1345 282 saecularium
1374 261 1435 282 usu
1463 261 1605 294 prorsus
1631 257 1709 284 sunt
1735 252 1835 286 alieni
1863 252 1908 287 ob
1931 260 2072 288 naturae

406 320 484 342 suae
509 306 748 340 excelsitatem.

901 369 1083 392 Saecularis
1101 371 1202 398 igitur
1219 371 1334 393 iudicia
1351 372 1377 393 sl
1395 371 1580 394 habueritis.

499 420 653 454 Profecto
672 431 814 465 parvum
833 420 934 465 quid,
957 420 1151 465 nulliusque
1171 421 1239 453 t'erc
1258 421 1350 466 pensi
1370 421 1562 454 existimant
1580 432 1659 455 vere
1679 422 1723 467 pii
1743 422 1916 463 homines,
1938 424 1981 458 de
2000 437 2074 459 sae-

406 477 577 511 cularibus
599 476 701 511 rebus
720 478 753 510 in
775 477 913 511 ecclesia
939 478 1101 512 iudicare.
1125 479 1279 522 Namque
1300 477 1333 511 id
1356 478 1456 511 etiam
1474 488 1491 510 a
1510 478 1657 511 Domino
1676 479 1787 513 edocti
1807 492 1937 514 sumus.
1960 483 2075 515 Acces-

404 541 491 569 serat
519 536 609 568 enim
630 535 672 568 ad
695 546 773 568 eum
798 534 937 579 quidam
962 535 1078 569 dicens
1098 536 1126 568 ':
1148 536 1325 579 magister,
1345 534 1399 568 dic
1420 535 1512 568 fratri
1540 546 1617 568 meo
1643 542 1677 569 ut
1699 535 1920 571 hereditatem
1939 550 2073 572 mecum

404 594 580 638 partiatur.
612 592 671 626 llle
690 604 793 628 vero.
813 604 834 626 0
854 593 976 630 homo,
997 593 1106 637 inquit
1119 618 1127 629 ,
1147 594 1222 637 quis
1240 604 1294 625 mc
1311 592 1456 626 iudicem
1477 599 1532 626 aut
1558 592 1742 626 divisorem
1761 595 1934 627 constituit
1953 594 2074 629 vobis?

405 652 490 683 Sane
518 651 625 695 magis
652 649 748 683 decet
778 649 1018 695 prudentiores
1047 651 1080 682 in
1107 649 1245 682 ccclesia
1274 654 1307 681 ut
1335 650 1378 682 de
1405 648 1613 694 spiritalibus
1640 649 1808 688 iudicent,
1836 656 1940 695 utque
1965 653 2074 696 perite

405 707 597 740 examinent
620 705 699 740 fidei
721 706 924 740 doctrinam.
946 707 984 739 Et
1006 706 1146 751 quidem
1166 705 1229 739 hoe
1251 706 1401 739 officium
1420 707 1508 740 inter
1527 717 1565 740 ea
1584 713 1802 745 numeratur,
1821 718 1908 752 quae
1926 719 2074 754 superne

406 763 530 798 dautur
558 776 574 797 a
600 764 745 809 Spiritu,
767 764 869 797 dona.
900 765 1005 796 Datur
1032 763 1120 795 enim
1148 762 1221 795 aliis
1239 774 1350 796 sermo
1375 764 1576 808 sapientiae,
1598 764 1671 796 aliis
1690 765 1872 809 spirituum
1898 764 2071 800 diseretio.

761 829 905 855 Nescitis,
920 828 1066 855 quoniam
1083 834 1213 854 corpora
1231 830 1329 850 vesu-a
1345 828 1466 851 Christi
1482 831 1554 851 sunt
1571 830 1722 852 membra!

500 877 682 918 Quomodo
711 877 863 911 membra
893 883 1026 915 nostra,
1055 876 1176 909 Christi
1205 878 1304 910 sunt?
1329 877 1497 921 Equidem
1524 877 1688 912 habemus
1716 878 1813 912 illum
1841 880 1875 912 in
1902 878 2073 914 nobismet

407 936 486 980 ipsis
507 935 711 969 sensibiliter
736 941 767 968 et
791 934 1075 968 intellectualiter.
1104 935 1190 967 Nam
1208 940 1239 967 et
1258 934 1292 967 in
1321 933 1482 968 cordibus
1511 936 1633 968 nostris
1654 934 1783 969 habitat
1809 947 1871 981 per
1889 938 2071 982 Spiritum,

407 1004 443 1025 er
465 1004 609 1025 sas-crint
627 1004 752 1030 01⁷erss
773 1003 840 1025 Eirs
860 1002 988 1024 CARNEM
1004 1002 1238 1024 PARTtCtPAML‘S
1255 992 1320 1036 (l),
1336 992 1429 1025 etsie
1447 991 1629 1037 dupliciter
1647 993 1917 1039 sanctificamur:
1935 993 2076 1028 hahitat-

406 1051 508 1093 quein
536 1048 635 1082 nobis
663 1055 694 1081 et
722 1049 838 1082 vivens
865 1047 965 1082 simul
994 1054 1026 1082 et
1053 1047 1245 1085 vivificans,
1274 1054 1310 1081 ut
1337 1048 1559 1093 obrepentem
1587 1049 1749 1083 membris
1777 1052 1901 1084 nostris
1927 1056 2074 1084 mortem

406 1118 466 1151 per
492 1107 615 1151 seipse
637 1106 801 1139 destruat.
831 1106 937 1150 igitur
954 1106 980 1138 si
1002 1105 1072 1150 ipse
1095 1111 1142 1138 est
1167 1105 1326 1138 ecclesiae
1351 1106 1505 1150 corporis
1525 1112 1642 1150 caput,
1665 1118 1728 1139 nos
1748 1108 1894 1141 vicissim
1919 1106 2074 1142 membra

405 1164 476 1196 eius
510 1163 707 1207 singillatim
735 1174 863 1196 sumus.
892 1164 923 1196 Si
950 1174 1032 1208 ergo
1063 1162 1248 1207 aliquando
1276 1163 1309 1195 in
1339 1161 1502 1195 absurdas
1531 1162 1724 1207 voluptates
1750 1163 1965 1201 decidemus,
1994 1171 2074 1198 tunc

407 1220 472 1254 heu
498 1227 615 1254 contra
643 1231 721 1254 eum
750 1219 982 1266 peccabimus,
1011 1220 1106 1254 cuius
1126 1219 1280 1253 membra
1303 1231 1432 1252 sumus.
1461 1218 1696 1253 Meretricibus
1720 1221 1810 1254 enim
1833 1231 1906 1253 rem
1927 1221 1958 1254 ei
1983 1219 2075 1254 dica-

408 1285 475 1311 tam
499 1278 694 1323 largiemur.

739 1342 864 1365 'rollens
880 1349 954 1370 ergo
971 1343 1109 1365 membra
1126 1342 1261 1369 Christi,
1278 1341 1392 1363 faciam
1407 1342 1543 1364 membra
1561 1342 1749 1364 meretricis?

499 1392 661 1437 Corporis
687 1392 793 1424 nostri
822 1391 995 1429 membra,
1016 1392 1041 1424 si
1069 1390 1115 1424 oh
1139 1402 1236 1424 suam
1260 1390 1462 1435 puritatem,
1487 1390 1609 1423 Christi
1628 1389 1783 1424 membra
1803 1391 2072 1435 permanserint,

406 1450 508 1482 vitam
535 1449 625 1482 illius
651 1454 683 1482 et
705 1448 852 1493 gloriam
879 1459 1019 1493 prorsus
1046 1445 1315 1493 participabunt:
1339 1446 1595 1480 transformabit
1621 1448 1711 1480 enim
1730 1458 1855 1492 corpus
1877 1446 2076 1481 humilitatis

407 1513 559 1542 nostrae.
589 1512 625 1539 ut
651 1505 708 1538 fiat
734 1504 910 1538 conforme
936 1505 1071 1550 corpori
1098 1504 1227 1549 gloriae
1255 1515 1346 1537 suae.
1375 1504 1431 1536 Sin
1456 1515 1540 1537 vero
1568 1504 1755 1538 meretricis
1779 1503 1934 1537 membra
1961 1515 2074 1538 evase-

406 1565 490 1601 rint,
520 1566 579 1608 qui
607 1562 680 1597 fieri
710 1563 836 1608 poterit
862 1568 897 1595 ut
931 1561 1286 1598 transformationem,
1316 1565 1347 1593 et
1373 1559 1561 1605 spiritalem
1592 1560 1874 1594 conformationis
1905 1571 1983 1594 cum
2013 1561 2077 1595 illo

407 1620 627 1666 splendorem
655 1619 931 1664 consequantur?

545 1686 690 1714 Nescitis,
707 1686 854 1713 quoniam
870 1691 980 1712 eorpus
997 1686 1144 1711 vestrum,
1159 1682 1306 1709 templum
1322 1683 1367 1704 est
1383 1682 1483 1704 saneti
1499 1683 1553 1709 qui
1571 1682 1605 1704 in
1622 1683 1705 1704 vobis
1721 1684 1767 1704 est
1783 1682 1940 1710 spii-itast

502 1736 633 1781 Delegit
653 1737 744 1770 enim
767 1735 830 1769 sibi
854 1735 1039 1769 incolatum
1062 1735 1095 1767 in
1118 1733 1216 1767 nobis
1239 1733 1433 1777 adoptionis
1457 1732 1614 1777 spiritus,
1644 1732 1677 1765 id
1702 1738 1751 1766 est
1771 1738 1923 1772 sanctus,
1952 1734 1987 1767 in
2005 1745 2076 1779 quo

408 1793 592 1827 clamamus
612 1793 699 1827 abba
719 1799 827 1838 pater.
850 1792 1028 1837 Redempti
1047 1793 1127 1825 item
1147 1791 1257 1837 pretio
1279 1789 1421 1827 fuimus,
1443 1796 1591 1834 ponente
1610 1801 1674 1835 pro
1693 1789 1793 1824 nobis
1811 1791 1958 1824 animam
1979 1801 2077 1824 suam

409 1851 563 1883 omnium
582 1857 737 1884 nostrum
758 1856 930 1884 servatore
951 1850 1096 1883 Christo.
1119 1849 1240 1881 Sumus
1260 1848 1373 1892 itaque
1391 1847 1519 1892 templa
1539 1847 1599 1880 Dei
1619 1848 1781 1884 viventis:
1804 1858 1925 1893 nempe
1944 1848 2024 1892 quia
2042 1848 2076 1880 in

411 1906 509 1940 nob²s
538 1906 666 1941 habitat
695 1919 756 1953 per
775 1913 928 1940 sanctum
950 1906 1111 1952 Spiritum
1132 1905 1301 1943 Christus,
1324 1904 1454 1937 habens
1480 1915 1594 1937 secum
1615 1904 1649 1937 in
1672 1905 1811 1950 propria
1833 1910 1952 1937 natura
1977 1903 2077 1938 illum

409 1975 564 2009 quoque,
587 1976 625 1997 ex
645 1976 714 2009 quo
734 1963 1000 1997 substantialiter
1019 1963 1206 2001 emanavit,
1227 1968 1359 2008 patrem
1377 1962 1499 1994 Deum.
1523 1961 1578 1994 Ait
1595 1961 1686 1994 enim
1705 1962 1776 2006 ipse
1796 1962 1823 1993 ':
1848 1975 1864 1992 α
1884 1961 1911 1994 si
1929 1961 2005 2006 quis
2022 1972 2077 1995 me

407 2027 513 2059 amat,
536 2032 731 2054 sermonem
758 2032 872 2054 meum
894 2020 1059 2057 servabit,
1081 2027 1111 2053 ct
1139 2026 1234 2065 pater
1259 2031 1354 2052 meus
1378 2018 1477 2052 illum
1502 2018 1641 2063 diliget,
1661 2024 1693 2052 et
1720 2018 1762 2051 ad
1784 2029 1862 2052 eum
1880 2019 2075 2057 veniemus,

410 2079 688 2123 mansionemque
714 2077 805 2124 apud
831 2079 944 2123 ipsum
970 2077 1142 2111 faciemus.
1170 2091 1185 2108 »
1207 2076 1304 2110 Absit
1330 2077 1432 2122 igitur
1459 2087 1477 2109 a
1500 2076 1624 2109 nostris
1647 2075 1836 2114 mentibus,
1861 2082 2034 2121 tamquam
2058 2087 2077 2110 a

409 2135 469 2167 Dei
496 2135 643 2180 templo,
668 2135 854 2169 maleolens
872 2135 1046 2179 voluptas:
1067 2134 1180 2179 potius
1202 2145 1284 2167 vero
1310 2132 1413 2171 adsit,
1434 2133 1695 2178 thymiamatum
1720 2133 1842 2170 instar.
1863 2131 1976 2166 bonus
1997 2144 2077 2167 eon-

409 2193 568 2226 tinentiae
587 2192 693 2226 odor:
711 2199 812 2238 atque
830 2192 1049 2226 exhibeamus
1067 2203 1210 2237 corpora
1230 2197 1345 2225 nostra
1362 2191 1509 2225 hostiam
1525 2191 1713 2229 viventem,
1734 2196 1900 2229 sanctam,
1917 2191 1988 2224 Deo
2006 2190 2077 2236 pla-

409 2256 540 2284 centem
562 2250 762 2283 rationalem
782 2256 937 2283 nostrum
958 2250 1100 2283 cultum.
1123 2250 1235 2294 Empti
1259 2249 1349 2282 enim
1374 2248 1500 2281 fuimus
1520 2248 1610 2281 haud
1630 2247 1913 2294 corruptibilibus
1936 2254 2077 2294 argento

409 2306 461 2339 vel
489 2318 588 2342 auro.
610 2307 669 2340 sed
697 2308 847 2352 pretioso
874 2308 1053 2351 sanguine,
1075 2307 1122 2340 uti
1142 2307 1305 2351 scriptum
1325 2311 1375 2339 est
1396 2306 1420 2338 ⁹.
1446 2306 1536 2349 Ergo
1562 2306 1709 2350 emptori
1730 2310 1847 2338 nostro
1873 2305 2075 2343 serviamus,

410 2363 520 2397 eidem
537 2375 598 2397 nos
612 2362 888 2410 obtemperantes
903 2365 1075 2401 sistamus,
1091 2363 1261 2407 simulque
1275 2360 1429 2395 membra
1443 2368 1575 2401 nostra,
1593 2363 1817 2396 instrumenta
1831 2362 1976 2395 iustitiae
1990 2362 2074 2396 Deo.

410 2422 578 2466 Scriptum
606 2428 654 2455 est
680 2422 769 2455 enim
793 2422 822 2453 ':
850 2435 865 2451 «
889 2432 1012 2466 eorpus
1036 2432 1103 2453 non
1129 2420 1343 2453 fornicationi
1370 2419 1429 2452 sed
1454 2420 1621 2457 Domino.
1642 2426 1673 2453 et
1691 2420 1857 2453 Dominus
1883 2418 2032 2464 corpori.
2058 2432 2075 2450 »

413 2479 495 2512 Cum
510 2490 593 2525 ergo
611 2480 766 2524 corporis
782 2478 937 2512 membra
952 2479 1198 2511 servaverimus
1212 2476 1354 2510 carnalis
1370 2476 1508 2510 affectus
1526 2477 1784 2522 inquinamento
1800 2476 1982 2514 immunia,
1998 2482 2079 2510 tunc

411 2536 555 2570 w'cissim
580 2538 748 2571 Dominus
774 2537 910 2582 corpori
937 2537 1012 2570 erit.
1042 2534 1175 2568 Habitat
1205 2535 1293 2567 enirn
1320 2535 1354 2567 in
1379 2535 1501 2568 sanctis
1525 2541 1660 2568 sanctus
1685 2540 1805 2568 natura
1830 2545 1889 2567 sua
1913 2534 2015 2567 Deus.

588 2602 664 2625 meo
680 2604 784 2625 autem
801 2602 943 2629 innuptis
958 2603 990 2624 et
1005 2601 1117 2623 viduis:
1135 2601 1248 2622 bonum
1264 2601 1308 2622 est
1324 2600 1413 2627 ipsis,
1429 2600 1455 2622 si
1472 2601 1679 2626 permaneant
1695 2599 1776 2622 sient
1792 2600 1823 2622 et
1840 2605 1906 2628 ego·

510 2654 658 2699 Prompti
679 2653 866 2687 admodum
891 2659 925 2686 et
942 2651 1110 2698 proclives
1137 2650 1177 2684 ad
1204 2648 1392 2695 quamlibet
1418 2649 1616 2683 ferebantur
1632 2649 1845 2695 voluptatem
1865 2647 2075 2682 Israhelitae:

416 2706 559 2753 ideoque
582 2712 692 2745 omnis
719 2711 850 2744 consilii
874 2709 977 2744 dandi
1005 2715 1152 2755 potestas
1170 2714 1285 2753 erepta
1311 2707 1378 2740 illis
1402 2719 1418 2741 a
1445 2707 1519 2752 lege
1537 2707 1658 2741 fuerat.
1689 2708 1773 2753 lpsis
1793 2707 1883 2741 enim
1903 2705 1962 2738 illa
1981 2705 2024 2738 ait
2047 2705 2075 2736 'z

518 2840 551 2869 (t¹
570 2837 824 2866 Animadvertamus
844 2837 939 2873 Cyl-illi
958 2836 1009 2864 hoc
1028 2836 1144 2863 alterum
1164 2834 1197 2862 de
1216 2833 1385 2861 sanctissima
1406 2833 1570 2861 eucharistia
1592 2833 1788 2861 testiinonium.
