2205 3177
636 174 668 195 lx
694 171 875 194 EPISTOLAM
902 171 945 192 AD
971 169 1123 192 ROMANOS
1150 170 1222 192 CAP.
1252 169 1345 192 v-VI.
1817 157 1838 189 9

150 248 303 285 tempora
322 239 356 271 in
375 238 444 270 suis
471 237 616 282 quisque
643 235 841 282 regionibus
860 245 897 267 ac
917 233 1122 266 civitatibus.
1152 235 1238 267 Nam
1260 234 1391 267 etiamsi
1416 231 1470 265 lex
1497 230 1653 265 nondum
1679 236 1769 267 erat,
1792 231 1842 263 in-

148 298 218 331 sitis
251 302 363 329 tamen
394 294 598 328 naturaliter
624 292 775 327 motibus
805 289 1052 324 erudiebantur
1079 302 1096 323 a
1124 292 1195 323 Deo
1224 291 1380 324 homines
1411 290 1454 323 ad
1483 289 1564 322 recti
1595 288 1839 333 cognitionem.

148 355 214 389 Sed
233 355 325 387 enim
346 353 534 386 infelicitati
554 352 709 386 addictos
731 351 765 383 in
786 348 919 382 mundo
940 348 1098 380 homines
1116 349 1297 381 miseratus
1318 354 1369 381 est
1387 348 1494 385 Deus,
1516 346 1765 390 consiliumque
1785 344 1844 378 be-

145 414 289 458 nignum
315 412 403 457 cepit
427 410 598 444 liberandi
621 409 699 442 illos
719 407 846 458 peccati
870 405 1065 450 tyrannide.
1088 406 1331 438 Verumtamen
1356 411 1445 438 recte
1466 404 1654 449 admodum
1675 403 1843 437 existima-

146 471 212 508 xit,
236 468 401 514 oportere
428 474 463 501 ut
493 468 514 500 ii
542 467 600 500 diu
627 472 704 499 ante
731 462 858 496 infirmi
885 463 918 495 in
944 463 1042 496 terris
1067 462 1279 497 x‘iserentur,
1303 465 1374 506 quo
1397 461 1645 495 iustificationis
1672 460 1733 506 per
1752 460 1846 493 Chri·

145 534 235 561 stum
256 533 412 572 peractae
436 524 748 571 opportunissimus
766 522 802 554 in
822 519 943 554 orbem
971 520 1138 553 adventus
1165 525 1357 564 appareret.
1385 519 1520 564 Quippe
1546 518 1645 551 illum
1672 517 1846 551 iustificari

146 585 309 623 dicimus,
334 596 404 618 non
427 584 486 628 qui
506 584 613 616 iustus
632 586 699 617 est,
721 578 779 612 sed
799 580 858 623 qui
879 578 1025 624 peccatis
1044 576 1241 610 obstrictus.
1265 578 1425 616 Quonam
1445 577 1548 621 igitur
1568 582 1770 621 argumento
1788 575 1847 609 ‹le-

148 642 413 676 monstrandum
435 641 515 678 fuit,
535 651 593 672 eos
613 639 672 683 qui
693 638 727 670 in
753 637 852 670 terris
878 635 1070 681 degebant,
1090 635 1213 668 Christi
1238 635 1345 680 gratia
1366 634 1522 678 eguisse?
1541 633 1748 666 Subintravit
1771 633 1845 671 lex,

148 707 185 734 ut
206 707 383 746 peccatum
401 697 610 733 abundaret:
633 707 756 740 nempe
776 701 811 728 ut
832 706 971 731 eorum,
993 694 1052 739 qui
1071 692 1136 726 sub
1156 693 1230 738 lege
1248 698 1364 731 erant,
1385 691 1563 736 multiplex
1582 691 1701 736 'lapsus
1719 702 1849 736 cogno-

148 765 317 795 sceretur,
346 758 430 791 dum
447 766 551 789 nemo
577 753 623 788 ob
648 753 884 786 infirmitatem
904 759 1046 786 naturae
1073 753 1182 785 iustus
1206 751 1281 784 lieri
1303 756 1435 797 posset,
1457 750 1610 794 dumque
1634 760 1753 782 omnes
1781 750 1849 782 sere

151 815 426 861 transgressionis
452 813 594 847 crimine
621 823 655 845 se
682 812 873 844 inretirent.
904 811 970 843 Lex
998 811 1112 854 itaque
1138 821 1199 842 ceu
1228 808 1427 854 redargutio
1454 807 1623 852 quaedam
1650 807 1758 851 posita
1786 806 1848 839 suit

150 874 342 908 communis
360 870 569 905 infirmitatis
581 896 588 909 ‚
610 876 645 902 ut
664 870 857 903 humanum
880 880 988 914 genus
1008 869 1110 901 unius
1131 878 1193 913 per
1212 867 1386 900 Christum
1404 866 1594 900 medicinae
1612 876 1678 910 ope
1696 864 1850 909 indigere

150 936 342 977 appareret.
365 929 497 962 Idcirco
517 929 580 961 ait:
603 926 662 960 ubi
681 926 868 960 abundavit
896 932 1092 972 peccatum,
1113 926 1184 958 illic
1208 926 1315 970 gratia
1337 923 1648 969 superabundavit:
1667 934 1754 967 quae
1772 922 1850 966 qui-

149 988 229 1022 dem
257 987 333 1021 talis
357 992 517 1031 tantaque
545 996 616 1019 esse
640 984 780 1021 debuit,
810 991 844 1017 ut
873 984 943 1016 vim
969 983 1164 1016 damnantis
1192 983 1274 1028 legis
1299 982 1489 1016 excederet.

394 1052 445 1075 An
462 1052 635 1079 ignoratis,
651 1051 733 1077 quod
751 1051 938 1076 quim-mque
955 1050 989 1071 in
1007 1049 1135 1072 ctu-isto
1154 1049 1224 1071 {osu
1242 1049 1397 1075 baptizati
1416 1048 1534 1070 suimus
1550 1048 1608 1069 etc.

246 1103 407 1148 Baptizati
426 1101 567 1147 quidem
588 1100 723 1134 disertis
741 1099 855 1134 verbis
876 1099 1002 1133 fuimus
1024 1099 1057 1131 in
1080 1100 1219 1132 nomine
1239 1100 1345 1132 Patris
1363 1104 1394 1132 et
1414 1097 1489 1131 Filii
1509 1104 1541 1131 et
1565 1097 1710 1142 Spiritus
1728 1098 1847 1131 sancti.

150 1161 332 1205 Ceteroqui
359 1159 490 1193 etiamsi
516 1158 624 1193 dicat.
648 1159 683 1191 in
702 1158 839 1191 Christo
866 1158 939 1190 lesu
966 1156 1127 1202 baptizati
1156 1156 1282 1190 fuimus
1303 1156 1370 1201 (l),
1392 1155 1475 1188 nihil
1503 1156 1733 1200 incongruum
1754 1155 1847 1188 dicit.

152 1219 334 1263 Praecipue
352 1217 444 1250 enim
466 1214 682 1255 nominibus,
703 1222 734 1249 et
755 1214 997 1253 subsistentiis,
1019 1221 1051 1247 et
1071 1225 1299 1260 personarum
1317 1213 1535 1251 differentiis,
1553 1213 1757 1246 diversitatis
1777 1224 1853 1259 pro-

152 1276 279 1322 prietas
299 1275 537 1319 distinguitur,
555 1273 735 1319 quomodo
754 1284 878 1318 nempe
898 1278 994 1317 pater
1012 1284 1046 1305 se
1066 1271 1186 1305 habeat
1208 1272 1249 1304 ad
1267 1272 1396 1309 titium,
1416 1278 1449 1305 et
1462 1271 1642 1317 quomodo
1662 1271 1705 1305 ad
1724 1277 1853 1304 utrum-

152 1344 220 1378 que
247 1333 405 1379 spiritus:
436 1338 532 1378 pater
559 1332 651 1365 enim
679 1337 776 1376 pater
803 1336 875 1367 est,
904 1341 975 1362 non
1001 1328 1112 1362 filius:
1142 1328 1233 1362 filius
1261 1331 1342 1362 item
1370 1335 1491 1362 natura
1519 1336 1590 1367 est,
1619 1330 1677 1374 qui
1709 1341 1748 1362 ex
1776 1330 1851 1374 ipso

154 1398 269 1427 natus,
299 1397 329 1424 et
351 1402 420 1423 non
439 1396 554 1435 pater:
579 1389 719 1433 spiritus
738 1388 888 1432 denique
907 1388 1048 1432 proprie
1067 1393 1133 1425 est,
1160 1394 1296 1421 sanctus
1314 1388 1467 1433 spirituS.
1491 1388 1576 1427 Quia
1595 1399 1677 1421 vero
1700 1388 1734 1420 in
1754 1393 1852 1432 patre

152 1455 201 1481 est
227 1447 334 1485 filius,
364 1453 397 1480 et
422 1447 457 1478 in
485 1445 558 1479 filio
585 1451 700 1490 pater,
730 1445 911 1489 existitque
934 1445 1076 1490 spiritus
1100 1445 1135 1477 in
1158 1451 1306 1489 utroque
1330 1451 1473 1490 propter
1496 1451 1638 1478 naturae
1663 1445 1848 1481 unitatem,

151 1505 282 1538 etiamsi
306 1515 414 1537 unum
441 1503 623 1547 quisquam
646 1503 822 1539 nominet,
850 1503 883 1535 vi
909 1508 1023 1535 tamen
1051 1502 1296 1536 theorematica
1319 1503 1516 1536 universnm
1542 1503 1728 1536 trinitatem
1752 1502 1854 1535 deno·

152 1567 212 1595 tat.
242 1561 307 1601 Qui
331 1571 414 1606 ergo
435 1560 609 1594 Christum
632 1560 881 1597 nominaverit,
911 1571 1025 1605 neque
1044 1560 1151 1605 patris
1173 1559 1397 1593 obliviscetur
1424 1572 1535 1605 neque
1560 1560 1712 1605 spiritus.
1739 1560 1853 1600 Quum

152 1625 268 1660 autem
286 1619 395 1653 factus
414 1619 538 1655 homo,
559 1615 710 1651 >mortem
730 1629 795 1663 pro
819 1619 976 1651 omnium
995 1619 1065 1662 vita
1084 1618 1177 1651 Iesus
1202 1618 1398 1664 pertulerit,
1421 1619 1612 1652 necessario
1634 1617 1754 1652 beatus
1775 1620 1855 1662 Pau-

152 1677 206 1710 lus
230 1677 273 1710 ad
297 1677 332 1710 id
358 1677 516 1714 devenit,
545 1676 641 1721 quod
666 1677 864 1721 propositae
888 1676 1066 1710 doetrinae
1091 1677 1305 1722 aptissimum
1331 1683 1422 1710 erat:
1452 1675 1638 1722 oportebat
1661 1677 1753 1710 enim
1775 1688 1853 1710 eum

153 1735 353 1772 nominare,
379 1735 438 1779 qui
466 1745 584 1779 passus
611 1739 673 1766 est.
704 1733 837 1766 Idcirco
865 1733 928 1770 ait.
957 1733 1052 1778 quod
1081 1734 1292 1779 quicumque
1318 1732 1479 1779 baptizati
1507 1733 1634 1767 fuimus
1660 1735 1695 1767 in
1721 1734 1855 1767 Christo

154 1792 249 1830 Iesu,
277 1792 312 1824 in
339 1797 489 1825 mortem
519 1792 591 1824 eius
620 1790 780 1836 baptizati
812 1790 949 1824 fuimus.
980 1792 1115 1825 Etenim
1146 1790 1236 1825 facto
1266 1791 1439 1825 nobismet
1466 1797 1583 1829 antea,
1612 1798 1787 1836 tamquam
1814 1803 1855 1824 ex

154 1855 248 1882 recta
274 1849 499 1887 conscientia,
524 1848 619 1882 bono
641 1849 677 1882 in
696 1849 870 1882 Christum
890 1850 1045 1883 examine
1066 1848 1111 1894 (2)
1126 1875 1133 1888 ,
1157 1848 1296 1894 fideque
1315 1849 1495 1883 credentes
1519 1849 1615 1895 quod
1634 1856 1793 1882 mortuus
1814 1850 1855 1882 sit

158 1916 222 1950 pro
249 1904 350 1938 nobis
372 1911 405 1938 et
423 1905 578 1951 sepultus
598 1917 636 1939 ac
658 1906 896 1944 resuscitatus,
916 1913 1137 1952 peccatorum
1162 1907 1400 1941 remissionem
1418 1907 1696 1953 impetravimu5‚
1718 1918 1779 1952 per
1795 1906 1856 1940 ba-

157 1963 322 2008 ptismum
348 1969 528 2008 peecatum
552 1963 806 2008 extinguentes,
835 1976 873 1997 ae
891 1964 998 1998 veluti
1021 1977 1099 1999 cum
1123 1977 1184 2004 eo,
1213 1966 1272 2011 qui
1298 1976 1362 2011 pro
1387 1964 1489 1999 nobis
1505 1971 1664 2000 mortuus
1686 1971 1753 2002 est,
1782 1977 1855 1998 mo-

158 2022 283 2054 rientes
302 2032 364 2067 per
381 2027 601 2055 terrenorum
622 2021 861 2056 membrorum
880 2022 1195 2058 mortificationem.
1217 2023 1370 2057 Christus
1390 2024 1482 2057 enim
1505 2023 1610 2058 semel
1631 2030 1790 2057 mortuus
1807 2031 1856 2058 est

160 2084 316 2124 peccato;
337 2079 396 2124 qui
414 2084 528 2112 autem
546 2074 627 2112 &vivit
643 2104 650 2116 ‚
675 2079 748 2112 Deo
766 2080 862 2113 vivit.
887 2081 957 2114 Nos
979 2092 1063 2115 vero
1086 2084 1206 2127 parem'
1232 2080 1282 2114 illi
1305 2087 1454 2115 mortem
1473 2080 1663 2120 obivimus,
1688 2093 1727 2115 ac
1749 2093 1856 2127 paene

158 2147 236 2170 cum
265 2137 339 2181 ipso
370 2136 494 2182 sepulti
524 2136 676 2175 fuimus;
705 2138 835 2184 quippe
866 2137 950 2172 dum
979 2139 1053 2172 eius
1081 2138 1384 2173 mortificationem
1416 2139 1567 2185 propriis
1591 2140 1626 2172 in
1651 2139 1857 2185 corporibus

159 2193 451 2233 circumferimus,
479 2195 613 2228 Christo
642 2206 760 2228 sumus
791 2191 997 2241 consepulti.
1026 2197 1116 2237 Quid
1150 2204 1265 2231 autem
1293 2197 1374 2231 inde
1402 2196 1523 2231 lucrati
1551 2198 1677 2237 simus,
1708 2198 1857 2231 ostendit

160 2251 337 2303 apostolus
359 2251 494 2286 dicens:
515 2259 561 2303 ¹ut
588 2253 685 2286 sicuti
711 2254 859 2287 surrexit
879 2254 1033 2288 Christus
1060 2266 1077 2288 a
1104 2257 1251 2289 mortuis
1272 2267 1332 2301 per
1350 2255 1497 2301 gloriam
1525 2256 1649 2302 patris,
1671 2256 1716 2289 ita
1735 2262 1767 2289 et
1793 2266 1856 2289 nos

160 2309 193 2341 iu
214 2309 366 2343 nox-itate
393 2310 482 2343 vitae
507 2310 736 2355 ambulemus.
766 2313 922 2357 Namque
949 2317 1090 2359 oportet
1117 2324 1197 2353 nos,
1220 2314 1268 2347 uti
1295 2313 1420 2359 sepulti
1447 2313 1592 2353 fuimus,
1613 2314 1661 2347 sic
1686 2320 1717 2347 et
1745 2325 1856 2347 resur-

159 2378 239 2411 gere
266 2366 476 2412 spiritaliter.
511 2368 580 2401 lam
607 2369 686 2414 quia
714 2376 855 2415 peccato
880 2370 986 2409 mori,
1011 2371 1103 2404 idem
1130 2371 1221 2405 valet
1243 2372 1340 2417 quod
1366 2371 1502 2405 Christo
1527 2371 1750 2416 consepeliri,
1776 2372 1857 2405 satis

159 2431 291 2458 constat
320 2424 416 2470 quod
442 2431 473 2458 et
503 2437 679 2472 resurgere
702 2427 788 2461 nihil
814 2428 908 2461 aliud
931 2429 1056 2463 merito
1084 2429 1349 2475 intelligendum
1375 2431 1437 2468 sit,
1466 2430 1529 2463 nisi
1557 2430 1674 2462 vivere
1701 2440 1779 2462 cum
1806 2429 1854 2462 iu-

160 2483 262 2516 stitia.
293 2484 402 2516 Porro
428 2485 652 2518 resurrexisse
676 2485 851 2520 Christum
878 2486 1039 2521 adfirmat
1065 2499 1128 2534 per
1154 2488 1302 2534 gloriam
1332 2488 1458 2533 patris,
1487 2498 1557 2521 non
1582 2487 1677 2532 quod
1706 2487 1857 2533 propriis

160 2547 288 2575 careret
318 2541 465 2580 xiribus,
495 2549 542 2576 est
568 2544 659 2576 enim
687 2545 759 2590 ipse
785 2546 953 2579 virtutum
981 2546 1167 2585 dominus;⁴
1192 2547 1252 2581 sed
1279 2547 1360 2592 quia
1387 2558 1476 2591 quae
1500 2556 1604 2591 supra
1623 2546 1772 2579 hominis
1797 2557 1856 2580 na-

161 2605 272 2633 turam
300 2605 397 2635 sunt.
426 2611 464 2633 ea
492 2611 662 2645 supernae
689 2608 831 2636 naturae
857 2602 986 2648 gloriae
1012 2603 1209 2639 adscribere
1235 2616 1311 2637 mos
1337 2604 1400 2637 fuit
1429 2610 1501 2637 tum
1531 2603 1654 2637 Christi
1684 2609 1756 2637 tum
1784 2604 1857 2637 eius

260 2712 295 2739 (t)
316 2710 374 2736 Hae
389 2709 422 2737 de
437 2718 480 2743 re,
495 2718 593 2745 nempe
608 2710 641 2738 de
656 2710 792 2746 baptismo
808 2712 834 2739 in
851 2714 963 2741 nomine.
979 2714 1055 2747 Iesu,
1071 2714 1180 2748 legatur
1194 2712 1339 2748 splendida
1352 2717 1378 2739 et
1393 2720 1491 2745 magna
1507 2712 1598 2739 Photii
1612 2712 1736 2748 quaestio
1750 2713 1853 2739 XLIII.

162 2753 232 2780 inter
254 2754 508 2788 amphitoehianas⁷
530 2763 613 2790 quam
638 2763 688 2782 nos
708 2755 845 2783 edidimus
867 2757 897 2784 in
917 2758 948 2784 T.
973 2759 994 2785 I.
1017 2758 1116 2793 Script.
1138 2762 1207 2790 ven,
1231 2765 1294 2784 cum
1319 2757 1410 2784 citatis
1432 2757 1535 2784 ibidem
1557 2757 1587 2784 in
1609 2756 1674 2784 adn.
1696 2757 1857 2784 recentioris

163 2805 271 2833 quoque
289 2799 346 2824 aevi
364 2798 486 2825 eiusdem
507 2800 544 2826 rei
567 2800 771 2827 tractatoribus.

260 2845 295 2875 <;2)
315 2843 510 2872 Animadverte
530 2845 714 2873 necessariam
735 2845 763 2872 in
783 2844 943 2873 adultorum
963 2847 1099 2883 baptismo
1119 2847 1205 2875 animi
1227 2847 1473 2882 praeparationem.

1726 2904 1740 2927 [ό

1887 1057 1942 1077 Cir.
1960 1055 1996 1075 Vl.
2013 1059 2031 1076 11.

1891 1408 1929 1429 Gr.
1944 1415 1965 1435 p.
1986 1412 2003 1428 11
