2205 3177
671 147 703 170 m
730 145 911 170 musi-omn
936 145 980 167 An
1007 143 1158 167 amusos
1185 144 1256 167 car.
1286 143 1359 166 v111.
1816 132 1857 164 21

168 219 392 251 eventurum
413 211 509 258 quod
536 223 616 246 sane
641 212 811 258 patienter
836 208 1103 253 laborantesque
1128 214 1365 254 expectamus,
1393 213 1429 241 ut
1456 213 1525 241 tam
1552 205 1741 240 venerabili
1767 205 1863 239 dono

171 272 358 318 potiamur.

360 344 519 368 Similiter
536 347 567 368 et
584 345 716 373 spiritus
732 343 910 366 auxiliatur
927 340 1170 363 infirmitatibus
1187 341 1304 363 nostris
1320 342 1378 363 ete.
1395 341 1446 363 sed
1464 341 1530 367 ipse
1546 339 1678 367 spii-itus

640 388 780 416 postulat
798 393 854 414 pro
872 386 961 408 nobis
978 385 1148 414 gemitibus
1165 385 1398 407 ineffabilibus.

265 443 458 478 Gemitibus
484 442 718 477 ineffabilibus
744 439 894 486 postulat
923 451 986 485 pro
1010 438 1128 476 nohis,
1152 445 1269 472 noster
1292 438 1451 472 videlicet
1476 439 1628 484 spiritus.
1650 437 1865 483 Quandoque

170 502 263 536 enim
281 502 553 547 ingemiscimus,
575 501 659 534 dum
678 498 946 545 supplicationes
964 499 1037 531 Deo
1056 496 1182 530 offerre
1201 507 1380 529 conamur.
1402 496 1505 541 Atqui
1526 496 1561 529 id
1579 507 1720 542 quoque
1738 496 1865 542 Spiritu

170 566 289 594 sancto
315 560 461 594 docente
481 560 663 597 discimus,
688 568 767 590 nam
790 562 822 590 et
844 557 918 602 ipse
937 567 1044 601 aeque
1068 566 1107 589 ac
1130 554 1220 588 filius
1247 555 1381 600 sapiens
1401 561 1463 588 est.
1493 555 1665 594 Quoniam
1691 566 1775 588 vero
1801 555 1863 588 ait:

170 618 255 663 quid
281 619 514 664 postulemus,
535 622 639 663 prout
663 620 820 661 oportet,
844 615 1062 660 ignoramus:
1088 624 1178 647 nunc
1199 612 1290 646 istud
1311 623 1374 645 nos
1400 613 1620 657 vestigemus.
1650 612 1866 657 Quamquam

172 687 293 722 reapse
317 675 403 721 quid
429 674 604 721 postulare
630 684 694 706 nos
720 678 898 718 oporteat,
920 672 987 705 iam
1014 671 1107 705 docti
1135 670 1263 704 fuimus
1291 681 1308 703 a
1333 669 1468 703 Christo
1492 669 1619 702 diserte
1646 668 1798 702 dicente:
1822 670 1866 702 ita

171 745 233 767 vos
251 733 407 768 orabitis.
434 746 450 764 α
472 733 570 765 Pater
590 737 725 769 noster,
747 730 806 775 qui
828 742 864 763 es
886 730 921 763 in
941 729 1060 765 caelis,
1086 728 1316 762 sanctificetur
1335 738 1462 761 nomen
1483 733 1599 764 tuum;
1621 726 1779 760 adveniat
1799 738 1868 772 reg-

174 803 259 825 num
285 798 404 829 tuum,
430 789 488 824 fiat
508 789 676 825 soluntas
703 794 759 821 tua
787 789 872 821 sicut
901 788 936 820 in
963 787 1059 821 caelo
1085 793 1116 820 et
1138 787 1171 819 in
1192 793 1282 820 terra
1305 801 1320 817 »
1345 791 1377 819 et
1405 785 1550 830 reliqua.
1579 784 1868 829 Quandoquidem

172 861 256 895 ergo
277 850 403 883 seimus
422 859 573 893 quanam
593 858 611 880 a
632 846 734 880 nobis
755 847 889 879 ratione
909 845 1083 879 orandum
1103 846 1162 881 sit,
1184 845 1327 890 quinam
1345 850 1395 877 est
1418 843 1627 889 apostolieae
1648 842 1781 875 litterae
1800 854 1871 875 sen-

173 918 246 945 sus,
268 906 397 952 quidve
416 905 511 939 Pauli
532 916 598 939 xox
617 904 797 949 designat?
817 904 882 937 Aio
901 904 1023 948 igitur,
1041 914 1143 936 orare
1164 913 1244 940 nos,
1262 901 1374 935 honae
1394 902 1443 934 rei
1465 900 1733 947 postulationem
1752 898 1871 933 facien-

173 970 240 1003 tes,
262 970 365 1009 atque
384 964 419 997 in
440 963 560 1009 primis
582 963 643 996 Dei
671 962 818 1008 gloriam
839 968 1010 1006 petentes,
1034 967 1106 994 tum
1131 960 1295 994 auxilium
1317 959 1359 993 ad
1384 958 1472 993 bene
1493 957 1698 996 vivendum,
1721 968 1872 1002 xereque

172 1021 336 1054 honestos
355 1032 470 1054 mores
490 1020 733 1054 instituendos.
756 1021 851 1053 llane
872 1025 986 1053 autem
1007 1017 1261 1052 inchoationem
1285 1018 1424 1063 spiritus
1444 1016 1627 1054 habentes,
1649 1026 1713 1049 nos
1731 1026 1872 1061 quoque

173 1079 316 1112 interius
335 1079 610 1124 ingemiscimus,
630 1077 853 1123 adoptionem
873 1078 906 1109 in
928 1076 1018 1110 lilios
1037 1082 1273 1121 expectantes,
1291 1075 1448 1121 corporis
1467 1074 1594 1108 scilicet
1614 1073 1868 1107 liberationem.

171 1136 418 1170 Verumtamen
441 1135 484 1169 ad
504 1136 571 1169 hoc
589 1135 685 1182 quod
706 1136 845 1171 attinet,
867 1134 951 1179 quid
980 1135 1214 1180 postulemus,
1237 1139 1342 1179 prout
1361 1138 1517 1178 oportet,
1544 1133 1755 1177 ignoramus.
1783 1132 1872 1164 Nam

173 1194 200 1226 si
227 1193 349 1227 oculus
373 1205 444 1227 non
470 1193 555 1226 vidit
569 1219 576 1231 ‚
599 1200 632 1227 et
656 1194 747 1227 auris
767 1204 836 1225 non
864 1192 989 1231 audiit,
1011 1198 1043 1226 et
1064 1192 1098 1225 in
1126 1203 1186 1225 cor
1205 1191 1355 1225 hominis
1378 1202 1448 1223 non
1468 1189 1638 1228 ascendit,
1660 1200 1749 1234 quae
1772 1199 1873 1234 para-

175 1252 223 1285 vit
241 1252 333 1285 Deus
353 1250 579 1296 diligentibus
605 1262 658 1288 se:
683 1250 767 1295 quid
796 1250 839 1283 ad
858 1251 1052 1283 orationem
1073 1249 1273 1283 accedentes
1293 1248 1472 1294 petemus?
1490 1248 1544 1281 vel
1566 1246 1746 1292 quomodo
1766 1258 1873 1292 agno-

175 1320 308 1343 scemus
328 1315 386 1343 aut
414 1309 626 1347 videbimus,
649 1320 703 1341 res
729 1308 946 1353 potissimum
966 1308 1090 1340 mentis
1111 1307 1375 1352 intelligentiam
1396 1306 1617 1343 excedentem
1639 1311 1673 1339 et
1697 1316 1785 1350 quae
1811 1305 1873 1338 hu-

174 1369 284 1401 manis
303 1366 468 1401 cordibus
488 1372 565 1400 sunt
584 1366 796 1411 imperviae?
809 1366 908 1399 Certe
927 1364 1122 1398 cuiusmodi
1142 1365 1300 1410 eorporis
1314 1363 1474 1397 liberatio
1493 1364 1609 1397 futura
1627 1363 1686 1400 sit,
1704 1374 1874 1408 quaenam

174 1426 246 1459 eius
269 1426 481 1463 immutatio,
502 1431 535 1458 et
559 1423 740 1469 quomodo
766 1423 809 1456 ad
828 1423 1195 1469 ineorruptiliilitatern
1222 1423 1439 1468 gloriamque
1467 1421 1785 1455 transformandum
1809 1421 1871 1461 sit,

173 1483 269 1516 solus
293 1482 352 1515 ille
377 1482 475 1515 novit
499 1481 559 1527 qui
585 1492 703 1515 reruni
729 1481 853 1514 harum
880 1481 1001 1514 artifex
1021 1480 1097 1514 fuit.
1120 1482 1210 1514 Dixit
1233 1480 1421 1526 aliquando
1444 1480 1640 1517 nonnullis,
1662 1479 1785 1513 orandi
1810 1480 1872 1512 im-

173 1541 293 1585 peritis
319 1541 509 1574 Sei-vatoris
535 1539 726 1586 discipulus
748 1540 777 1572 ':
806 1554 821 1571 «
847 1540 979 1585 petitis,
1001 1545 1035 1573 et
1062 1551 1133 1573 non
1153 1540 1321 1585 accipitis,
1344 1540 1423 1585 quia
1444 1550 1606 1584 perverse
1632 1538 1762 1584 petitis,
1785 1543 1820 1571 ut
1838 1538 1875 1571 in

173 1597 371 1644 voluptates
389 1603 520 1632 vestras
545 1598 738 1631 insumatis.
766 1611 782 1628 »
803 1598 907 1630 Decet
928 1597 1033 1642 igitur
1058 1597 1122 1630 hos
1143 1597 1360 1642 potissimum
1381 1596 1538 1630 homines
1556 1596 1688 1630 dicere:
1710 1595 1795 1640 quid
1815 1605 1878 1640 pe-

175 1662 306 1695 tamus,
327 1655 381 1689 vel
409 1655 494 1701 quid
519 1661 699 1701 oporteat,
728 1656 911 1689 nescimus.
939 1654 1177 1689 ineffabilibus
1203 1666 1287 1701 ergo
1312 1654 1498 1701 gemitibus
1523 1654 1559 1687 in
1579 1654 1702 1699 spiritu
1728 1654 1876 1699 petimus

175 1724 233 1753 ea,
255 1724 344 1759 quae
362 1713 479 1748 futura
498 1713 641 1760 quidem
661 1724 734 1746 esse
757 1712 948 1751 credimus,
971 1712 1165 1746 cuiusmodi
1184 1724 1269 1746 xero
1289 1713 1354 1746 sint
1376 1713 1588 1758 ignoramus.
1610 1712 1739 1744 Natura
1757 1711 1877 1755 utique

176 1777 293 1805 nostra
320 1770 457 1805 infirma
476 1777 543 1810 est,
565 1777 599 1805 et
617 1777 787 1816 quantum
812 1772 846 1804 in
873 1781 908 1804 se
927 1777 994 1806 est,
1017 1769 1294 1804 reviviscendum
1313 1782 1385 1804 esse
1410 1768 1594 1806 discredit:
1620 1767 1750 1813 alioqui
1775 1778 1875 1813 gran-

176 1828 233 1863 dia
252 1836 286 1863 et
304 1829 420 1863 divina
440 1830 693 1875 promittuntur
712 1828 830 1867 nobis,
851 1840 939 1874 quae
958 1840 1062 1862 nemo
1085 1828 1382 1874 comprehendere
1402 1834 1532 1874 potest,
1555 1838 1668 1872 neque
1686 1827 1721 1859 in
1740 1837 1801 1859 cor
1819 1825 1876 1859 ho-

177 1888 278 1921 minis
301 1899 467 1933 umquam
488 1887 728 1922 ascenderunt.
758 1888 872 1932 Atque
895 1893 933 1921 ut
954 1885 1060 1920 fidem
1082 1888 1184 1920 tantis
1205 1886 1309 1920 rebus
1335 1886 1581 1923 adhibeamus,
1608 1896 1680 1919 non
1704 1883 1876 1917 modicam

178 1943 278 1979 nobis
302 1957 405 1991 opem
433 1946 573 1991 spiritus
598 1945 808 1991 suppeditat.
838 1946 922 1978 Sunt
947 1945 1040 1978 enim
1066 1944 1158 1978 bona
1186 1945 1270 1978 haec
1289 1945 1384 1978 omni
1410 1955 1512 1991 prece
1539 1944 1688 1976 maiora:
1710 1941 1790 1976 talia
1816 1940 1878 1974 de-

177 2004 301 2048 nique,
323 2010 360 2037 ut
380 2015 423 2037 ne
449 2005 648 2037 noverimus
673 2003 814 2048 quidem
842 2009 947 2048 prout
975 2009 1135 2048 oporteat
1158 2014 1196 2037 ea
1222 2003 1412 2048 postulare.
1441 2002 1544 2042 Quasi
1569 2001 1661 2035 dicat
1680 1999 1875 2046 apostolus,

176 2072 267 2106 quae
292 2061 480 2095 humanam
500 2068 652 2095 mentem
675 2072 713 2094 ac
736 2067 817 2094 x‘ota
842 2067 1025 2106 superant,
1048 2071 1085 2094 ea
1113 2059 1334 2094 ineffabiliter
1354 2060 1455 2094 nobis
1481 2059 1642 2094 conciliat
1665 2058 1744 2092 data
1771 2057 1878 2103 gratia

178 2121 337 2166 spiritus;
359 2120 500 2165 eiusque
520 2119 695 2153 inchoatio
722 2118 822 2152 uobis
846 2118 984 2157 tribuit,
1006 2125 1043 2152 ut
1070 2119 1185 2152 omnia
1212 2118 1429 2153 confidenter
1452 2129 1645 2164 speremus.
1673 2117 1763 2151 Sicut
1787 2116 1877 2149 enim

179 2178 350 2224 nuptiales
375 2178 514 2216 arrhae,
541 2189 627 2223 quas
652 2178 704 2211 ini
714 2177 801 2210 icem
828 2176 998 2210 nubentes
1023 2176 1174 2215 donant,
1202 2188 1275 2210 rem
1302 2176 1444 2210 firmant
1468 2177 1503 2210 in
1530 2182 1726 2222 posterum,
1749 2184 1878 2219 eaeque

180 2235 352 2280 prolatae,
378 2241 518 2281 pactum
545 2236 641 2269 cuius
668 2246 768 2268 causa
790 2234 891 2268 datae
916 2234 1075 2272 fuerunt,
1099 2235 1221 2279 exequi
1245 2241 1392 2280 cogunt:
1417 2235 1465 2268 sic
1489 2234 1609 2272 etiam,
1636 2239 1673 2267 ut
1699 2243 1798 2269 reor,
1827 2232 1879 2265 in-

181 2292 318 2326 choatio
337 2294 495 2339 spiritus,
511 2293 548 2327 id
568 2299 618 2327 est
637 2292 808 2339 particula
829 2292 912 2326 doni
932 2293 1088 2338 spiritus,
1111 2304 1199 2338 quae
1217 2299 1266 2326 est
1286 2293 1484 2327 hereditatis
1502 2298 1639 2326 nostrae
1659 2290 1777 2329 arrha,
1799 2289 1879 2323 dan-

181 2349 262 2384 dam
284 2349 408 2384 deinde
428 2350 528 2384 nobis
548 2363 610 2385 suo
638 2357 796 2397 tempore
814 2351 960 2397 gratiam
978 2349 1173 2385 confirmat.
1196 2353 1342 2398 Oportet
1360 2352 1476 2396 itaque
1502 2349 1549 2384 ob
1567 2361 1643 2384 eam
1665 2358 1878 2393 consequen-

181 2407 262 2442 dam
288 2407 426 2442 labores
447 2409 588 2442 minime
612 2408 790 2454 defugere.
813 2408 968 2443 Verbum
992 2415 1105 2443 autem
1133 2404 1380 2460 ἐντυγχάνειν
1410 2408 1569 2456 (proprie
1588 2407 1785 2452 occurrere)
1806 2418 1879 2441 me-

181 2465 361 2512 taphorice
385 2465 492 2505 dixit,
514 2466 593 2511 quia
618 2473 651 2500 et
670 2478 735 2501 nos
752 2467 905 2502 solemus
927 2468 963 2501 in
985 2467 1114 2501 mutuis
1137 2466 1338 2500 occursibus
1363 2477 1486 2500 manus
1511 2464 1691 2500 sustollere
1718 2464 1778 2510 (2).

279 2651 315 2681 (1)
335 2649 362 2676 Si
380 2648 517 2679 άλιλήτεις
535 2651 685 2686 opponitur
700 2652 834 2680 λαλητιῖς.
853 2650 946 2679 licebit
965 2650 1141 2686 interpretari
1162 2650 1387 2685 ineloquacibus,
1404 2650 1431 2677 id
1451 2653 1492 2678 est
1512 2650 1617 2677 tacitis.
1635 2649 1680 2677 Sic
1699 2653 1772 2677 certe
1790 2650 1878 2685 prisca

179 2693 325 2721 translatio
345 2693 417 2729 apud
437 2693 629 2722 Sabaterium:
645 2694 781 2730 postulat
797 2695 964 2730 qemitz'bus,
985 2697 1033 2730 qui
1052 2695 1145 2730 eloqui
1165 2704 1220 2722 non
1234 2698 1364 2731 possunt.

280 2741 316 2771 (2)
337 2739 378 2766 Ita
398 2739 514 2766 fortasse
533 2739 748 2775 intelligendum
769 2740 830 2767 heic
844 2740 952 2769 videtur
973 2743 1108 2767 dmm-2221>
1129 2740 1169 2767 vel
1185 2741 1208 2768 si
1229 2740 1362 2768 mendum
1380 2739 1490 2773 subest,
1506 2739 1714 2775 corrigendum.
1732 2741 1802 2767 Nam
1822 2748 1879 2768 rem

180 2791 231 2818 ego
250 2791 307 2811 non
327 2784 394 2811 satis
414 2784 538 2820 expedio.
560 2786 691 2811 Attamen
711 2784 890 2812 notissimum
910 2790 966 2819 est,
981 2794 1116 2814 manuum
1136 2785 1317 2813 elevationem
1334 2784 1408 2820 apud
1428 2788 1545 2818 veteres,
1558 2788 1592 2812 ut
1610 2789 1789 2812 monumenta
1808 2784 1879 2820 picta

181 2827 302 2864 fictaque
322 2828 437 2861 docent,
459 2832 618 2864 precantem
639 2828 681 2856 vel
701 2829 784 2857 etiam
805 2829 973 2858 salutantem
994 2830 1135 2859 denotare.
1158 2830 1255 2864 Itaque
1274 2828 1335 2857 heic
1354 2837 1504 2857 occurrere
1523 2829 1626 2858 dicitur
1641 2837 1691 2865 pro
1709 2837 1804 2857 orare.

1903 340 1958 363 Car.
1975 340 2035 363 vm.
2052 344 2075 363 ευ

1913 1431 1949 1450 (ir.
1966 1436 1987 1456 p.
2010 1433 2036 1450 ’.1,

1918 1549 1921 1553 ’
1940 1545 1983 1565 Iac.
2002 1545 2040 1565 tv,
2058 1549 2068 1565 v5
