2205 3177
161 398 194 442 'le
206 397 297 418 Ιλλλὶ
309 397 336 417 lll

215 809 241 828 l'·
264 808 319 827 (M.
344 812 356 826 ·.

196 1325 201 1329 ’
219 1322 266 1342 loli.
284 1322 319 1342 1)..
334 1326 367 1341 2¹.

322 1784 330 1796 ι

242 1807 248 1822 l
276 1810 315 1829 .p.

328 2180 346 2194 r.

331 2462 340 2475 Ἦ
367 2460 385 2476 ἣΔ

383 161 403 191 te

408 159 427 191 ι(

437 160 451 191 q..-

891 166 919 187 S.
947 165 1073 187 CYRlLLI
1102 164 1322 186 AtAEXAMthNt
1349 163 1558 185 EXPLANATIO

994 232 1151 254 ,testatem
1167 233 1197 254 et
1216 238 1268 253 ver
1284 234 1318 253 tu
1336 231 1448 253 fecisti.

481 290 633 321 Fortasse
660 287 778 319 volens
803 292 953 330 quatuor
977 292 1088 319 terrae
1108 285 1242 318 climata
1263 284 1429 330 propheta
1457 282 1627 318 indicare.
1650 282 1771 315 clamat
1793 282 1834 316 ad
1855 283 2064 315 Dominum.-

385 352 543 379 aestatem
564 350 594 376 et
614 354 674 376 ver
694 349 729 375 tu
751 343 873 378 fecisti.
898 342 931 374 id
958 349 1005 375 cst
1035 341 1181 375 torridas
1201 347 1230 375 et
1253 341 1416 374 australes
1444 339 1563 373 mundi
1584 346 1715 384 partes.
1735 351 1797 373 nec.
1816 351 1886 373 non
1906 339 2063 373 boreales

387 411 417 436 et
447 402 598 445 frigidas.
620 401 731 434 Veluti
752 400 838 433 illud
861 401 892 432 ‘:
914 401 1110 445 aquilonem
1129 406 1159 433 et
1182 411 1274 433 mart·
1294 406 1329 432 tu
1351 400 1484 432 creasti.
1514 399 1595 431 Heic
1618 404 1729 431 autem
1750 399 1978 443 praetermisit
2003 409 2065 431 au-

397 466 552 492 tumnum
580 464 613 491 et
639 457 804 493 hiemem,
829 458 908 501 quia
934 464 1041 490 aestas
1068 458 1156 490 iuxta
1184 463 1386 490 autumnum
1413 462 1479 493 est,
1501 461 1531 488 et
1559 455 1668 488 hiems
1693 455 1784 488 iuxta
1808 465 1881 487 ver.

1014 550 1241 588 PSALMUS
1270 549 1445 586 LXXIV.

572 635 644 657 mxi
664 635 796 661 ἰιιίσιιιίε,
814 634 911 657 nolite
926 636 1035 661 tuique
1051 641 1158 663 agere:
1176 637 1205 656 et
1223 634 1493 660 delinquentibus,
1510 632 1609 655 nonne
1626 632 1767 655 exaltare
1783 638 1890 654 eon-nu.

488 686 658 718 llistorico
683 684 823 729 quidem
849 696 948 718 sensu
969 685 1176 730 praecipitur
1195 684 1342 728 Assyriis
1361 694 1398 716 ac
1417 682 1616 727 Babyloniis
1642 693 1684 715 ne
1707 682 1773 715 sint
1792 682 1827 714 in
1846 682 1955 714 Deum
1976 679 2070 715 blas-

394 744 524 789 phemi,
546 753 656 786 neque
681 740 812 774 viribus
832 742 981 786 propriis
999 740 1209 786 superbiant.
1239 742 1324 773 Nam
1350 751 1458 773 cornu
1477 739 1520 772 ad
1540 740 1722 783 imaginem
1748 738 1873 771 virium
1899 738 2065 775 sumitur,

394 812 463 832 sive
490 800 602 843 regni:
631 798 735 831 veluti
763 798 805 830 dc
831 798 965 831 Christo
990 798 1120 830 dictum
1147 804 1195 830 est
1224 798 1254 830 't
1284 808 1391 830 cornu
1418 797 1489 830 eius
1515 795 1721 829 exaltabitur
1745 796 1780 828 in
1806 794 1937 839 gloria,
1958 794 1994 828 id
2019 800 2070 828 est

397 868 558 901 regnum.
579 863 610 889 et
630 867 731 901 supra
753 867 805 888 res
823 866 942 888 omnes
963 854 1129 888 fortitudo
1150 866 1188 888 ac
1208 860 1367 900 potestas.
1397 853 1568 898 Significat
1587 853 1689 886 etiam
1709 851 1924 898 superbiam,
1947 858 1986 885 ut
2003 851 2069 885 hoc

398 914 491 947 loco:
512 925 555 945 ne
581 924 687 945 cornu
715 912 861 956 erigatis.
891 911 943 944 Ad
964 912 1163 945 sententiam
1189 911 1283 956 quod
1310 911 1458 948 adtinet,
1480 910 1561 943 dicit
1580 910 1757 947 Servator,
1778 921 1813 942 se
1838 908 1994 942 stabilitis
2017 919 2068 942 ec—

399 970 517 1003 clesiae
536 969 720 1006 columnis,
738 968 770 1000 id
790 975 840 1001 est
858 968 1038 1013 apostolis.
1056 969 1229 1001 monuisse
1248 968 1333 1001 alios
1351 968 1536 1013 quominus
1556 978 1573 1000 a
1593 966 1762 1000 mandatis
1781 965 1956 999 aberrent:
1976 964 2070 1010 quod

401 1033 610 1071 postremum
637 1025 733 1058 alteri
753 1025 850 1058 classi
869 1025 905 1057 id
923 1031 973 1058 est
991 1026 1199 1058 circumcisis
1225 1025 1369 1062 dicitur,
1390 1025 1448 1069 qui
1469 1023 1619 1057 seditiosi
1638 1024 1672 1056 in
1691 1023 1906 1056 servatorem
1924 1021 2071 1067 elatique

401 1084 448 1116 ira
469 1082 623 1115 suerunt:
645 1093 793 1126 quorum
813 1093 911 1115 causa
931 1081 1063 1126 perdita
1083 1082 1190 1127 patria
1211 1081 1272 1114 fuit
1293 1082 1433 1125 eiusque
1452 1080 1584 1114 incolae
1603 1079 1766 1113 universi.
1784 1080 1866 1112 Tota
1884 1079 1975 1112 enim
1993 1078 2073 1112 Pha-

402 1140 498 1173 risaei
524 1138 693 1183 sacrilegis
719 1138 845 1182 linguis
871 1139 938 1171 suis
964 1138 1059 1171 frena
1086 1138 1262 1174 laxarunt,
1287 1148 1518 1183 praecepsque
1545 1136 1708 1169 adversus
1733 1134 1902 1168 Christum
1929 1134 2074 1168 maledi-

403 1203 492 1230 ctum
519 1195 731 1231 effuderunt,
752 1201 786 1228 et
811 1196 924 1228 omnia
950 1196 1024 1228 iura
1049 1195 1221 1228 xiolarunt
1235 1220 1242 1232 ,
1264 1194 1347 1227 dum
1367 1194 1484 1231 illum,
1505 1204 1609 1238 quem
1632 1193 1773 1226 minime
1791 1191 1989 1237 oportebat,
2010 1192 2075 1224 im-

405 1254 458 1298 pie
484 1253 700 1286 damnarunt.
729 1253 841 1285 Cornu
868 1263 1006 1296 quoque
1032 1257 1230 1287 erexerunt,
1255 1263 1290 1283 se
1309 1252 1369 1284 Dei
1388 1250 1599 1284 voluntatem
1624 1260 1830 1295 cognoscere
1855 1247 2075 1282 adfirmantes

405 1309 550 1343 dicendo
572 1311 599 1342 ¹:
622 1321 684 1342 nos
710 1310 836 1341 scimus
861 1310 967 1353 Mo)·si
994 1309 1103 1341 Deum
1130 1320 1202 1341 esse
1228 1308 1382 1341 locutum
1406 1307 1467 1352 (1).

504 1375 548 1397 Xe
563 1375 722 1398 extollatis
739 1376 773 1397 in
789 1374 891 1397 altum
906 1380 1001 1396 cornu
1019 1376 1168 1401 vesu-nm,
1184 1380 1282 1400 neque
1299 1373 1473 1400 loquamini
1490 1373 1635 1395 adversus
1651 1372 1751 1394 Deum
1768 1372 1979 1398 iniquitatem.

501 1425 644 1457 Peccant
669 1430 803 1459 autem,
831 1429 863 1456 et
894 1423 1056 1456 adversus
1081 1424 1190 1456 Deum
1220 1423 1433 1467 iniquitatem
1463 1421 1674 1466 loquuntur.
1702 1420 1906 1453 idololatrae
1935 1419 2074 1453 ethnici.

408 1482 536 1525 Nempe
563 1480 667 1513 xeluti
687 1480 720 1513 in
741 1479 847 1513 altum
867 1491 975 1513 cornu
994 1480 1146 1524 erigunt,
1171 1485 1456 1524 arrogantemque
1477 1478 1658 1511 intendunt
1681 1478 1846 1510 cervicem
1865 1477 1937 1510 Deo
1956 1475 2079 1509 adver-

409 1543 537 1575 santes,
561 1538 620 1582 qui
646 1548 725 1570 vera
751 1537 911 1581 dogmata
937 1542 1156 1582 oppugnant,
1181 1536 1366 1569 mendaciis
1392 1536 1532 1574 assueti,
1555 1545 1665 1579 neque
1690 1533 1774 1579 quid
1797 1533 1911 1567 dicant
1936 1533 2079 1567 scientes

409 1606 518 1640 neque
543 1595 625 1639 quid
658 1594 852 1628 adfirment.
881 1595 1015 1639 Quippe
1041 1600 1074 1628 et
1100 1594 1275 1638 cornigera
1306 1592 1463 1627 animalia
1494 1591 1656 1625 cornibus
1687 1591 1841 1636 apprime
1871 1590 2075 1636 gloriantur.

410 1653 649 1685 Verumtamen
669 1663 828 1697 praesens
846 1663 960 1684 sermo
979 1650 1171 1696 praedictos
1197 1650 1353 1683 hortatur
1373 1661 1414 1683 ne
1433 1655 1568 1695 peccata
1594 1654 1757 1693 augeant,
1781 1659 1893 1693 neque
1917 1647 2081 1681 adversus

413 1710 519 1743 Deum
545 1709 696 1754 linguam
722 1715 972 1742 commoveant.

650 1774 733 1800 Quia
750 1780 847 1800 neque
863 1775 903 1796 ab
920 1775 1009 1801 ortu,
1022 1780 1120 1799 neque
1137 1774 1176 1795 ab
1193 1773 1362 1800 occidente,
1379 1779 1477 1799 neque
1494 1779 1512 1794 a
1529 1772 1660 1794 desertis
1675 1771 1842 1793 montibus.

511 1825 570 1856 His
594 1823 708 1856 verbis
734 1824 930 1856 universum
955 1822 1123 1856 mundum
1149 1822 1322 1867 designat2
1345 1829 1423 1855 ortu
1449 1822 1636 1859 orientem,
1660 1820 1752 1853 unde
1770 1820 1821 1854 sol
1842 1820 1969 1858 oritur;
1991 1819 2084 1853 occi-

417 1880 517 1913 dente
536 1886 647 1925 partes
664 1880 853 1925 hesperias:
869 1878 1044 1913 montibus
1061 1879 1203 1913 desertis
1221 1879 1455 1924 aquilonarem
1473 1884 1506 1911 et
1524 1878 1706 1912 australem
1725 1877 1858 1923 plagas:
1873 1876 1937 1910 hae
1953 1877 2082 1922 quippe

416 1936 462 1970 ob
488 1936 709 1970 immodicum
736 1936 842 1981 frigus
867 1937 920 1969 vel
947 1943 1076 1970 aestum
1102 1942 1181 1969 sunt
1210 1935 1461 1970 inhabitabiles.
1490 1936 1539 1969 Ne
1565 1935 1710 1981 peccetis
1735 1935 1848 1979 itaque
1864 1959 1872 1973 ‚
1900 1933 1969 1972 ait;
1997 1932 2080 1966 nihil

417 1995 507 2026 enim
534 1993 626 2038 quod
654 1994 687 2025 in
714 1993 843 2026 mundo
870 2000 1028 2038 peccatur
1054 1993 1133 2026 latet
1159 1993 1279 2025 Deum.

1043 2087 1270 2125 PSALMUS
1298 2086 1455 2124 LXXV.

853 2170 1020 2193 llluminas
1036 2173 1070 2193 tu
1087 2171 1279 2193 mirabiliter
1295 2178 1313 2193 a
1331 2172 1488 2193 montibus
1504 2171 1650 2193 aeternis.

514 2220 554 2253 Et
581 2219 767 2265 prophetae
792 2226 825 2252 et
851 2220 993 2264 apostoli
1015 2220 1080 2253 dici
1100 2226 1229 2265 queunt
1255 2226 1408 2257 montes,
1430 2226 1572 2265 propter
1590 2219 1760 2252 haerentis
1778 2217 1845 2251 illis
1863 2217 1997 2250 virtutis
2015 2217 2085 2250 cel-

420 2276 621 2310 situdinem.
643 2283 672 2309 et
699 2277 778 2321 quia
804 2277 1001 2321 depressum
1021 2277 1104 2310 nihil
1124 2284 1157 2310 et
1176 2277 1269 2310 humi
1297 2288 1420 2322 repens
1438 2277 1473 2309 in
1492 2277 1573 2321 ipsis
1598 2282 1659 2309 est.
1689 2275 1826 2309 Aeterni
1853 2281 1984 2312 autem,
2005 2274 2083 2319 quia

423 2333 601 2367 incolumis
619 2340 651 2367 et
671 2339 832 2379 perpetua
850 2341 964 2367 manet
990 2334 1180 2379 praedicata
1201 2334 1243 2368 ab
1262 2335 1309 2367 eis
1328 2334 1495 2367 doctrina.
1526 2335 1615 2379 Ergo
1639 2333 1875 2366 illuminamur
1895 2343 1956 2377 per
1974 2332 2082 2377 ipsos,

422 2389 456 2422 id
483 2396 532 2423 est
557 2390 733 2427 ducimur,
756 2391 945 2423 erudimur.

687 2454 732 2477 Tu
753 2455 906 2477 terribilis
921 2462 962 2478 es.
978 2462 1004 2477 v.
1024 2455 1078 2477 12.
1093 2455 1204 2478 Omnes
1220 2456 1273 2482 qui
1291 2456 1323 2477 in
1341 2456 1477 2478 ein-cuitu
1494 2457 1561 2477 eius
1577 2455 1715 2478 afferent
1733 2455 1824 2477 dona.

515 2503 777 2537 Terribilitatem
805 2504 954 2549 undique
980 2505 1102 2537 innuit.
1131 2524 1154 2529 -
1180 2504 1440 2537 Circumstantes
1464 2511 1576 2537 autem
1602 2505 1632 2537 ei
1658 2503 1739 2537 dicit
1765 2509 1914 2540 sanctos,
1934 2501 1992 2547 qui
2016 2500 2088 2534 vir-

427 2564 513 2592 tutes
539 2571 614 2593 suas
639 2562 668 2593 ei
695 2561 856 2594 offerunt.

426 2665 481 2706 TU:
502 2662 568 2689 alios
586 2664 655 2698 parit
674 2665 852 2699 significatus.
869 2665 962 2692 Obiter
976 2669 1065 2692 autem
1081 2665 1191 2692 observo
1210 2665 1302 2692 haberi
1317 2665 1375 2692 heic
1395 2666 1584 2692 inetliathesim
1604 2664 1750 2699 quamdam
1770 2671 1832 2690 cum
1850 2662 1981 2690 vocabulo
1994 2663 2084 2689 notus.

427 2711 568 2745 Ceteroqui
584 2712 723 2739 Iordanem
744 2712 802 2738 heic
822 2717 893 2739 ret-te
912 2713 1043 2747 intelligi,
1060 2714 1138 2740 cuius
1157 2713 1247 2740 alveus
1265 2713 1315 2740 sub
1336 2714 1412 2741 tosua
1433 2713 1592 2740 mirabiliter
1606 2712 1658 2739 fuit
1671 2713 1834 2743 exsiccatus,
1850 2711 2016 2745 exploratum
2035 2713 2084 2736 est.

528 2759 559 2786 212
580 2756 629 2782 His
648 2756 675 2782 in
695 2756 761 2783 loeis
784 2757 917 2783 nonnulla
943 2757 1003 2784 data
1029 2761 1093 2784 sunt
1113 2756 1261 2784 Athanasio
1284 2757 1311 2783 in
1337 2756 1430 2789 editis,
1450 2765 1518 2792 quae
1541 2756 1648 2784 codices
1672 2756 1788 2783 vaticani
1810 2758 1965 2782 constanter
1986 2752 2088 2788 Cyrillo

430 2798 592 2825 inscribunt.
