2205 3177
146 412 165 455 ll!
189 412 233 431 m:
260 410 308 431 Kttt

129 579 147 622 ΗΙ
172 578 216 597 tte».-
240 576 307 596 XXIV

129 608 135 623 l

131 1786 166 1805 vce.
183 1791 197 1810 ιι
220 1787 322 1805 ummo,

355 218 423 250 *280
846 226 873 247 S.
905 225 1033 247 tttENAEl
1062 224 1100 246 ET
1126 224 1302 247 TllEOPIllLl
1332 225 1538 248 FRAGMENTA.

493 315 670 362 'l‘hwplzili
694 314 929 349 ale.1·‹1ml1-1'n1'
944 315 1161 361 fragmenta
1188 315 1259 348 tria
1286 328 1333 348 ea·
1358 314 1494 349 eatenis
1520 324 1640 349 veneta
1666 326 1700 350 e!
1725 318 1905 354 vaticana.

451 405 630 437 Turturum
657 415 755 436 Atax.
785 402 943 435 Colorem
965 401 1176 447 improbitati
1197 414 1276 437 suae
1295 403 1507 441 obtendens.
1528 404 1718 438 violentum
1737 405 1787 439 illi
1807 412 1964 453 stuprum
1984 411 2037 444 in-

357 461 451 495 tulit.
476 459 626 493 nobilem
647 459 796 505 puellam
818 459 944 493 nefaria
972 459 1095 505 copula
1115 460 1275 504 polluens
1297 460 1357 505 (l).
1387 461 1568 506 Appetitus
1593 461 1684 494 enim
1711 462 1853 496 minime
1870 465 2030 503 cohibiti.

356 517 397 551 ad
425 517 702 550 absurdissimam
730 516 978 562 impudentiam
1005 523 1188 562 proruunt.

452 576 596 607 Eirsnffli
623 586 810 607 Tnaoruim.
840 575 975 612 Sermo,
997 574 1126 618 inquit,
1148 574 1285 607 Domini
1313 573 1421 607 factus
1440 580 1491 607 est
1510 574 1553 608 ad
1571 574 1641 608 Gad
1669 575 1894 621 prophetam,
1915 588 1958 611 ne
1983 579 2034 611 vi-

358 632 476 665 dclicct
507 632 694 677 praesentis
720 632 846 676 peccati
873 632 992 669 xenia,
1019 632 1152 664 occasio
1178 630 1325 663 aliorum
1353 629 1464 664 tieret.
1493 632 1668 677 Ingressus
1693 644 1776 677 ergo
1801 633 1844 667 ad
1871 634 2036 669 Davidem

358 700 471 733 regom
498 688 567 721 Gad
596 688 784 733 propheta,
808 699 895 732 quae
921 687 984 721 sibi
1011 688 1071 720 Dei
1097 686 1278 720 oraculum
1304 686 1457 725 dixerat,
1481 688 1614 722 retulit:
1644 700 1768 734 nempe
1793 690 1899 735 elige,
1923 697 2040 726 utrum

357 752 423 779 tres
450 745 547 779 samis
574 745 653 778 anni
678 745 836 778 eveniant
862 745 896 777 in
922 754 1031 789 regno
1057 749 1137 782 tuo,
1160 749 1194 777 et
1219 743 1364 788 reliqua.
1393 743 1435 777 Et
1460 743 1564 789 paulo
1589 751 1667 791 post
1693 745 1784 779 idem
1808 745 2032 792 Theophilus.

357 802 463 847 Elegit
485 801 546 835 sibi
566 801 674 835 David
702 808 869 839 mortem:
892 807 927 834 ut
947 807 981 834 et
1001 801 1145 846 ipsemet
1163 800 1376 838 erudiretur,
1398 801 1584 845 quominus
1603 803 1771 836 exercitus
1789 814 1952 843 numero,
1974 805 2035 838 sed

357 861 416 893 Dei
444 860 549 904 magis
576 858 811 905 providentiae
830 857 1038 895 confideret:
1060 863 1092 891 et
1118 857 1268 903 populus
1288 868 1395 902 aeque
1414 864 1613 903 agnosceret
1630 858 1724 893 haud
1743 858 1828 898 sibi,
1846 871 1934 905 quae
1952 872 2038 894 ven-

360 924 434 950 tura
461 917 588 951 forent.
610 914 811 952 tribuen‹ta;
833 914 892 949 scd
919 926 960 948 ex
985 914 1123 948 Davidis
1149 915 1297 953 vicibus,
1321 913 1433 949 bonos
1458 921 1599 949 eventus
1625 916 1772 951 disceret
1798 917 2042 963 providentiae

359 973 564 1007 adscribere.

454 1032 599 1064 Eirsnmi
618 1042 793 1063 rusorum
813 1029 856 1063 ad
876 1029 1046 1076 psalmum
1065 1030 1164 1063 XCII.
1193 1031 1223 1064 l.
1251 1030 1418 1064 Dominus
1436 1031 1610 1076 regnavit,
1631 1029 1792 1065 decorem
1813 1030 1952 1065 indutus
1970 1037 2035 1065 est.

360 1091 541 1133 Postquam
567 1087 791 1133 corruptibile
810 1098 934 1133 corpus
953 1093 1165 1133 susceperat,
1186 1087 1311 1121 decore
1328 1087 1469 1121 indutus
1487 1093 1557 1125 est,
1580 1098 1659 1121 cum
1678 1087 1766 1121 illud
1785 1098 1856 1121 non
1877 1088 1945 1121 iam
1964 1099 2038 1122 cor-

360 1145 522 1192 ruptibile
549 1145 608 1179 sed
633 1145 864 1190 corruptionis
888 1156 1010 1190 expers
1035 1145 1259 1178 resuscitavit.
1287 1145 1474 1183 Dominus,
1496 1145 1656 1190 inquam,
1679 1145 1853 1190 regnavit,
1878 1144 2037 1179 decorem

360 1204 497 1237 indutus
523 1209 584 1237 cst.
615 1203 805 1248 Resunipsit
832 1202 924 1235 enim
949 1203 984 1235 in
1010 1202 1260 1236 resurrectione
1286 1213 1412 1247 corpus
1437 1213 1554 1240 suum,
1575 1207 1679 1248 prout
1703 1202 1776 1247 ipse
1801 1201 2036 1247 praedixerat:

359 1261 478 1294 solvite
505 1259 671 1305 templum
698 1259 782 1297 lioc,
804 1265 835 1293 et
862 1258 972 1292 tribus
990 1258 1112 1292 diebus
1130 1257 1286 1292 excitabo
1311 1258 1412 1292 illud.
1442 1258 1574 1304 Corpus
1593 1270 1676 1304 ergo
1695 1256 1759 1292 sibi
1792 1258 1923 1297 induit,
1945 1259 2038 1304 quod

359 1317 579 1350 resuscitavit.
608 1317 744 1350 Dictum
770 1317 861 1349 enim
888 1315 1016 1349 fuerat:
1037 1326 1106 1349 non
1131 1315 1351 1361 derelinques
1376 1315 1524 1349 animam
1550 1326 1663 1350 meam
1689 1316 1725 1349 in
1750 1315 1905 1355 inferno,
1924 1327 2036 1361 neque

358 1374 455 1407 ‹labis
473 1381 626 1407 sanctum
648 1380 743 1407 tuum
762 1373 878 1407 videre
898 1373 1168 1418 corruptionem.
1191 1373 1352 1418 Insuper:
1369 1379 1402 1406 et
1421 1384 1501 1407 caro
1518 1384 1592 1407 mea
1612 1372 1781 1406 habitabit
1800 1384 1879 1407 cum
1896 1384 1957 1419 spe
1972 1373 2036 1419 (2).

358 1432 442 1471 Quia
468 1432 649 1465 resurrexit
661 1457 669 1469 ,
687 1432 721 1464 in
740 1431 899 1477 sepulcro
917 1442 986 1464 non
1005 1431 1144 1464 mansit:
1166 1429 1226 1463 sed
1245 1441 1288 1464 ne
1305 1431 1341 1463 in
1359 1430 1518 1476 sepulcro
1535 1430 1677 1476 quidem
1695 1436 1855 1476 expertus
1873 1436 1923 1463 est
1941 1441 2020 1464 cor-

360 1490 572 1534 ruptionem;
590 1489 766 1534 corruptio
784 1487 947 1521 adversus
965 1499 1044 1521 eum
1062 1498 1131 1521 non
1151 1486 1354 1533 praevaluit.
1374 1487 1639 1533 Incorruptibile
1654 1486 1807 1521 Verbum
1825 1498 1951 1533 corpus
1970 1498 2035 1533 per

359 1559 393 1579 sc
420 1545 646 1591 corruptibile
672 1545 714 1579 ad
740 1544 1033 1579 immortalitatem
1059 1544 1245 1579 suscitavit.

545 1633 652 1667 Tituli
675 1632 904 1680 epislolaram
929 1631 1048 1666 Severi
1071 1630 1276 1665 antiocheni
1300 1630 1337 1664 in
1362 1639 1483 1665 veneta
1509 1631 1560 1664 ad
1583 1630 1690 1665 libros
1717 1633 1850 1677 Regum

995 1697 1123 1722 catena
1149 1688 1396 1722 laudatarum.

463 1777 493 1808 1.
523 1774 574 1808 Ad
601 1774 759 1808 Photium
777 1780 811 1807 et
829 1773 1003 1807 Andream
1022 1771 1276 1818 presbyterum.
1304 1773 1339 1805 2.
1361 1770 1415 1805 Ad
1441 1771 1650 1806 Bostrenses.
1679 1771 1713 1805 3.
1736 1771 1790 1805 Ad
1815 1772 2035 1806 Ammonium

362 1830 602 1877 presbyterum
623 1831 677 1876 (in
694 1831 770 1864 cod.
787 1839 858 1864 rat.
877 1830 920 1864 ad
937 1830 1160 1864 Ammonium
1176 1835 1207 1862 et
1226 1828 1398 1873 Petrum.)
1420 1829 1454 1861 4.
1471 1828 1526 1862 Ad
1545 1829 1804 1863 Constantinum
1822 1830 2031 1875 episcopum.

362 1890 396 1922 5.
418 1888 471 1922 Ad
490 1889 705 1922 Anastasium
725 1888 913 1921 consulem.
943 1889 977 1922 6.
998 1886 1139 1920 Festalis
1157 1886 1200 1920 ad
1223 1887 1415 1931 episcopos.
1444 1887 1479 1919 7.
1502 1886 1555 1919 Ad
1573 1887 1766 1920 Auxonem.
1796 1887 1829 1921 8.
1851 1886 1905 1920 Ad
1923 1887 2037 1921 Timo-

363 1946 478 1979 theum
498 1946 804 1990 archiepiscopum.
829 1946 862 1978 9.
879 1944 933 1977 Ad
948 1943 1118 1977 Isidorum
1136 1943 1309 1977 comitem.
1335 1944 1389 1977 10.
1406 1942 1460 1976 Ad
1473 1942 1671 1978 Misahelem
1688 1943 1885 1978 diaconum.
1909 1945 1964 1977 11.
1982 1944 2035 1978 Ad

363 2004 527 2047 Sergium.
555 2003 608 2035 12.
631 2002 684 2035 Ad
704 2002 896 2035 Caesarium
917 2000 978 2046 (in
996 2000 1072 2034 cod.
1095 2008 1165 2034 vat.
1187 1999 1230 2034 ad
1249 2000 1438 2034 Caesariam
1457 2001 1671 2046 patriciam.)
1697 2002 1751 2035 13.
1773 2000 1827 2035 Ad
1847 2001 2037 2035 Antonium

363 2060 574 2105 episcopum.
600 2060 655 2092 ii.
678 2059 729 2092 Ad
748 2059 991 2105 Euphemium.
1013 2057 1172 2091 Aliorum
1190 2069 1333 2104 operum
1353 2057 1462 2092 tituli.
1489 2059 1543 2092 15.
1565 2059 1602 2092 ln
1621 2058 1795 2093 auditorio
1815 2058 1860 2103 (3)
1881 2058 1924 2092 de
1941 2069 2035 2093 mar-

364 2116 505 2161 tyribus.
540 2118 594 2150 16.
615 2117 663 2150 Ex
689 2115 904 2150 sermonibus
927 2116 986 2149 [45.
1009 2116 1066 2149 48.
1090 2116 1148 2149 82.
1175 2115 1253 2149 105.

462 2246 493 2274 11]
514 2244 608 2271 Sermo
627 2248 665 2270 est
685 2243 718 2270 de
738 2246 862 2271 Aninone
882 2252 912 2270 ac
932 2244 1074 2270 Thamare.

464 2290 495 2317 '21⁴
517 2287 572 2314 toh.
596 2288 630 2313 lI.
654 2290 694 2313 19.
715 2290 775 2314 Aet.
797 2288 831 2313 11,
852 2290 895 2314 27.
916 2288 959 2314 Ps.
980 2288 1040 2313 XV.
1062 2290 1087 2313 9.

466 2334 495 2362 ’3)
517 2332 555 2357 lta
574 2331 755 2358 subdubitans
780 2331 882 2366 explico
906 2331 1068 2358 vocabulum
1089 2332 1196 2361 ὀπακοή.
1216 2331 1275 2359 Nisi
1299 2332 1367 2359 forte
1391 2332 1490 2367 aliquis
1514 2332 1616 2359 mavult
1634 2333 1661 2358 in
1682 2332 1841 2366 obsequium
1861 2334 2032 2367 martyrum.

366 2375 440 2400 certe
459 2378 484 2400 et
503 2374 724 2402 Montfaueonius
742 2374 808 2402 bibl.
830 2375 937 2402 coislin.
958 2383 985 2410 p.
1006 2378 1049 2401 54.
1071 2383 1162 2410 parem
1182 2376 1294 2403 titulum
1314 2384 1369 2403 non
1388 2380 1429 2403 est
1447 2384 1530 2403 ausus
1549 2375 1729 2410 interpretari.
