2205 3177
823 150 853 171 nv
881 150 1031 172 PSALMUM
1060 152 1149 173 xmv.
1759 141 1827 173 203

145 213 394 249 remuneratio.
418 220 600 258 propterea
619 213 713 258 quod
733 214 816 246 haec
834 213 962 257 diligit,
986 213 1042 246 illa
1061 214 1157 247 odii?
1176 216 1302 251 Nemo,
1323 216 1479 260 inquam,
1497 216 1541 247 ita
1561 215 1716 247 insaniat.
1738 215 1826 248 Sicut

145 282 228 316 ergo
247 271 290 303 de
311 277 406 315 patre
434 271 515 304 haec
536 272 590 316 pie
610 271 849 315 intelliguntur
876 270 985 307 dicta.
1008 272 1053 303 ita
1073 271 1115 304 de
1137 271 1208 304 tilio
1227 284 1365 317 quoque
1390 272 1479 305 dicta
1499 272 1695 305 credantur.
1725 273 1829 305 Nam-

148 340 215 373 que
234 328 276 361 ad
297 328 522 373 archetypum
544 329 672 373 imago,
696 328 920 372 archetypum
939 327 1086 360 vicissim
1106 328 1148 361 ad
1170 330 1351 373 imaginem
1372 329 1531 363 refertur.
1558 330 1708 367 Deinde,
1730 330 1827 374 quia,

149 386 279 430 inquit,
302 392 420 431 utpote
440 387 546 420 Deus.
570 397 711 431 peccare
738 386 866 421 nescis.
889 385 1050 418 iustitiam
1072 387 1161 418 enim
1189 387 1320 431 diligis,
1345 394 1374 419 ct
1404 388 1568 420 aversaris
1594 388 1826 432 iniquitatem,

150 444 352 476 inaccessam
376 444 522 476 malitiae
543 450 578 476 ut
598 444 640 476 ita
660 442 770 476 dicam
792 449 949 475 naturam
969 441 1117 478 liabens,
1137 450 1318 488 propterca
1339 445 1428 476 unxit
1452 450 1482 477 te
1502 446 1606 483 Deus,
1629 446 1717 478 Deus
1738 451 1826 478 tuus.

149 501 275 533 Unctus
303 500 362 533 fuit
391 502 482 533 enim
510 500 600 533 tilius
626 502 658 533 in
687 499 885 545 pontificem
912 506 943 533 et
971 500 1165 545 apostolum
1192 500 1414 533 confessionis
1439 508 1574 534 nostrae
1596 502 1626 539 '‚
1647 513 1717 546 quo
1745 508 1830 535 tem-

149 569 233 603 pore
261 558 368 591 factus
387 565 433 591 051
455 558 578 593 homo.
603 564 638 590 ut
667 569 728 590 nos
748 557 790 590 ad
810 558 919 590 Deum
940 563 1073 602 patrem
1101 557 1284 590 adduceret
1308 557 1385 590 111101
1405 570 1482 602 erga
1505 559 1615 603 ipsum
1636 558 1744 592 odore
1764 559 1830 592 fra-

146 622 296 660 grantes.
329 616 482 649 tannero
508 616 647 659 ungitur
674 615 753 648 0100
780 615 942 651 lactitiae,
964 621 999 647 111
1025 614 1068 647 de
1095 616 1199 647 sancti
1220 616 1364 659 Spiritus
1383 616 1489 659 gratia
1517 617 1721 660 cogitemus,
1744 628 1831 661 quae

148 684 209 705 nos
230 672 271 705 ad
292 672 501 705 alacritatem
520 678 791 717 perpetuamque
812 672 972 705 laetitiam
993 671 1166 704 transfert.
1188 673 1275 704 Nam
1294 673 1422 704 etiamsi
1446 673 1477 705 in
1497 672 1631 705 Christo
1650 673 1685 705 id
1705 673 1831 706 factum

145 730 270 763 dicitur
287 757 294 767 ,
324 742 376 763 res
403 736 515 762 tamen
543 729 806 774 dispensationis
833 730 997 774 mysterio
1028 729 1193 762 abundat.
1225 731 1280 762 1151,
1305 731 1395 763 enim
1428 731 1532 763 sancti
1560 731 1703 776 Spiritus
1732 731 1832 765 dator

147 786 257 823 filius,
281 788 360 832 quia
381 787 444 832 ipsi
466 787 666 820 naturaliter
692 786 855 832 quicquid
884 792 979 832 pater
1006 786 1107 820 habet
1137 788 1219 820 inest
1244 787 1302 831 11).
1334 788 1470 832 Recepit
1496 794 1609 821 aulem
1636 788 1832 822 humanitus

145 845 308 890 Spiritum
331 846 400 889 ipse
421 856 559 889 quoque
579 843 776 881 nobiscum,
799 856 907 889 quum
928 844 1018 889 apud
1040 855 1102 876 nos
1121 851 1333 883 versaretur,
1355 844 1447 878 liaud
1466 856 1545 878 sane
1564 845 1749 890 quicquain
1768 845 1831 879 sibi

147 903 353 947 adiungens,
379 908 546 946 quatenus
573 903 663 934 Deus
688 900 909 946 Vcrbumque
938 901 1157 945 intelligitur,
1180 901 1238 934 sed
1267 903 1299 935 in
1328 914 1361 935 se
1389 902 1462 947 ipso
1486 903 1642 947 apprime
1662 902 1833 937 humanae

147 966 287 993 naturae
306 957 471 992 011111130115
491 958 637 992 laetitiae
657 959 833 1004 Spiritum.
865 958 927 992 Ubi
947 959 1038 992 enim
1058 965 1108 991 est
1127 959 1262 992 divinae
1283 965 1423 992 naturae
1443 959 1679 1005 participatio,
1700 966 1730 993 et
1753 960 1833 994 ado-

147 1017 274 1062 ptionis
299 1017 425 1061 gratia,
447 1022 476 1050 et
506 1017 593 1049 vitae
619 1022 775 1049 aeternae
795 1017 829 1049 in
849 1016 984 1049 caelesti
1010 1028 1119 1061 regno
1148 1018 1347 1061 promissio,
1371 1016 1417 1049 ibi
1445 1017 1516 1050 sine
1543 1016 1652 1050 dubio
1679 1025 1834 1052 versatur

147 1075 284 1108 laetitia.
314 1075 557 1107 Verumtamen
585 1086 665 1119 prae
692 1072 910 1107 consortibus
936 1075 1005 1106 suis
1032 1081 1155 1107 unctus
1187 1074 1246 1107 fuit
1274 1074 1450 1107 Christus:
1480 1086 1543 1108 nos
1574 1075 1665 1107 enim
1693 1075 1831 1109 arrham

147 1132 387 1165 tantummodo
411 1132 554 1176 Spiritus
581 1131 614 1164 111
641 1130 747 1174 nobis
768 1132 977 1176 recepimus:
1004 1137 1039 1164 ut
1068 1137 1180 1164 autem
1208 1131 1331 1177 Paulus
1357 1132 1435 1164 dicit
1460 1132 1490 1170 ',
1513 1132 1624 1165 01111115
1650 1132 1831 1177 plenitudo

145 1189 333 1222 dixinitatis
359 1190 393 1221 in
420 1188 556 1221 Christo
580 1187 783 1231 intelligitur
803 1188 848 1233 (2)
869 1188 1109 1234 corporaliter.
1139 1188 1372 1228 Quamobrem
1401 1190 1504 1222 sancti
1531 1189 1689 1223 homines
1716 1191 1828 1227 aiunt,
1860 1227 1861 1230 Ἰ

146 1246 236 1279 haud
256 1247 380 1291 partim
396 1246 469 1278 dari
488 1245 531 1279 ab
548 1257 589 1278 eo
604 1246 788 1297 Spiritmg,
806 1246 865 1278 5011
885 1245 1093 1278 confitentur
1112 1247 1226 1291 potius
1243 1258 1283 1279 cx
1301 1246 1512 1291 plenitudine
1527 1248 1598 1279 eius
1613 1259 1647 1280 se
1663 1248 1828 1293 accipere.

241 1303 469 1344 Quandonam
494 1315 577 1336 vero
604 1309 726 1336 unctus
753 1299 815 1336 fuit
842 1303 995 1336 Christus
1006 1304 1023 1335 ⁸?
1048 1304 1133 1335 Tum
1160 1303 1285 1336 scilicet
1313 1315 1419 1348 quum
1447 1305 1479 1337 in
1506 1304 1688 1338 columbae
1718 1306 1830 1350 specie

147 1362 236 1395 venit
263 1362 407 1406 Spiritus
433 1372 537 1406 super
563 1372 653 1393 011111.
683 1361 776 1393 Τ11110
802 1371 930 1393 nomen
957 1361 1059 1393 ctiam
1086 1372 1214 1393 novum
1242 1362 1389 1407 recepit,
1417 1368 1508 1394 iuxta
1536 1362 1726 1408 prophetae
1753 1374 1831 1397 ora-

145 1419 261 1452 culum
281 1419 305 1451 ‘.
326 1419 416 1451 Dixit
436 1419 546 1456 enim,
567 1430 645 1451 eum
665 1418 739 1451 fore
758 1417 1004 1463 appellandum
1024 1418 1163 1451 nomine
1182 1430 1291 1457 novo,
1312 1419 1407 1463 quod
1426 1421 1455 1452 ci
1474 1420 1642 1453 Dominus
1660 1421 1827 1466 imponet.

144 1478 299 1521 Namque
325 1482 403 1509 ante
427 1487 531 1520 quam
557 1475 653 1508 fieret
681 1475 788 1509 1101110
805 1501 812 1513 ,
841 1475 987 1520 simplex
1017 1486 1203 1520 carensque
1233 1488 1334 1510 carne
1359 1476 1511 1510 Verbum
1539 1477 1828 1524 nuncupabatur.

144 1540 248 1579 prout
273 1534 384 1566 Deum
410 1533 528 1571 (10001,
558 1533 635 1570 lux,
662 1534 748 1571 vita,
777 1539 809 1566 et
835 1532 1005 1566 similibus
1031 1533 1150 1566 titulis.
1181 1534 1257 1567 Post
1285 1534 1556 1568 incarnationem
1583 1541 1715 1573 autem,
1738 1537 1833 1569 cuius

143 1591 353 1636 dispensatio
380 1597 555 1636 susceptae
582 1591 753 1624 unctionis
778 1591 810 1623 vi
838 1591 1052 1629 continetur,
1074 1597 1197 1624 unctus
1224 1592 1291 1625 iam
1311 1603 1329 1625 a
1350 1599 1445 1637 patre
1471 1604 1600 1626 novum
1625 1604 1751 1626 nomen
1778 1605 1832 1627 re-

144 1649 244 1694 cipit,
268 1649 302 1681 id
322 1655 369 1682 051
391 1649 516 1682 (11011110
535 1648 688 1682 Clu-istus
709 1648 768 1693 (3).
799 1649 830 1681 Is
848 1649 939 1682 enim
959 1659 1170 1694 quamquam
1191 1649 1280 1687 aliis,
1304 1655 1423 1694 utpote
1442 1651 1549 1688 Deus,
1572 1651 1757 1684 sanctitatis
1783 1658 1832 1685 est

143 1707 262 1745 dator,
287 1706 468 1740 nobiscum
496 1706 728 1740 sanctificatur
753 1706 943 1739 secundum
969 1706 1234 1745 humanitatem,
1257 1708 1290 1740 in
1311 1719 1415 1753 quam
1434 1710 1541 1753 gratia
1568 1708 1677 1746 cadit.
1698 1715 1729 1742 et
1755 1720 1833 1742 san-

144 1763 305 1797 ctificatio
332 1765 443 1797 carnis
470 1770 588 1809 suapte
608 1764 749 1808 quidem
778 1769 896 1797 natura
917 1775 986 1797 non
1007 1771 1158 1803 sanctae,
1180 1765 1239 1798 sed
1266 1772 1434 1810 quatenus
1461 1766 1701 1799 tantummodo
1722 1766 1831 1799 Deum

144 1822 337 1867 participat.
367 1822 560 1866 Discipulos
579 1832 662 1855 vero
690 1821 811 1854 fratres
830 1821 1036 1867 appellavit.
1058 1828 1092 1855 et
1117 1829 1294 1856 consortes
1313 1822 1377 1856 sibi
1405 1823 1494 1856 fecit.
1526 1823 1720 1857 Sanctificat
1741 1825 1831 1857 enim

144 1880 252 1914 Deus,
276 1890 338 1911 suo
367 1890 498 1923 ungens
524 1879 664 1923 spiritu,
692 1878 768 1911 illos
793 1880 852 1924 11111
881 1879 957 1912 sacti
985 1886 1063 1912 sunt
1089 1880 1140 1913 sui
1169 1880 1351 1925 participes
1378 1892 1439 1925 per
1468 1879 1584 1914 11110111.

195 1952 328 1978 luxi-rhu
345 1954 376 1974 et
393 1954 490 1975 stacte
506 1954 537 1974 et
553 1952 638 1974 casia
655 1959 674 1974 a
693 1953 883 1975 vestimentis
899 1953 977 1980 tuis,
994 1961 1012 1975 a
1029 1954 1171 1976 domibus
1188 1955 1349 1982 ebul-neith
1365 1961 1400 1977 ex
1417 1956 1532 1982 quibus
1548 1955 1782 1978 delectaverunt

726 1998 757 2019 te
774 1996 859 2019 filiae
876 2004 986 2027 regum
1003 1998 1037 2020 iu
1054 1998 1171 2021 honore
1188 2001 1251 2021 tuo.

239 2052 446 2085 Vestimenta
467 2051 589 2084 Christi
616 2051 832 2085 existimandi
852 2058 930 2086 sunt
955 2052 1140 2086 familiares
1165 2055 1255 2091 01115,
1279 2065 1316 2087 ae
1343 2054 1448 2087 veluti
1477 2054 1703 2088 adhaerentes
1721 2061 1754 2088 et
1773 2055 1833 2088 sti-

143 2115 299 2155 patores,
324 2121 385 2154 per
411 2108 515 2142 fidem
536 2115 569 2142 et
589 2106 892 2143 sanctificationem
919 2117 952 2144 et
977 2110 1166 2155 spiritalem
1186 2111 1486 2144 necessitudinem.
1516 2113 1646 2146 Domos
1665 2111 1833 2146 eburneas

141 2167 208 2200 1100
226 2167 304 2200 1000
324 2167 406 2200 dicit
425 2167 595 2200 ecelesias.
619 2168 705 2200 Nam
724 2178 845 2211 graece
865 2159 978 2214 ,Βάρις
1005 2168 1131 2202 (11011110
1151 2170 1291 2214 quaevis
1310 2171 1431 2203 turris:
1449 2170 1553 2204 elatas
1572 2183 1656 2204 vero
1676 2182 1748 2204 esse
1766 2177 1833 2204 tur-

143 2224 233 2257 rium
262 2225 366 2257 instar
393 2224 552 2257 ecclesias
578 2224 724 2257 dicimus
749 2224 873 2258 Christi
896 2216 932 2259 'vi
959 2237 997 2259 ac
1023 2228 1147 2271 gratim
1177 2233 1255 2260 sunt
1281 2229 1374 2262 enim
1401 2240 1504 2273 super
1531 2234 1625 2273 petra
1655 2227 1829 2261 fundatae.

144 2281 321 2315 Eburneae
348 2282 488 2315 demum
515 2281 698 2320 dicuntur,
719 2282 755 2315 id
782 2289 829 2315 est
857 2283 1076 2328 splendidae.
1100 2285 1285 2330 pretiosae,
1310 2285 1577 2330 pulcherrimae.
1608 2286 1679 2318 Hae
1702 2286 1832 2331 quippe

142 2342 252 2374 insunt
278 2341 317 2373 iis
336 2340 451 2377 dotes,
473 2339 666 2373 cuiusmodi
686 2346 720 2373 et
738 2340 902 2374 confectis
921 2352 961 2374 ex
979 2340 1086 2375 ebore
1105 2343 1206 2376 vasis.
1229 2343 1319 2376 Haec
1340 2349 1453 2376 autem
1472 2355 1511 2376 ex
1532 2342 1637 2376 ebore
1657 2342 1830 2379 aedificia.

143 2397 232 2432 tiliae
258 2408 398 2443 quoque
419 2409 538 2442 regum
558 2397 732 2431 dicuntur.
755 2398 839 2435 Cur.
863 2410 974 2443 quave
994 2400 1150 2434 ratione?
1178 2400 1252 2433 Filii
1279 2401 1444 2434 nimirum
1472 2401 1567 2445 regni
1587 2412 1695 2445 quum
1721 2407 1831 2434 essent

141 2454 211 2488 divi
231 2455 408 2500 discipuli,
430 2456 504 2488 11100
530 2456 723 2500 meritoque
743 2467 840 2501 reges
858 2467 997 2502 quoque
1023 2457 1190 2503 appellari
1217 2464 1360 2503 queunt.
1391 2459 1461 2491 lam
1482 2457 1516 2490 111
1537 2464 1651 2503 patres
1673 2464 1751 2491 sunt
1777 2470 1833 2492 00-

141 2512 341 2550 clesiarum,
362 2524 447 2557 quas
468 2524 529 2557 per
548 2513 764 2557 evangelium
786 2525 966 2559 sacrasque
986 2515 1256 2560 praedicationes
1274 2522 1477 2560 genuerunt.
1500 2516 1654 2560 Namque
1673 2515 1739 2549 1100
1759 2515 1834 2550 hea-

143 2577 195 2604 tus
213 2581 354 2615 quoque
374 2570 499 2603 Paulus
525 2570 607 2603 dicit
628 2570 659 2603 'z
685 2571 812 2604 etenim
832 2572 866 2604 in
886 2571 1021 2605 Christo
1048 2573 1121 2605 lesu
1150 2584 1210 2617 per
1236 2572 1451 2617 evangelium
1470 2584 1535 2617 ego
1558 2584 1620 2606 vos
1639 2573 1754 2617 genui.
1783 2573 1831 2606 Ex

239 2684 275 2713 11)
295 2680 394 2707 Recole
415 2689 439 2715 p.
462 2689 502 2715 gr.
525 2683 585 2707 324.
607 2676 812 2708 adnotationem
833 2687 956 2710 nostram
976 2683 1009 2710 de
1028 2683 1146 2718 Spiritus
1165 2682 1252 2709 sancti
1272 2683 1445 2718 processione
1465 2683 1546 2709 etiam
1567 2690 1581 2709 a
1603 2682 1669 2709 filio.

238 2728 274 2757 (2)
296 2726 335 2752 tta
355 2725 474 2761 Cyrillus
494 2733 589 2759 graece
609 2727 712 2751 νοεῖται.
736 2726 825 2761 Vulgo
845 2730 936 2754 tamen
956 2728 1046 2763 graeei
1066 2731 1093 2754 et
1112 2726 1190 2753 latini
1212 2727 1365 2753 inhabitat.

239 2773 274 2801 t3]
295 2771 334 2796 De
349 2770 449 2796 Christi
465 2770 576 2796 nomine
590 2770 664 2804 paria
680 2769 748 2796 dicit
759 2771 877 2806 Cyrillus
891 2772 920 2798 in
936 2771 1062 2806 capitulis
1077 2771 1110 2798 de
1124 2771 1329 2802 incarnatione,
1343 2779 1413 2805 quae
1428 2779 1477 2798 nos
1492 2770 1645 2804 edidimus,
1661 2779 1719 2806 cap.
1735 2771 1827 2799 XXX.

140 2815 273 2842 Similiter
294 2814 365 2841 idem
386 2814 506 2850 Cyrillus
527 2814 606 2841 initio
626 2814 795 2842 scholiorum
815 2814 848 2842 de
868 2816 973 2843 incarn.
996 2815 1038 2843 ed.
1060 2815 1172 2842 Aubert.
1194 2816 1225 2841 T.
1247 2816 1278 2842 V,
1300 2820 1368 2850 part.
1392 2819 1415 2842 1.
1438 2824 1463 2850 11Δ
1484 2818 1545 2842 779.

712 2935 725 2949 2.

1870 519 1878 528 ⁹
1896 517 1956 538 Helu*
1982 518 2018 538 ut.
2037 524 2054 538 s.

1872 1150 1879 1157 '
1895 1149 1973 1169 Cotoss
1999 1149 2024 1169 11.
2047 1153 2064 1170 11,

1872 1438 1880 1446 ·
1896 1436 1923 1457 Is⁴
1940 1436 1997 1457 [ΧΗ
2027 1442 2037 1458 ·.>

1872 2588 1970 2608 ·1.(‘,01·.
1984 2588 2021 2607 tv.
2035 2590 2057 2607 Γ»
