2205 3177
196 515 200 519 '
218 511 267 531 Plill
293 511 321 531 ss'
348 514 357 530 7

416 195 478 227 176
918 201 946 223 s.
975 200 1103 222 cvmru
1130 199 1352 222 ALExmnmst
1379 199 1584 222 exrmxmo

409 266 511 301 subiit
539 278 616 300 cor.
639 265 810 308 simulque
836 262 987 296 tenebris
1013 274 1109 296 niens
1135 262 1197 296 fuit
1223 262 1367 297 obruta:
1389 274 1477 308 quae
1501 274 1581 296 sane
1606 262 1770 308 quamdiu
1798 265 1911 309 pravis
1930 264 2090 310 volupta-

410 325 500 359 tibus
527 336 594 357 non
621 329 667 355 est
697 329 811 367 capta,
836 321 1042 366 lii-munique
1070 322 1191 355 retinet
1219 322 1454 367 propositum,
1483 321 1576 354 omni
1603 332 1681 354 cum
1707 321 1872 356 modestia
1898 322 2086 367 ingenuum

409 381 661 428 probatumque
680 380 768 412 vitae
794 390 932 412 cursum
960 378 1129 415 sectandi,
1151 380 1332 412 serenitate
1357 390 1394 412 ac
1423 389 1504 423 pace
1528 378 1652 411 fruitur
1679 377 1894 423 plurimaque
1920 379 2088 425 tranquil-

407 440 498 472 litate
511 464 518 473 .
542 444 642 482 atque
669 438 808 481 insuper
833 436 979 469 donatae
998 447 1014 469 a
1037 437 1106 469 Deo
1126 435 1319 469 sobrietatis
1339 436 1468 469 lumine
1488 435 1691 469 illustratur.
1720 436 1874 480 Namque
1895 442 1933 469 ut
1951 438 2084 482 sapien-

407 498 553 530 tissimus
573 494 689 528 scribit
710 494 834 527 Paulus
855 494 882 526 ':
907 505 970 539 pax
991 494 1131 529 Christi,
1153 505 1240 538 quae
1260 499 1439 538 exsuperat
1459 504 1596 527 omnem
1617 504 1770 531 sensum,
1792 492 1961 526 custodiet
1979 494 2084 528 corda

404 560 514 586 xestra
534 559 565 586 et
587 551 827 597 intelligentias
846 557 987 584 vestras.
1016 552 1143 584 Verum
1162 550 1262 583 simul
1284 562 1321 583 ac
1340 551 1513 595 captivum
1534 561 1593 584 cor
1612 550 1731 588 fuerit,
1753 549 1901 584 absurda
1926 550 2084 596 malaque

403 611 580 655 xoluptate
599 609 712 643 eidem
738 609 865 647 otl'usa,
890 608 1007 653 implet
1034 608 1120 641 illud
1140 609 1278 641 Satanas
1305 606 1640 652 perturbationibus,
1661 614 1693 641 et
1718 608 1941 653 cogitationes
1967 608 2085 642 inserit

402 679 539 712 pravas,
562 667 716 712 inquinat
743 667 864 702 etiam,
887 673 918 700 et
946 665 1158 712 spiritalibus
1184 663 1335 699 tenebris
1362 671 1473 699 totum
1499 671 1662 711 occupat,
1689 666 1814 710 partim
1839 665 1979 711 quidem
2004 666 2084 711 quia

402 724 511 757 bonae
537 724 759 769 cogitationes
779 725 808 756 ei
829 723 951 757 desunt
978 723 1021 756 de
1040 723 1200 756 sectanda
1226 723 1370 760 virtute,
1393 722 1517 767 partim
1538 733 1622 756 vero
1647 723 1727 768 quia
1754 722 1806 756 lex
1834 724 1961 768 peccati
1980 723 2014 756 in
2032 723 2084 756 vi-

401 783 485 815 tium
511 782 629 816 trabit.
658 782 815 814 Fortasse
842 782 953 814 innuit
978 781 1103 816 etiam,
1132 792 1167 814 se
1192 780 1245 813 vel
1275 779 1466 813 meridiano
1492 783 1647 826 tempore
1673 781 1705 813 in
1733 781 1909 814 anxietatis
1934 779 2085 815 tenebris

401 840 526 873 versari
542 866 549 876 ,
571 839 751 884 multoque.
778 839 871 872 luctu
897 839 988 872 xires
1013 850 1090 871 suas
1116 849 1188 871 esse.
1214 843 1447 882 consumptas.

571 905 673 928 Amici
692 905 751 927 mei
769 906 799 927 et
817 905 952 931 proximi
969 904 1028 926 mei
1046 904 1209 926 adversum
1225 909 1272 925 me
1289 903 1623 930 appropinquaverunt
1639 905 1669 926 et
1685 904 1841 926 steterunt
1857 905 1915 927 etc.

496 954 599 988 Aliud
624 954 802 999 quoddam
829 959 944 987 narrat
970 954 1169 997 contingere
1195 951 1369 985 interdum
1395 951 1537 985 solitum
1558 951 1683 986 diserte
1709 953 1767 991 iis,
1788 953 1848 998 qui
1868 964 1885 987 a
1904 954 1977 987 Deo
2003 964 2084 999 pec-

401 1014 465 1046 cati
489 1024 589 1046 causa
614 1013 839 1056 castigantur:
862 1022 959 1044 suam
978 1010 1137 1044 videlicet
1155 1010 1300 1055 gratiam
1318 1008 1362 1043 ab
1382 1010 1463 1055 ipsis
1481 1016 1655 1048 remox‘et;
1674 1021 1714 1044 ex
1734 1021 1804 1055 quo
1823 1011 1858 1044 in
1876 1016 2006 1044 tantam
2024 1022 2084 1045 ve—

401 1071 499 1104 niunt
525 1070 714 1107 miseriam,
743 1076 779 1103 ut
806 1068 942 1102 nullum
968 1080 1111 1114 prorsus
1136 1068 1291 1101 invenire
1316 1073 1443 1112 queant
1469 1067 1688 1101 adsistentem
1715 1073 1771 1101 aut
1797 1068 2081 1114 compatientem,

399 1128 483 1173 quin
510 1128 636 1165 inimo,
663 1133 735 1160 tum
761 1138 885 1172 genere
905 1132 978 1159 tum
998 1125 1141 1164 affectu,
1163 1130 1221 1159 aut
1239 1123 1307 1158 alio
1326 1125 1448 1169 quovis
1467 1125 1633 1158 amicitiae
1658 1124 1759 1159 titulo
1784 1125 1868 1159 olim
1888 1126 2080 1171 proximos,

400 1186 466 1217 iam
495 1185 650 1218 inimicos
676 1185 909 1230 experiantur.
939 1183 1103 1216 Carorum
1131 1193 1214 1227 ergo
1240 1193 1415 1220 meorum,
1437 1183 1567 1227 inquit,
1588 1181 1643 1215 vel
1670 1182 1909 1227 proximorum
1932 1182 1987 1216 alii
2005 1184 2084 1228 qui-

401 1242 479 1275 dem
507 1241 644 1288 publice
671 1242 834 1276 adversus
860 1253 915 1275 me
941 1242 1153 1274 incesserunt
1179 1246 1281 1284 atque
1305 1245 1491 1278 steterunt,
1512 1239 1547 1273 id
1574 1245 1623 1273 est
1647 1240 1861 1280 restiterunt,
1883 1245 1921 1274 ut
1938 1239 2085 1276 Abessa-

402 1301 515 1334 lomus
540 1307 573 1334 et
592 1300 820 1346 Achitophel:
843 1299 899 1333 alii
918 1310 1002 1333 xero
1022 1298 1205 1332 humanius
1231 1303 1369 1343 agentes
1393 1297 1514 1343 procul
1541 1298 1784 1337 constiterunt,
1806 1310 1906 1332 suum
1924 1309 2005 1344 erga
2027 1310 2084 1333 me

403 1358 563 1392 affectum
589 1357 787 1404 longissime
814 1356 1070 1391 submoventes.
1742 1355 1744 1357 ’

802 1423 935 1449 vimque
953 1423 1127 1450 faciehant,
1143 1423 1199 1450 qui
1216 1422 1355 1445 animam
1371 1427 1470 1445 meam
1487 1423 1690 1449 ‹maen-ebanta

498 1474 675 1507 Praeterea
700 1472 759 1517 qui
785 1473 936 1505 animam
961 1482 1073 1505 meam
1099 1469 1342 1516 exquirebant,
1363 1471 1434 1504 vim
1458 1470 1671 1510 inferebant;
1691 1470 1891 1516 malumque
1912 1470 1998 1505 mihi
2023 1482 2083 1505 vo-

402 1532 528 1569 lentes,
550 1529 783 1576 loquebantur
809 1530 993 1568 vanitates,
1018 1529 1189 1574 dolosque
1215 1535 1285 1563 tota
1311 1528 1366 1562 die
1391 1527 1659 1562 meditabantur.
1687 1529 1830 1563 Nemine
1848 1529 1940 1562 enim
1964 1527 2085 1562 defen-

401 1589 505 1622 dente
531 1594 589 1622 aut
614 1588 816 1625 miserante,
836 1586 871 1620 id
891 1592 941 1620 est
961 1586 1161 1625 adsistente,
1184 1586 1311 1619 inimici
1336 1584 1531 1625 irruebant,
1551 1597 1674 1631 meque
1697 1585 1940 1631 opprimebant
1959 1586 2085 1631 partim

401 1645 597 1684 calumniis,
619 1645 744 1690 partim
764 1644 867 1677 etiam
887 1643 980 1677 falsis
999 1641 1319 1677 obtrectationibus.
1336 1642 1443 1676 Dolos
1460 1653 1600 1688 quoque
1618 1654 1678 1676 seu
1696 1642 1836 1688 laqueos
1854 1641 2082 1676 instruebant.

401 1703 491 1744 Quid
517 1704 610 1737 enim
636 1702 699 1736 fuit
726 1703 761 1735 in
787 1702 883 1735 omni
910 1702 1091 1735 noxiarum
1117 1712 1233 1735 rerum
1258 1701 1439 1739 varietate,
1460 1700 1556 1746 quod
1580 1700 1665 1734 mihi
1691 1712 1762 1734 non
1787 1701 1854 1733 sint
1878 1699 2084 1734 machinati?

402 1761 451 1794 lta
469 1760 611 1805 quidem
630 1759 804 1805 plerisque
822 1758 984 1793 omnihus
1003 1759 1126 1792 sanctis
1145 1759 1215 1804 pati
1233 1757 1367 1792 accidit.
1391 1757 1455 1792 Sed
1475 1758 1568 1791 enim
1586 1757 1764 1791 sciendum
1781 1763 1849 1796 est,
1869 1757 1983 1803 ipsum
2001 1756 2084 1791 haec

403 1817 523 1852 eadem
549 1824 627 1851 ante
654 1828 734 1855 nos,
756 1823 789 1850 et
815 1823 959 1862 propter
985 1827 1064 1854 nos,
1087 1822 1125 1850 et.
1146 1827 1210 1861 pro
1237 1815 1338 1849 nobis
1363 1827 1500 1861 passum
1526 1827 1598 1849 esse
1622 1815 1807 1849 Christum.

833 1882 898 1912 Ego
914 1884 1019 1905 autem
1036 1883 1196 1909 tamquam
1211 1882 1325 1904 surdus
1342 1888 1404 1904 nou
1421 1881 1588 1904 audiebam
1603 1883 1660 1904 etc.

500 1934 670 1973 Quoniam
695 1933 810 1978 itaque
835 1933 870 1966 in
896 1938 928 1966 te
954 1933 1108 1978 speravi,
1130 1943 1208 1977 spes
1234 1937 1348 1965 autem
1374 1942 1444 1965 non
1470 1928 1670 1969 cOnfundit‚
1694 1931 1774 1965 ideo
1798 1931 1977 1970 exaudies,
2004 1932 2084 1977 quia

403 1990 466 2024 tibi
493 1991 752 2024 misericordem
771 2001 843 2023 esse
863 1989 976 2028 lubet;
998 2001 1060 2022 nec
1079 1996 1149 2022 tam
1168 1989 1356 2034 peccatoris
1376 1995 1522 2023 mortem
1542 1989 1594 2022 vis
1612 2000 1716 2034 quam
1734 1989 1990 2035 paenitentiam.
2017 1989 2085 2034 lgia

403 2054 458 2081 tur
484 2059 566 2093 ego,
588 2048 715 2092 inquit,
739 2053 915 2093 tamquam
940 2053 1057 2080 mutus
1077 2058 1147 2080 non
1167 2045 1347 2079 audiebam
1360 2072 1368 2084 ‚
1389 2045 1448 2079 sed
1474 2045 1594 2079 similis
1612 2046 1651 2079 iis
1670 2057 1763 2079 eram
1788 2048 1847 2092 qui
1873 2046 2011 2091 loquela
2029 2057 2085 2080 ca-

402 2112 477 2139 rent
505 2106 648 2139 omnino
675 2111 777 2150 atque
803 2104 942 2143 auditu,
970 2116 1081 2149 neque
1107 2115 1168 2137 ore
1193 2114 1403 2149 quemquam
1429 2102 1636 2149 redarguere
1662 2109 1804 2149 queunt.
1833 2105 1919 2137 Nam
1945 2104 2004 2149 qui
2029 2114 2086 2138 ca-

403 2163 583 2197 lumniosis
602 2162 838 2196 contradicere
857 2161 996 2200 volunt,
1018 2173 1077 2195 eos
1095 2161 1263 2195 mendacii
1284 2167 1491 2206 coarguunt,
1512 2167 1631 2195 contra
1650 2161 1783 2206 singula
1802 2160 1982 2195 maledicta
2000 2171 2086 2207 apo·-

403 2220 529 2265 logiam
558 2220 733 2258 facientes,
755 2225 788 2253 et
806 2220 1038 2252 accusantium
1057 2219 1312 2252 criminationes
1331 2217 1512 2252 diluentes.
1532 2219 1776 2252 Verumtamen
1795 2229 1860 2263 ego
1878 2229 1949 2252 non
1968 2218 2013 2251 ita
2029 2228 2085 2252 me

403 2279 508 2323 gessi:
532 2277 592 2312 sed
618 2283 813 2311 constanter
840 2277 947 2315 tacui,
970 2288 1013 2310 ne
1032 2275 1224 2310 acerbiores
1242 2275 1390 2310 facerem
1416 2287 1533 2310 osores
1557 2287 1664 2310 meos.
1692 2276 1837 2322 Oportet
1861 2276 1954 2309 enim
1973 2275 2009 2308 in
2026 2286 2085 2309 ve-

320 2350 363 2368 m.
404 2335 598 2369 sationibus
625 2335 747 2369 cedere
773 2335 888 2380 potius
904 2359 912 2373 ,
941 2345 1045 2379 quarn
1072 2344 1190 2379 parem
1216 2335 1326 2368 vicem
1353 2333 1630 2379 persecutoribus
1655 2333 1815 2368 reddere.
1843 2332 1945 2374 Quod
1970 2339 2085 2367 autem

403 2393 503 2427 silere
532 2394 810 2438 persecutionum
838 2399 994 2437 tempore
1020 2398 1054 2425 et
1080 2397 1194 2425 mutos
1218 2391 1345 2430 videri,
1371 2403 1442 2425 non
1467 2392 1510 2425 sit
1535 2390 1657 2425 brutae
1682 2391 1888 2437 stupiditatis
1913 2390 2083 2428 officium,

404 2451 464 2484 sed
491 2451 647 2485 laudatae
674 2451 788 2497 potius
814 2450 997 2496 patientiae
1023 2449 1170 2487 fructus,
1195 2461 1276 2483 mox
1301 2449 1469 2483 declarat:
1497 2449 1575 2483 silui
1600 2450 1712 2488 enim,
1732 2449 1862 2495 inquit,
1887 2448 1968 2493 quia
1992 2449 2027 2482 in
2053 2454 2088 2482 te

406 2520 475 2541 uno
502 2508 620 2543 salutis
645 2520 742 2554 spem
768 2507 1037 2545 collocaveram,
1058 2512 1092 2540 et
1110 2507 1191 2551 quia
1209 2512 1242 2540 te
1260 2518 1460 2552 supremum
1479 2507 1546 2540 mei
1565 2506 1713 2540 ultorem
1740 2505 1953 2551 delegeram,
1973 2506 2033 2550 qui
2051 2512 2085 2539 et

407 2573 479 2599 tum
498 2578 577 2599 cum
596 2564 669 2600 lobi
689 2566 816 2600 amicos
836 2565 1036 2610 increpasti,
1057 2575 1120 2598 ceu
1138 2563 1370 2597 inhumaniter
1392 2563 1606 2609 alloquentes
1624 2565 1737 2597 virum
1755 2563 1942 2597 exercitum
1959 2569 1993 2597 et
2012 2568 2085 2596 ten—

407 2629 534 2661 tatum.
555 2624 797 2657 demonstrasti
823 2622 1005 2668 displicere
1031 2621 1092 2656 tibi
1111 2622 1139 2655 si
1157 2621 1233 2667 quis
1258 2621 1395 2655 invadat
1421 2633 1480 2655 eos
1497 2622 1557 2666 qui
1582 2622 1617 2655 in
1643 2621 1806 2667 angustiis
1824 2619 2085 2654 tentationibus-

407 2690 474 2723 que
499 2687 691 2714 versantur.
720 2682 768 2714 Tu
794 2691 896 2725 ergo,
918 2679 1080 2717 Domine,
1102 2678 1220 2712 audias
1245 2688 1309 2711 oro
1334 2678 1550 2712 inimicorum
1570 2684 1689 2712 contra
1714 2689 1769 2711 me
1794 2677 1953 2716 dicteria,
1974 2677 2011 2723 id
2033 2682 2084 2711 est

410 2737 501 2769 xaria
528 2738 761 2771 conviciorum
781 2748 926 2781 genera,
948 2743 982 2771 et
1006 2748 1094 2782 quae
1114 2741 1233 2770 contra
1250 2746 1306 2769 me
1323 2735 1561 2770 machinantur
1585 2736 1742 2781 aspicias,
1763 2735 1847 2769 dum
1865 2745 1930 2780 ego
1948 2734 2085 2768 interim

410 2792 515 2826 xerba
542 2795 694 2839 iramque
720 2793 923 2833 continebo,
945 2800 977 2827 et
1003 2794 1099 2839 quasi
1125 2799 1242 2827 mutus
1267 2793 1302 2826 in
1328 2799 1360 2826 te
1386 2804 1455 2827 uno
1481 2804 1577 2839 spem
1603 2804 1786 2838 reponam,
1808 2793 1886 2826 satis
1907 2802 2034 2838 gnarus
2052 2797 2085 2826 te

411 2850 546 2888 audire,
568 2852 696 2884 etiamsi
723 2852 806 2884 duni
833 2851 916 2885 mihi
943 2850 1159 2885 maledicitur
1184 2848 1430 2884 obmutescam.
