2205 3177
606 168 638 190 ix
666 168 817 189 esurum
843 166 939 188 xvui.
971 167 1042 187 xix.
1073 165 1111 187 ET
1137 165 1196 187 xx.
1679 152 1740 185 133

66 234 247 270 auxiliator
269 244 386 276 meus,
408 232 579 278 refugium
600 243 733 269 mcum,
757 233 789 265 in
810 231 864 264 die
884 230 1053 263 malorum
1078 241 1247 263 meorum.
1278 228 1465 261 Hominum
1491 228 1619 273 quippe
1646 227 1740 260 adiu—

67 294 194 328 torium
212 292 348 337 fragile,
364 296 478 324 tutum
497 301 683 336 supernum
703 289 877 322 auxilium.
894 288 1076 332 Propterea
1095 288 1200 320 sancti
1220 286 1388 320 infelicem
1408 286 1583 318 hominem
1602 285 1737 321 dicunt.

68 351 174 383 immo
192 355 224 383 et
243 348 479 385 maledictum,
501 349 560 393 qui
580 359 673 393 spem
694 347 727 379 in
747 346 885 378 homine
912 344 1074 381 collocat,
1096 350 1126 376 et
1154 356 1213 377 eor
1232 355 1331 376 suum
1351 355 1369 376 a
1388 344 1536 376 Domino
1556 342 1736 375 abalienat.

64 407 206 441 Videtur
226 412 337 440 autem
366 417 456 439 nunc
474 405 582 438 David
608 405 698 437 diem
720 401 951 435 tribulationis
976 401 1106 437 dicere,
1129 412 1199 445 quo
1226 407 1380 445 tempore
1399 400 1657 435 Senacbcrimus
1676 401 1741 432 im-

63 465 155 510 piam
182 463 277 496 illam
296 462 479 507 Rbapsacis
498 463 587 495 misit
615 460 794 506 epistolam
816 459 846 491 'z
872 474 886 490 «
910 471 951 492 ne
978 458 1071 491 fallat
1098 470 1158 491 ios
1184 459 1335 496 Ezecias,
1357 458 1451 502 quod
1473 459 1559 490 Deus
1578 459 1740 491 llierusa-
1781 453 1971 500 ζῇῙΎἯΡΨΜΧ·

65 521 132 554 lem
159 521 202 554 de
228 532 331 554 manu
358 532 431 553 mea
451 519 658 553 liberaturus
677 519 731 551 sit.
758 532 771 548 »
795 517 985 561 Allegorice
1006 527 1088 548 vero
1112 516 1277 560 passionis
1303 515 1413 553 diem,
1437 528 1515 548 cuin
1543 515 1653 548 aiebat
1671 517 1742 549 Ser—

63 585 180 612 vator:
206 592 220 608 «
243 579 346 611 tristis
372 584 422 611 est
449 577 559 610 anima
586 587 672 609 mea.
699 590 713 606 »
736 576 841 608 Orant
870 575 983 618 itaque
1010 579 1081 606 tum
1109 573 1239 606 Ezeeias
1259 579 1294 606 ut
1317 574 1405 614 Deus
1424 573 1579 606 exaudiat
1600 585 1634 606 se
1653 572 1741 606 affli-

63 642 155 669 ctum
174 635 220 669 ob
240 635 467 669 Senaeherimi
488 633 738 678 blaspheinias;
761 638 833 664 tum
853 631 1010 676 discipuli
1035 631 1136 663 etiam
1155 631 1230 663 Serx
1240 631 1363 665 atoris,
1387 630 1421 662 ut
1441 642 1518 663 eum
1538 631 1626 663 Deus
1647 637 1741 675 pater

62 693 234 726 exaudiat.
265 693 431 726 Discimus
456 691 602 735 denique
628 696 659 723 et
688 700 750 722 nos
776 700 844 721 non
872 700 943 722 esse
971 687 1200 721 nibutaiionis
1227 694 1381 732 tempore
1407 687 1658 726 deficiendum,
1680 688 1738 729 sed

60 751 255 789 orandum,
277 762 387 795 neque
411 747 610 782 'nominihus
636 748 780 781 salutem
807 753 978 783 nostram.
1000 746 1059 779 sed
1085 746 1312 791 omnipotenti
1339 746 1410 778 Deo
1437 743 1656 778 credendam.

637 813 756 835 Blemm-
772 813 812 835 sit
831 813 930 834 omnis
946 812 1091 834 sacrificii
1110 812 1167 833 tui.

156 865 214 899 Vel
243 865 424 898 inhaerens
450 865 581 897 animae
608 863 843 900 ratiocinium,
865 862 917 895 vel
947 861 1245 906 sanctusSpiritus
1271 861 1385 893 dicere
1412 860 1493 894 llaec
1516 860 1676 894 videntur
1696 860 1738 894 ad

59 924 242 957 maerentis
267 923 433 956 solamen.
464 921 638 955 Afflietum
666 926 779 954 autem
805 926 941 965 oportet
973 931 1094 958 (imre,
1124 930 1234 964 neque
1260 930 1354 964 spem
1383 918 1541 951 abiicere.
1571 919 1621 951 Sic
1648 919 1738 951 enim

60 981 150 1014 Deus
176 979 357 1014 exauditor
383 978 420 1012 fit
446 978 504 1023 (l).

1779 349 1817 369 (ἰν,
1833 356 1854 374 μ,
1870 352 1915 369 Dua.

724 1075 953 1113 PSALMUS
982 1075 1068 1112 XX.

454 1162 592 1185 Posuisti
610 1162 643 1184 in
661 1163 762 1188 rapite
778 1168 844 1183 meo
861 1167 1006 1183 eoronam
1022 1161 1060 1183 «le
1076 1160 1182 1187 lapide
1200 1160 1344 1186 pretioso.

156 1212 234 1245 Acie
260 1211 448 1256 confligens
467 1211 574 1244 Daxid
600 1217 718 1243 contra
739 1211 949 1243 Annnanitas
976 1211 1088 1243 victor
1115 1209 1196 1245 fuit,
1218 1209 1320 1254 vique
1345 1220 1404 1242 eos
1430 1207 1493 1241 sibi
1521 1206 1659 1240 subiecit
1676 1233 1683 1241 .
1705 1213 1736 1240 et

58 1269 238 1303 Melchomi
265 1280 429 1303 coronam
461 1270 561 1314 cepit.
591 1270 670 1301 Erat
703 1275 815 1301 autem
848 1269 914 1301 hoc,
946 1268 1218 1301 Ainmanitarum
1245 1266 1397 1305 idolum,
1427 1266 1522 1299 cuius
1548 1266 1580 1297 in
1609 1276 1737 1298 corona

59 1328 172 1372 magni
200 1327 299 1372 prctii
328 1326 475 1372 lapidem
503 1332 677 1371 repertum
706 1326 875 1359 transtulit
904 1326 936 1357 in
963 1336 1071 1358 suam.
1102 1325 1211 1358 Huius
1236 1336 1328 1357 nunc.
1347 1324 1508 1357 historiae
1529 1323 1614 1356 facta
1641 1334 1738 1355 men-

59 1385 169 1421 tione,
192 1385 236 1418 ait
264 1385 351 1417 Deo:
373 1383 548 1417 beneficiis
575 1394 649 1420 me,
678 1384 842 1419 Domine,
872 1394 1052 1427 meamque
1078 1383 1279 1427 petitionem
1306 1393 1402 1426 praet
1413 1382 1503 1414 enis:
1533 1392 1597 1425 pro
1624 1379 1737 1425 lapide

55 1441 122 1475 hoc
140 1443 291 1487 pretioso
311 1452 380 1473 non
400 1451 596 1478 oraveram,
619 1451 739 1473 verum
761 1446 795 1472 tu
816 1440 906 1472 hunc
925 1451 1064 1484 quoque
1083 1439 1165 1472 mihi
1186 1439 1326 1476 dedisti,
1350 1450 1486 1484 precem
1507 1450 1620 1471 meam
1640 1449 1735 1483 prae>

54 1509 238 1544 occupans.
266 1497 359 1531 Alibi
385 1499 486 1531 etiam
512 1503 590 1530 ante
616 1508 712 1530 suam
739 1498 867 1541 regiam
894 1497 1096 1530 electionem
1123 1497 1195 1529 Deo
1222 1495 1446 1533 benedicens,
1476 1496 1508 1528 id
1537 1502 1584 1544 est
1618 1495 1736 1528 laudes

53 1566 178 1589 canens
203 1555 333 1589 dixerat
355 1555 383 1588 ⁹:
404 1555 519 1588 inveni
539 1554 646 1588 David
673 1566 809 1587 servum
837 1565 973 1592 meum.
994 1555 1107 1587 virum
1134 1554 1227 1587 iuxta
1247 1565 1307 1587 eor
1332 1565 1467 1591 meum,
1488 1564 1590 1598 quem
1618 1564 1733 1598 regem
1776 1554 1815 1601 14¹
1833 1554 1888 1580 Reg-
1907 1554 1966 1575 xm.

53 1607 259 1647 constituam
279 1613 303 1646 “.
332 1614 528 1646 Praeterea:
550 1612 709 1657 equidem
734 1612 944 1645 incolumem
963 1624 1004 1645 ex
1024 1612 1168 1645 inimicis
1189 1611 1262 1645 fieri
1290 1623 1307 1644 a
1331 1617 1362 1644 te
1388 1611 1486 1656 petii,
1510 1617 1545 1644 tu
1572 1622 1655 1643 vero
1674 1609 1734 1643 he-
1773 1607 1966 1655 JffiLXXXW'*

52 1670 324 1709 nedicfionihus,
346 1670 380 1703 id
400 1676 449 1703 est
469 1669 696 1703 redundantia
718 1681 754 1703 ac
774 1669 988 1715 plenitudine
1008 1669 1169 1704 bonitatis
1189 1676 1284 1707 tuae,
1306 1675 1337 1702 et
1357 1670 1537 1702 victoriam
1556 1668 1637 1701 mihi
1659 1679 1735 1701 con-

52 1729 197 1767 cessisti,
219 1734 252 1762 et
279 1739 442 1773 regnum,
468 1734 499 1761 et
527 1727 763 1773 prophetiam,
790 1734 821 1760 et
848 1728 942 1773 quod
970 1729 1155 1761 maximum
1182 1733 1248 1762 est.
1272 1728 1331 1760 Dei
1359 1726 1430 1760 fieri
1459 1726 1729 1772 progenitorem.

51 1785 117 1818 Sed
142 1792 175 1819 et
200 1786 332 1820 Ezeeias
358 1786 493 1818 nonnisi
522 1785 715 1819 libertatem
741 1792 964 1831 poposcerat;
993 1786 1136 1831 adeptus
1161 1792 1208 1819 est
1238 1791 1350 1818 autem
1376 1786 1554 1818 victoriam
1581 1790 1728 1821 tantam,

50 1848 83 1876 et
110 1855 284 1877 summum
312 1843 462 1877 hostium
488 1842 811 1888 exitiusnz'regnum
840 1855 979 1889 quoque
1005 1855 1074 1877 non
1094 1844 1280 1889 expetitum
1309 1843 1447 1888 recepit.
1477 1842 1657 1887 Ceteroqui
1684 1842 1733 1875 la—

50 1900 148 1946 pides
174 1901 360 1946 pretiOSOS,
383 1901 504 1934 Christi
525 1902 627 1934 etiam
646 1901 832 1946 discipulos
858 1902 1050 1935 existimare
1077 1901 1170 1939 licet,
1193 1907 1224 1934 et
1245 1901 1432 1946 generatim
1455 1894 1573 1933 fideles
1593 1911 1728 1935 omnes,
1772 1909 1802 1928 (ἐν
1823 1913 1906 1934 11:10.

49 1958 109 2003 qui
135 1964 376 1991 ornamentum
397 1958 488 1991 illius
515 1965 591 1991 sunt
612 1965 644 1991 ct
664 1958 790 2003 gloria,
813 1965 843 1992 et
863 1960 957 2003 (μυεῖ
979 1971 1105 1992 corona
1126 1959 1225 2004 capiti
1245 1958 1397 1991 eiusdem
1418 1956 1590 2003 imposita.
1620 1958 1732 2002 Atque

49 2022 87 2049 ut
106 2016 147 2049 in
173 2016 351 2061 evangelio
378 2022 473 2061 pater
500 2015 572 2049 filio
598 2016 723 2049 dicitur
744 2016 896 2061 nuptiale
916 2028 1096 2062 apparasse
1123 2017 1319 2050 conxix‘ium
1340 2016 1370 2053 “,
1392 2017 1436 2049 ita
1457 2016 1521 2049 hoc
1546 2016 1623 2049 loco
1649 2027 1731 2060 pro·
1771 2015 1875 2063 ἑᾟᾞῑὴ·
1894 2016 1963 2037 '‘⁸¹¹-

49 2073 153 2118 pheta
178 2074 249 2107 Deo
276 2073 376 2106 dicit:
402 2087 417 2103 «
442 2074 581 2118 posuisti
602 2074 636 2106 in
656 2074 764 2118 capite
789 2074 861 2106 eius
887 2085 1063 2107 coronam.
1090 2089 1104 2105 »
1128 2075 1262 2107 Christo
1285 2079 1398 2107 autem
1418 2085 1544 2107 corona
1568 2073 1603 2106 tit
1622 2073 1732 2107 eccle-

48 2132 113 2170 sia,
135 2132 292 2164 animatis
319 2130 491 2176 lapidibus
511 2138 611 2176 caput
632 2131 703 2164 eius
722 2131 950 2165 circumdans.
982 2133 1158 2165 Posti-cmo
1185 2138 1215 2164 et
1243 2133 1355 2176 ipsum
1375 2131 1548 2164 Christum
1568 2137 1659 2164 recte
1678 2130 1731 2163 di—

49 2200 103 2222 ces
122 2188 273 2234 lapidem
294 2189 480 2234 pretiosum
493 2214 500 2226 ‚
519 2200 581 2221 ceu
601 2189 747 2222 electum
767 2189 923 2222 videlicet
944 2191 1185 2235 margaritum,
1207 2189 1302 2234 quod
1322 2188 1422 2222 nobis
1439 2190 1608 2234 gloriosae
1627 2190 1731 2222 instar

47 2257 196 2280 coronae
222 2248 312 2280 Deus
338 2253 435 2292 pater
467 2247 648 2291 imposuit,
678 2245 883 2289 benedicens
909 2247 1009 2281 nobis
1038 2247 1200 2281 bonitatis
1225 2254 1257 2281 et
1283 2247 1559 2281 sanctificationis
1590 2246 1729 2280 bencdi-

47 2304 173 2337 ctione.
195 2323 217 2329 -
238 2305 292 2337 ΕΚ·
304 2302 468 2349 operibus
487 2304 632 2348 quisque
651 2304 719 2336 suis
738 2304 927 2349 studiisque
947 2312 1145 2339 coronatur.
1174 2305 1272 2338 Certe
1292 2305 1393 2338 iudex
1412 2305 1464 2338 ius
1484 2316 1630 2349 aequum
1649 2315 1730 2348 per·
1769 2322 1788 2336 v.
1805 2319 1823 2337 τ.

44 2373 211 2407 sequens,
234 2362 379 2395 iustitiae
406 2373 568 2395 coronam
595 2362 748 2407 accipiet.
1209 2349 1213 2353 Α

274 2436 461 2459 Inveniatur
478 2442 588 2458 manus
606 2438 661 2459 tua
677 2438 717 2459 ab
734 2439 877 2460 omnihus
894 2439 1031 2461 inimicis
1048 2439 1126 2465 tum
1143 2439 1271 2461 dextera
1288 2441 1344 2462 tua
1361 2440 1502 2462 inveniat
1766 2446 1786 2461 v.
1803 2444 1822 2461 9.

694 2488 798 2504 omnes
815 2483 868 2509 qui
888 2484 918 2505 te
935 2483 1080 2505 ouen-unt.

141 2535 231 2568 Deus
258 2534 356 2568 aliter
383 2546 400 2568 a
428 2535 724 2580 perseverantibus
750 2537 783 2569 in
811 2543 966 2581 peccatO.
993 2537 1091 2570 aliter
1117 2549 1134 2571 a
1162 2537 1413 2582 paenitentibus
1440 2537 1631 2575 invenitur:
1660 2537 1727 2570 illis

44 2592 185 2638 quidem
212 2591 313 2626 iudex
326 2618 333 2629 ,
355 2592 406 2625 his
426 2592 623 2637 redemptor
642 2593 828 2627 invenitur.
852 2595 1093 2628 Verumtamen
1113 2595 1208 2639 quod
1229 2606 1291 2627 nos
1311 2595 1424 2640 primo
1445 2596 1553 2627 Deum
1574 2594 1727 2628 invenire,

8 2667 15 2671 ·
45 2650 91 2687 ait
116 2650 303 2696 propheta,
324 2655 357 2682 et
385 2656 457 2682 tum
483 2649 624 2683 demum
651 2657 785 2684 nosmet
811 2651 884 2684 fore
910 2651 953 2684 ab
979 2652 1041 2685 illo
1068 2652 1311 2689 inveniendos,
1334 2652 1412 2685 hinc
1432 2658 1518 2697 patet
1550 2653 1581 2684 in
1610 2658 1724 2685 nostra

44 2718 116 2741 esse
143 2706 302 2740 facultate
329 2706 485 2740 salutem.

142 2792 177 2822 (1)
196 2791 392 2825 Fragmentum
406 2789 457 2816 hoe
475 2788 575 2816 diserte
587 2789 712 2817 inscribit
726 2790 827 2826 cyrillo
842 2791 925 2819 codex
945 2793 1100 2825 vaticanus,
1117 2792 1180 2819 licet
1194 2792 1242 2819 atii
1257 2792 1407 2820 Athanasio
1423 2792 1550 2820 tribuisse
1569 2792 1720 2820 videantur.

43 2833 79 2859 Et
97 2833 208 2868 quidem
228 2834 255 2861 in
275 2834 367 2862 codiee
387 2838 480 2862 nostro
499 2834 600 2870 legitur
619 2837 745 2869 ὑπήκοος,
765 2843 820 2863 non
840 2837 956 2868 ἐπήκοος.
