2205 3177
849 167 881 189 m
908 166 1060 189 PSALMUM
1087 167 1135 189 ix.
1771 156 1839 188 115

153 236 308 281 rapitque
334 240 571 268 occurrentem
593 232 775 279 praedam,
797 242 902 277 quam
929 236 1026 264 antea
1047 237 1181 264 terrore
1200 231 1469 264 exanimaverat.
1492 231 1561 263 Leo
1580 230 1709 275 rugiet,
1731 230 1843 275 inquit

151 294 318 338 scriptura
339 292 368 328 ',
389 292 465 336 quis
493 302 562 324 non
588 290 749 336 [1316111ῑὶρ
776 288 880 322 Leoni
907 299 990 333 ergo
1017 288 1137 321 similis
1163 289 1301 321 Satanas
1326 288 1527 325 insidiatur,
1549 294 1586 321 ut
1612 288 1721 333 rapiat
1748 299 1833 333 pau-

156 361 292 397 perem:
311 355 429 382 contra
450 349 543 382 timet
566 360 583 381 a
604 348 719 381 divitis
738 347 864 379 virtute
884 344 1114 379 obstaculum.
1138 346 1278 379 Interim
1295 346 1420 379 mentis
1439 352 1472 378 et
1491 345 1697 391 spiritalium
1718 346 1845 380 virium

157 418 301 452 egenos,
324 406 483 439 facillime
503 406 658 451 capiens,
680 404 818 437 dulcem
837 402 901 436 sibi
922 402 1001 436 facit
1021 402 1198 447 praedam.
1228 403 1370 436 Plurimi
1391 410 1504 436 autem
1532 409 1609 436 sunt
1636 402 1766 437 diaboli
1796 404 1844 437 la-

158 466 256 510 quei,
278 471 311 498 et
338 464 396 497 ille
424 470 557 509 praeter
584 469 734 497 ceteros.
756 461 781 494 si
802 472 903 493 verus
923 466 1044 493 natura
1063 461 1153 493 Deus
1173 461 1363 504 ignoretur.
1386 460 1601 494 Dictionibus
1620 467 1734 494 autem
1758 474 1772 491 «
1795 462 1845 494 in-

159 521 314 556 curvabit
336 533 370 554 se
383 547 390 557 ,
413 527 445 554 et
465 520 563 554 cadet
585 533 600 550 »
623 519 751 564 duplex
772 529 890 550 sensus
910 518 1007 550 inest.
1037 518 1168 562 Nempe
1188 517 1240 549 vel
1261 518 1341 561 quia
1360 517 1444 550 dum
1464 519 1590 562 impius
1612 519 1743 562 potitur
1762 529 1846 563 pau-

161 591 261 626 pere,
283 579 338 612 hie
357 578 489 612 cladem
517 588 652 622 passus,
675 581 707 609 et
733 574 797 608 sub
824 575 916 608 illius
942 573 1162 619 tyrannidem
1188 574 1366 612 redactus,
1389 574 1581 608 incurvabit
1609 587 1644 609 se
1670 581 1702 608 ct
1726 575 1845 613 cadet,

160 637 194 669 id
221 643 269 670 est
298 635 552 673 humiliabitur,
574 645 612 667 ac
637 633 745 666 veluti
766 632 861 666 humi
888 631 1032 669 iacebit,
1055 631 1280 677 pereuntibus
1306 632 1341 664 in
1368 632 1502 677 proelio
1528 632 1661 666 similis.
1690 633 1749 666 Vel
1776 634 1850 678 ipse

162 694 288 738 impius
313 698 495 738 postquam
515 689 724 736 pauperibus
743 689 994 735 praevaluerit,
1016 688 1052 722 id
1077 695 1129 722 est
1155 687 1348 726 debilibus,
1370 700 1450 722 mox
1477 689 1594 727 cadct;
1616 691 1713 723 sicuti
1740 696 1773 723 et
1793 691 1849 724 Sa-

162 757 258 784 tanas
285 756 361 796 post
386 749 537 783 devictos
563 759 730 794 pauperes
756 747 958 780 humiliatus
983 746 1058 780 fuit.

635 813 725 836 Dixit
742 814 826 835 enim
843 814 877 835 ἰιι
895 813 987 835 eon-«le
1003 818 1071 834 suo:
1089 812 1206 834 oblitus
1222 814 1268 834 est
1285 812 1378 835 Deus.

259 864 472 898 Existimavit
489 870 605 897 autem
624 864 726 896 etiam
746 863 883 896 Satanas
903 873 938 895 se
958 861 1168 907 pauperibus
1194 862 1386 907 potiturum
1400 887 1408 900 ,
1430 862 1526 908 quasi
1546 862 1614 895 13111
1634 867 1761 895 terram
1782 873 1852 895 non

166 923 349 968 respiceret
373 922 482 960 Deus,
504 920 563 955 sed
591 919 634 954 ab
660 932 699 954 ea
725 931 864 954 aversus
889 925 996 957 esset,
1019 930 1129 964 neque
1154 920 1345 953 viventium
1370 920 1404 952 in
1432 930 1470 953 ea
1497 930 1615 952 curam
1641 926 1787 964 gereret.

829 986 977 1009 Blevetur
994 992 1105 1008 manus
1123 987 1188 1008 tua.

260 1037 447 1074 Pereutiat,
468 1036 597 1081 inquit,
619 1047 740 1069 manus
767 1042 843 1075 tua,
865 1042 899 1070 et
918 1036 985 1069 iam
1004 1035 1199 1073 attollatur.
1221 1035 1403 1069 intendens
1428 1034 1666 1081 peccatoribus
1685 1035 1849 1073 ferulam,

166 1094 355 1128 secundum
373 1094 478 1127 Isaiae
496 1093 626 1127 dictum
647 1094 678 1127 ἐ
699 1095 733 1127 111
754 1094 805 1127 his
824 1092 988 1127 omnibus
1006 1104 1077 1127 non
1097 1100 1146 1127 est
1166 1105 1305 1127 aversus
1329 1093 1427 1127 furor
1447 1094 1519 1126 eius
1532 1120 1539 1130 ,
1562 1094 1621 1127 sed
1648 1094 1761 1128 adime
1780 1105 1850 1128 ma·
1892 1107 1899 1113 ·
1927 1109 1936 1121 ς

166 1163 230 1185 11115
256 1152 328 1185 61115
354 1150 500 1185 sublata.
530 1151 622 1184 Solet
641 1152 730 1185 enim
751 1151 1014 1197 percutientium
1034 1162 1157 1184 manus
1176 1150 1307 1184 extolli.
1336 1151 1368 1183 Si
1392 1151 1484 1184 enim
1503 1152 1547 1184 ita
1566 1152 1776 1184 versiculum
1801 1153 1854 1184 in-

168 1208 317 1254 telligas,
340 1210 458 1254 utique
483 1215 515 1242 et
543 1208 624 1242 alibi
642 1220 764 1242 manus
783 1209 920 1242 Domini
946 1214 1013 1246 est,
1035 1219 1122 1253 quae
1148 1214 1271 1242 cuncta
1289 1218 1394 1254 opera
1414 1208 1486 1241 eius
1507 1207 1641 1241 fortiter
1660 1209 1782 1247 efficit,
1804 1210 1855 1242 vi-

169 1277 252 1300 vens
277 1272 309 1300 et
335 1265 635 1300 consubstantialis
660 1267 788 1304 virtus,
810 1265 845 1298 id
864 1272 913 1299 est
936 1265 1044 1302 filius.
1066 1266 1124 1310 qui
1150 1267 1185 1298 in
1206 1265 1313 1298 altum
1334 1264 1489 1298 sublatus
1516 1276 1581 1311 pro
1607 1265 1724 1303 nobis.
1745 1272 1776 1299 et
1796 1277 1856 1299 ve-

170 1324 356 1358 nerandam
383 1335 519 1357 crucem
545 1334 683 1369 passus,
705 1323 851 1368 gloriam
878 1323 1021 1368 adeptus
1047 1329 1110 1356 est.
1139 1323 1192 1357 Sic
1218 1324 1310 1356 enim
1337 1323 1528 1368 potentiam
1555 1324 1674 1356 mortis
1695 1324 1854 1361 extinxit,

170 1387 272 1426 atque
298 1392 315 1414 a
341 1380 537 1426 corruptela
557 1380 599 1413 ad
619 1381 916 1425 incorruptionem
936 1380 1301 1425 immortalitatemque
1319 1380 1470 1413 hominis
1489 1387 1647 1414 naturam
1667 1380 1851 1415 transtulit.

171 1439 257 1471 Nam
276 1448 338 1483 per
356 1437 466 1471 filium
486 1438 601 1471 01111113
619 1444 796 1483 operatur.
826 1438 962 1484 Quippe
980 1438 1027 1470 sic
1052 1438 1096 1471 ait
1123 1437 1277 1483 quodam
1295 1438 1375 1472 loco
1393 1439 1483 1472 Deus
1503 1445 1599 1484 pater
1619 1439 1646 1472 ἐ
1668 1450 1733 1484 ego
1751 1450 1856 1473 manu

171 1505 246 1528 mea
272 1494 405 1528 caelum
431 1494 589 1528 solidavi.

688 1559 826 1587 Propter
842 1560 919 1587 qum
936 1560 1081 1583 irritavit
1097 1561 1213 1587 impius
1229 1560 1346 1583 Deum!

267 1610 397 1655 Impius
414 1608 555 1655 quidem
576 1609 624 1643 sic
642 1608 814 1654 loquitur,
836 1610 990 1655 rapiens,
1012 1609 1231 1656 opprimens,
1254 1621 1316 1644 nec
1340 1615 1454 1644 tamen
1481 1621 1610 1656 poenas
1629 1611 1741 1645 adhuc
1759 1611 1857 1645 dans.

171 1667 343 1713 Propheta
361 1678 445 1701 vero
457 1693 465 1706 ,
487 1673 524 1700 111
543 1666 644 1701 11111115
664 1666 826 1712 dogmata
845 1667 1041 1712 extinguat,
1064 1667 1107 1701 de
1126 1668 1186 1701 Dei
1206 1668 1367 1713 patientia
1388 1680 1584 1702 sermonem
1603 1668 1719 1703 infert.
1741 1670 1782 1703 Et
1801 1668 1860 1703 ille

170 1725 313 1770 quidem
339 1724 438 1763 dicit,
467 1725 576 1759 Deum
604 1725 725 1759 faciem
751 1737 846 1759 suam
873 1726 1036 1759 avertisse
1061 1737 1104 1759 ne
1130 1725 1264 1764 videam
1292 1726 1400 1760 David
1428 1733 1543 1760 autem
1569 1733 1688 1760 contra
1715 1728 1781 1765 ait,
1808 1728 1861 1761 vi-

171 1782 249 1819 des,
271 1783 381 1821 Deus,
404 1789 436 1816 et
464 1782 645 1827 intelligis,
666 1788 741 1815 tum
767 1781 939 1816 laesorum
966 1782 1140 1821 laborem,
1163 1789 1235 1816 tum
1256 1784 1358 1817 etiam
1378 1783 1589 1818 laedentium
1614 1785 1720 1818 iram:
1743 1784 1862 1818 differs

173 1845 305 1875 31116111,
327 1839 437 1873 donec
463 1840 527 1885 ipsi
553 1840 588 1872 in
614 1850 737 1873 manus
763 1846 838 1873 tuas
863 1840 1028 1874 incidant.
1059 1840 1160 1874 Haud
1186 1846 1303 1874 tamen
1328 1852 1392 1874 1105
1419 1841 1475 1874 3111
1500 1842 1534 1874 111
1553 1842 1613 1875 1)61
1637 1853 1759 1875 manus
1785 1842 1862 1875 mit-

175 1903 268 1934 tunt.
294 1896 354 1930 sed
381 1897 617 1942 unusquisque
644 1908 661 1930 a
689 1898 836 1942 peccatis
863 1898 1013 1943 propriis
1038 1897 1296 1944 propemodum
1321 1898 1405 1932 illuc
1431 1899 1652 1945 pertrahitur.
1682 1900 1754 1944 Age
1780 1910 1864 1933 vero

173 1954 279 1988 dictio
302 1968 316 1984 «
340 1960 483 1999 propter
501 1954 584 1999 quid
607 1969 622 1985 »
644 1954 737 1987 haud
764 1953 954 1989 dubitantis
974 1961 1044 1993 est,
1066 1967 1179 2001 neque
1205 1967 1342 1990 causam
1365 1957 1554 2002 ignorantis
1573 1956 1620 1990 ob
1638 1968 1742 2002 quam
1761 1968 1864 1990 ausus

174 2013 217 2046 sit
242 2012 369 2058 impius
395 2013 504 2046 Deum
530 2011 753 2051 exacerbare,
775 2012 833 2045 sed
855 2024 930 2046 eam
956 2014 1072 2059 potius
1098 2015 1281 2048 narrantis.
1311 2015 1402 2060 Ergo
1422 2021 1596 2059 tamquam
1616 2014 1864 2060 interrogando

174 2076 207 2103 et
233 2082 311 2104 cum
338 2070 615 2115 interpunctione
641 2071 738 2115 prior
763 2070 953 2104 versiculus
979 2070 1147 2115 legendus
1173 2078 1242 2109 est.
1265 2077 1301 2105 ut
1328 2082 1448 2106 causae
1469 2072 1738 2106 declarationem
1766 2072 1866 2107 faciat

175 2129 360 2173 posterior.
388 2127 454 2162 Sed
480 2128 571 2161 enim
591 2128 717 2173 impius
744 2138 858 2161 secum
885 2128 1074 2173 reputavit,
1095 2129 1205 2162 Deum
1232 2140 1343 2175 neque
1370 2130 1567 2175 exquirere,
1590 2141 1701 2175 neque
1727 2141 1781 2163 res
1800 2129 1866 2163 hu-

176 2195 294 2218 manas
320 2185 503 2230 respicere.
533 2184 633 2225 Quod
661 2191 774 2218 autem
801 2196 818 2218 a
845 2185 988 2219 veritate
1007 2184 1233 2224 aberraverit,
1255 2192 1287 2219 et
1314 2197 1332 2219 a
1358 2187 1554 2232 cognitione
1572 2185 1736 2221 bonitatis
1754 2193 1788 2221 et
1809 2197 1866 2220 ca·

177 2242 286 2276 ritatis
311 2242 371 2275 Dei
399 2242 520 2288 procul
548 2241 687 2280 abierit,
709 2242 782 2287 ipsa
809 2253 870 2287 per
896 2253 932 2276 se
958 2242 1045 2276 faeta
1072 2242 1283 2279 clamabunt.
1312 2244 1457 2278 Prorsus
1475 2245 1567 2278 enim
1592 2255 1648 2278 res
1674 2243 1866 2278 mundanas

177 2300 268 2333 Deus
292 2311 362 2333 non
388 2299 557 2344 neglexit,
580 2299 639 2332 sed
666 2300 761 2333 caelo
786 2301 878 2334 misit
904 2299 1015 2334 filium
1041 2312 1141 2335 suum
1168 2301 1211 2334 ad
1236 2302 1475 2346 quaerendum
1498 2301 1594 2347 quod
1621 2302 1789 2348 perierat,
1811 2312 1867 2335 re-

178 2357 373 2392 vocandum
400 2363 570 2395 errantes,
592 2357 830 2391 roborandum
849 2357 945 2404 quod
972 2357 1173 2405 languebat,
1196 2365 1229 2393 et
1251 2360 1417 2406 quicquid
1443 2361 1630 2394 contritum
1648 2366 1721 2394 erat
1739 2359 1866 2394 morbo

181 2413 446 2460 expediendum.

784 2480 858 2503 'ribi
875 2480 1044 2504 derelictus
1061 2483 1108 2505 est
1123 2488 1254 2509 pauper.

277 2529 365 2562 Dicit
391 2528 434 2563 de
461 2528 599 2563 infirmo
624 2535 657 2563 et
683 2529 726 2562 de
751 2541 818 2576 ope
844 2530 1027 2568 destituto.
1053 2531 1113 2577 qui
1140 2542 1157 2564 a
1185 2537 1216 2565 te
1242 2534 1312 2565 u'no
1338 2530 1503 2565 auxilium
1530 2532 1722 2576 requirunt.
1751 2530 1865 2565 Potest

182 2587 274 2621 enim
301 2597 436 2620 servare
463 2597 632 2632 pauperes
658 2593 758 2632 atque
785 2588 949 2634 pupillos.
979 2588 1086 2623 Valde
1112 2595 1226 2623 autem
1251 2588 1424 2622 versimile
1448 2595 1517 2627 est,
1539 2589 1618 2622 illos
1642 2589 1788 2635 intelligi
1806 2589 1867 2635 qui

186 2644 340 2678 nondum
366 2656 487 2678 verum
513 2651 631 2690 suapte
657 2651 778 2680 natura
803 2647 913 2681 Deum
941 2652 1177 2692 agnoverunt;
1205 2647 1264 2692 qui
1295 2656 1462 2692 pauperes
1492 2646 1633 2692 quidem
1659 2658 1701 2680 eo
1726 2648 1867 2681 nomine

185 2708 261 2736 sunt
276 2729 283 2739 .
304 2702 400 2748 quod
419 2702 617 2736 divinorum
637 2714 884 2750 sacrorumque
903 2716 1087 2739 munerum
1107 2705 1204 2750 copia
1224 2710 1358 2741 carent.
1380 2715 1468 2749 quae
1487 2704 1646 2739 videlicet
1666 2711 1805 2739 manant
1824 2704 1868 2739 de

186 2761 241 2806 pia
268 2761 526 2794 conversatione
553 2766 585 2794 et
611 2761 678 2793 vita
705 2761 893 2795 secundum
920 2763 1092 2796 Christum
1118 2769 1209 2795 acta:
1233 2761 1355 2808 pupilli
1382 2768 1512 2800 autem,
1534 2763 1614 2808 quia
1633 2763 1789 2797 nondum
1808 2774 1869 2809 pa—

187 2824 273 2851 trem
301 2818 389 2851 nacti
416 2824 494 2852 sunt
512 2819 633 2852 Deum.
664 2818 764 2853 Dedit
789 2820 881 2852 enim
901 2819 991 2854 filius
1017 2820 1215 2854 facultatem
1241 2818 1460 2854 credentibus
1486 2820 1619 2854 nomini
1637 2821 1727 2859 eius,
1751 2826 1787 2854 ut
1807 2819 1868 2854 filii

1884 295 1890 303 ’
1907 294 1973 313 Amos
1991 294 2028 314 ΙΙΙ4
2045 301 2055 311 s

1889 992 1908 1005 1.
1927 988 1958 1005 2323.

1889 1012 1963 1038 (11:11.
1983 1015 2025 1032 1⁵⁴1.

1896 1455 1904 1462 ’
1920 1452 1948 1474 15,
1964 1452 2030 1474 XLV.
2048 1455 2077 1473 12.

1903 2494 1924 2510 v.
1940 2490 1972 2510 35.

1903 2514 1941 2537 Gr.
1955 2521 1978 2542 p.
1997 2517 2039 2536 182.
