2205 3177
529 173 560 195 IN
587 172 766 195 EPISTOLAM
792 172 829 194 11.
858 171 901 193 AD
927 170 1118 193 CORINTHIOS
1144 170 1215 192 CAP.
1247 171 1269 192 1.
1299 169 1338 192 ET
1365 169 1401 192 11.
1767 156 1810 188 57

531 241 594 267 Qui
611 242 715 263 autom
732 239 895 263 confirmat
912 245 966 260 nos
984 239 1138 261 vobiscum
1155 239 1189 260 ἰιι
1206 238 1333 260 ctu-isto
1349 238 1407 260 etc.

227 294 415 329 Confirmat
441 305 504 328 nos
529 296 618 328 Deus
645 301 742 340 pater
768 294 801 326 in
819 292 971 327 Christo,
994 298 1122 325 rectam
1146 298 1179 325 ct
1205 290 1422 325 immobilem
1448 289 1623 324 stabiliens
1649 286 1754 322 {idem
1785 288 1819 321 in

131 353 288 387 omnium
315 350 511 390 animabus,
534 358 569 385 ut
595 351 774 385 credamus
800 348 1003 383 naturaliter
1028 359 1177 394 vereque
1203 350 1332 387 Deum,
1354 349 1484 382 etiamsi
1512 348 1546 381 in
1565 348 1676 393 specie
1701 352 1817 381 nostra

132 411 359 456 conspicitur.
384 410 573 443 secundum
601 419 740 443 carnem
765 419 805 440 ex
830 405 975 439 muliere
1003 411 1141 441 natum,
1162 406 1221 450 qui
1248 416 1351 450 supra
1378 416 1517 438 onmem
1538 411 1728 438 creaturam
1755 411 1818 438 est.

133 469 219 501 Nam
244 474 274 501 et
293 466 368 513 ipsc
386 467 549 501 dominus
567 473 683 500 noster
702 467 794 498 Iesus
814 464 966 497 Christus
987 464 1085 495 Petro
1106 462 1210 495 iidem
1230 474 1326 495 suam
1347 462 1521 508 profitenti
1534 488 1541 498 ,
1565 468 1750 507 aperteque
1769 462 1822 494 di-

133 526 222 559 centi
243 526 272 564 “,
294 532 329 558 tu
350 538 384 559 cs
403 525 556 559 Christus
576 524 666 557 filius
685 523 745 556 Dei
768 523 857 561 vivi,
880 521 1057 566 respondit
1078 520 1214 553 ‹lit-cns:
1239 519 1358 553 beatus
1377 532 1412 552 es
1431 526 1467 552 tu
1489 521 1606 553 Simon
1627 519 1675 552 lili
1699 521 1819 557 lonae,

132 584 213 628 quia
235 595 314 617 caro
340 589 373 616 et
400 584 536 628 sanguis
562 593 632 616 non
659 580 819 614 rexelavit
848 578 928 617 tibi,
950 578 1009 613 sed
1037 584 1132 623 pater
1158 589 1254 610 meus
1278 578 1391 622 quiin
1416 577 1517 610 caelis
1543 584 1606 610 est.
1636 579 1722 610 Nam
1744 578 1825 623 quia

134 642 324 674 maximum
355 641 422 674 hoc.
448 647 497 674 cst
528 639 751 684 mysterium,
780 637 905 670 merito
933 635 1052 681 egebat
1083 646 1236 681 superno
1261 635 1460 678 magisterio
1488 635 1606 679 patris.
1638 635 1827 669 Confirmat

134 709 219 743 ergo
245 709 307 732 nos
334 699 405 743 ipse
430 699 466 731 in
484 697 636 735 Christo,
657 696 716 740 qui
743 706 805 728 nos
823 705 965 739 quoque
990 693 1134 737 signavit
1161 699 1194 725 et
1221 692 1317 725 unxit
1344 692 1452 728 Deusv
1473 697 1505 724 et
1524 692 1668 736 Spiritus
1687 692 1825 726 arrham

135 754 244 789 dedit.
274 756 361 788 Hinc
388 755 489 788 etiam
516 753 552 787 fit
582 752 682 787 nobis
708 752 946 798 exploratum,
971 751 1082 784 tilium
1100 762 1171 784 nou
1200 761 1273 783 esse
1296 763 1311 779 «
1334 755 1385 782 est
1408 764 1422 779 »
1444 755 1477 800 et
1501 763 1515 779 «
1538 761 1626 787 non;
1652 763 1667 781 »
1690 750 1748 784 sed
1768 762 1828 784 re-

138 824 215 846 rum
236 814 350 858 potius
368 814 497 850 Deum;
520 818 553 845 et
574 817 711 856 praeter
729 817 841 844 cetera
861 816 982 844 cuncta
1002 809 1112 847 bona,
1134 809 1168 841 in
1189 809 1264 854 ipso
1284 807 1450 841 contineri
1476 821 1490 837 «
1513 813 1576 840 est.
1603 822 1618 838 »
1642 809 1726 841 Nam
1748 819 1827 841 cum

137 871 227 904 Deus
253 871 402 915 signasse
428 880 492 903 nos
517 875 550 902 et
576 870 712 902 unxisse
738 868 892 905 dicatur,
921 874 955 900 et
979 867 1125 912 Spiritus
1151 866 1291 898 arrham
1317 864 1471 900 dedisse.
1500 864 1654 898 Christus
1679 866 1828 899 vicissim

138 927 222 961 haec
245 927 278 960 in
305 925 404 960 nobis
424 927 642 971 exsequitur,
666 937 737 959 non
760 925 930 959 serxiliter
950 935 1062 969 neque
1084 924 1198 957 alieno
1219 934 1281 956 nos
1302 934 1434 967 ungens
1454 923 1660 967 signansque
1684 923 1827 967 spiritu,

137 984 197 1019 sed
216 996 279 1018 suo
304 984 449 1030 proprio
468 983 640 1029 simulque
660 984 777 1028 patris.
805 984 863 1016 Est
891 984 983 1016 enim
1009 983 1044 1015 in
1073 988 1220 1026 utroque
1241 986 1378 1014 sauctus
1398 980 1562 1025 Spiritus,
1586 985 1731 1025 propter
1749 978 1830 1013 sub-

137 1042 280 1075 stantiae
306 1042 472 1075 unitatem
491 1041 677 1079 indivisus,
698 1047 732 1074 et
757 1052 774 1074 a
802 1047 898 1086 patre
917 1051 979 1085 per
1003 1038 1115 1073 filium
1135 1039 1194 1072 dex
1203 1039 1320 1071 eniens
1345 1037 1388 1071 ad
1409 1049 1463 1071 res
1487 1043 1616 1071 creatas
1637 1037 1697 1082 (1).
1720 1037 1832 1071 lnsuf-

138 1099 232 1134 flavit
259 1101 350 1134 enim
377 1100 411 1133 in
436 1106 573 1133 sanctos
597 1099 773 1145 apostolos
796 1100 968 1136 Christus.
991 1099 1124 1143 aitque:
1147 1098 1288 1143 accipite
1313 1097 1478 1142 Spiritum
1505 1102 1673 1129 sanctum.
1703 1097 1741 1128 Et
1768 1108 1832 1129 nos

139 1169 202 1204 per
220 1159 333 1204 ipsum
355 1164 456 1203 atque
478 1158 512 1190 in
530 1158 606 1203 ipso
626 1157 669 1191 ad
690 1158 875 1202 imaginem
896 1168 958 1190 ceu
978 1156 1092 1201 sigillo
1112 1156 1304 1189 formamur
1323 1154 1476 1188 divinam
1494 1160 1527 1187 et
1547 1153 1829 1187 intellectualem.

139 1216 231 1250 Dixit
253 1216 345 1249 enim
368 1215 460 1249 idem
487 1215 588 1250 divus
607 1215 785 1261 apostolus
811 1214 854 1248 ad
875 1215 1008 1248 Galatas
1028 1212 1182 1247 scribens
1203 1213 1231 1246 ‘z
1254 1212 1352 1246 filioli
1378 1213 1443 1246 mei
1458 1238 1465 1248 ,
1488 1224 1576 1256 quos
1601 1212 1726 1245 iterum
1751 1223 1831 1257 par-

141 1273 252 1309 turio.
273 1273 385 1306 donec
411 1272 581 1307 formetur
600 1273 635 1306 in
654 1272 755 1306 vobis
776 1272 941 1306 Christus.
966 1271 1067 1312 Quod
1088 1273 1114 1304 si
1133 1271 1270 1304 Christo
1290 1270 1516 1307 conformati,
1538 1269 1690 1303 divinam
1712 1281 1833 1303 conse-

141 1332 281 1376 quimur
300 1330 578 1368 similitudinem,
598 1331 671 1376 ipse
691 1330 809 1374 utique
828 1331 942 1373 imago
960 1330 1020 1362 Dei
1041 1330 1146 1374 patris
1172 1334 1241 1366 est,
1261 1334 1294 1361 et
1319 1327 1469 1373 perfecta
1490 1327 1700 1363 similitudo:
1723 1338 1833 1373 neque

143 1394 179 1421 ut
199 1399 278 1425 nOS‚
300 1388 359 1432 qui
378 1385 424 1420 ob
446 1388 633 1421 sanctitatis
652 1393 784 1420 tantum
806 1386 1103 1431 participationem
1124 1386 1167 1418 ad
1188 1397 1263 1418 eam
1283 1385 1546 1419 similitudinem
1566 1396 1750 1421 vocamur,
1773 1384 1833 1418 sed

142 1445 344 1478 naturaliter
368 1444 482 1489 potius
509 1455 547 1477 ac
571 1442 852 1477 substantialiter.
882 1445 969 1477 Nam
993 1444 1053 1488 qui
1079 1444 1170 1476 Deus
1196 1443 1397 1475 naturaliter
1424 1448 1494 1480 est,
1520 1441 1564 1475 ab
1590 1454 1631 1475 eo
1657 1443 1716 1487 qui
1736 1448 1836 1475 uatu-

142 1502 260 1535 raliter
284 1512 433 1546 vereque
458 1502 548 1534 Deus
576 1507 627 1535 est
653 1507 755 1546 atque
786 1512 825 1534 ex
856 1501 962 1545 ipsius
989 1499 1178 1533 substantia
1207 1500 1358 1545 genitus,
1387 1500 1470 1532 nihil
1499 1498 1655 1544 profecto
1682 1499 1830 1532 differet.

141 1558 207 1592 Sed
234 1565 347 1592 tamen
372 1558 486 1603 ipsum
511 1568 652 1603 quoque
678 1558 850 1603 signatum
869 1569 887 1591 a
906 1559 978 1591 Deo
998 1563 1095 1604 patre
1114 1557 1234 1595 fuisse,
1256 1558 1302 1590 ait
1321 1557 1492 1590 lohannes
1514 1557 1783 1602 sapientissimus
1804 1557 1813 1566 ⁶

142 1627 223 1650 nam
242 1617 301 1662 qui
320 1616 557 1650 testimonium
576 1615 649 1649 eius
671 1616 800 1661 accepit
812 1641 819 1653 ,
842 1615 988 1660 signavit
1010 1615 1107 1660 quod
1125 1616 1215 1649 Deus
1234 1625 1337 1648 verax
1356 1615 1412 1648 sit.
1434 1614 1590 1659 Signatus
1611 1621 1723 1648 tamen
1744 1614 1836 1647 haud

143 1684 183 1707 ea
207 1684 275 1719 qua
300 1684 364 1706 nos
392 1673 524 1706 ratione
551 1672 633 1711 fuit;
654 1672 715 1706 sed
740 1678 851 1706 totum
875 1673 910 1705 in
936 1671 998 1705 filii
1022 1678 1142 1706 natura
1168 1671 1432 1717 quodammodo
1455 1683 1490 1705 se
1516 1671 1697 1717 descripsit
1719 1678 1834 1717 pater,

144 1736 178 1764 et
201 1729 470 1764 substantialiter
494 1730 677 1776 impressit.
707 1730 795 1763 Hinc
816 1730 909 1763 Iesus
931 1729 1041 1764 aiebat
1061 1730 1090 1763 ἐ
1112 1730 1171 1775 qui
1195 1729 1282 1763 vidit
1304 1741 1377 1768 me,
1400 1729 1488 1762 vidit
1510 1735 1657 1775 patrem.

306 1804 370 1828 Deo
387 1806 493 1828 autem
509 1806 647 1835 gratius,
663 1806 718 1831 qui
734 1811 854 1832 semper
871 1806 1047 1832 triumphat
1066 1811 1121 1827 nos
1137 1806 1171 1827 in
1188 1804 1330 1833 Clu-isto,
1345 1806 1376 1828 et
1392 1805 1517 1828 odorem
1533 1805 1668 1828 notitiae

625 1856 699 1873 suae
715 1850 900 1873 manifestat
916 1857 972 1877 per
990 1856 1044 1872 nos
1061 1850 1095 1872 in
1113 1850 1199 1872 omni
1215 1849 1293 1872 loco.

245 1906 347 1939 Sicuti
375 1907 466 1939 enim
493 1916 558 1951 pro
588 1904 689 1939 nobis
714 1905 838 1939 ductus
869 1904 930 1938 fuit
962 1905 1226 1950 quodammodo
1254 1905 1289 1938 in
1320 1905 1536 1950 triumphum
1567 1905 1740 1945 Christus,
1768 1918 1840 1951 quo

149 1969 304 2009 tempore
323 1974 426 2009 super
447 1963 541 2008 ligno
560 1974 679 1996 necem
698 1962 858 2008 pertulit,
876 1969 909 1996 et
926 1963 1135 1997 cruciatibus
1153 1963 1217 1996 fuit
1235 1970 1510 2002 consummatus,
1528 1964 1574 1998 sic
1590 1970 1621 1997 et
1640 1964 1703 2009 ipsi
1722 1964 1840 1997 trium-

149 2020 248 2067 phari
274 2032 309 2054 se
336 2022 429 2054 aiunt
454 2021 578 2054 Christi
605 2032 722 2059 causa,
744 2020 830 2054 dum
853 2020 982 2066 ubique
1007 2022 1243 2060 innotescunt,
1265 2027 1298 2055 et
1323 2021 1571 2055 tentationibus
1590 2020 1838 2059 inclarescunt,

149 2077 389 2123 mundumque
415 2078 577 2116 vincunt,
603 2079 683 2124 quia
711 2079 827 2112 omnia
854 2079 988 2124 perpeti
1016 2080 1124 2123 parati
1151 2085 1251 2117 sunt,
1276 2085 1308 2112 et
1336 2078 1475 2123 quidem
1505 2078 1748 2115 libentissime,
1776 2090 1840 2124 pro

150 2135 274 2169 Christi
301 2136 452 2169 nomine.
482 2137 565 2169 Sunt
591 2137 703 2174 enim,
725 2142 804 2170 suut
823 2136 958 2181 utique,
982 2137 1181 2182 passionum
1203 2137 1276 2170 eius
1302 2137 1503 2182 participes,
1525 2143 1557 2170 et
1582 2137 1785 2170 revelandae
1807 2137 1840 2169 in

249 2221 284 2250 (1)
304 2219 437 2253 Legatur.
458 2219 479 2245 si
499 2218 589 2251 lubet.
611 2218 686 2245 Hier.
703 2219 820 2252 Donati,
841 2219 974 2246 senatoris
989 2220 1078 2246 veneti
1098 2219 1265 2252 doctissimi,
1286 2222 1419 2246 tractatus
1438 2219 1472 2246 de
1491 2219 1609 2254 Spiritus
1627 2219 1714 2246 sant-ti
1734 2226 1840 2253 proces-

152 2262 230 2289 sione
248 2261 339 2296 (apud
362 2270 412 2290 nos
433 2263 532 2297 Script.
553 2267 604 2290 vet.
625 2264 657 2289 T.
681 2264 759 2294 vlt)
779 2263 826 2298 qui
847 2263 895 2290 lib.
917 2264 963 2290 IV.
985 2271 1063 2298 capp.
1084 2266 1110 2290 8.
1131 2266 1157 2290 9.
1181 2267 1221 2289 10.
1243 2263 1463 2298 ingeniosissime
1484 2263 1601 2298 Spiritus
1623 2263 1710 2290 sancti
1733 2270 1841 2297 proees-

153 2305 259 2332 sionem
281 2306 361 2333 etiam
384 2314 398 2333 a
418 2306 473 2333 filio
495 2306 665 2334 demonstrat
686 2315 717 2334 ex
737 2307 859 2334 eiusdem
883 2307 1012 2335 missione
1034 2316 1081 2343 per
1100 2307 1188 2335 filium
1209 2307 1243 2334 ad
1265 2312 1414 2336 creaturas.
1437 2308 1513 2335 Idem
1533 2308 1588 2335 fere
1607 2307 1714 2334 brevius
1735 2307 1839 2334 dixerat

154 2350 181 2376 S.
203 2350 326 2377 Hilarius
345 2350 378 2377 de
398 2351 474 2378 Trin.
495 2352 569 2378 Vlll.
591 2355 639 2385 20,
660 2356 692 2379 ut
712 2356 783 2379 certe
805 2352 922 2379 refertur
942 2353 1002 2379 eius
1023 2356 1113 2379 textus
1134 2353 1163 2380 in
1186 2353 1275 2388 primo
1295 2356 1383 2380 vetere
1403 2353 1536 2388 opusculo
1558 2352 1591 2379 de
1610 2354 1655 2387 Sp.
1677 2352 1704 2378 S.
1726 2360 1739 2378 a
1762 2352 1841 2379 nobis

154 2394 227 2422 edito
243 2398 310 2421 toni.
331 2394 376 2421 cit.
398 2403 423 2430 p.
444 2398 505 2422 248.
525 2398 652 2430 Spiritus
670 2399 786 2423 sanctus
809 2399 917 2432 accipit
937 2406 954 2423 (ι
967 2397 1048 2432 filio,
1069 2399 1118 2432 qui
1139 2400 1167 2424 e!
1187 2398 1223 2424 ab
1244 2406 1274 2423 eo
1295 2399 1437 2431 mirmur,
1458 2400 1485 2423 et
1503 2407 1519 2424 a
1536 2399 1624 2432 patre
1642 2397 1784 2431 procedit.
1806 2399 1844 2423 Et

155 2440 300 2474 interram»
320 2441 413 2465 atrum
435 2439 465 2465 ill
484 2441 572 2474 ipsum
589 2442 627 2467 sit
643 2449 662 2468 α
673 2441 740 2476 filio
758 2443 903 2476 accipere,
919 2442 994 2476 qaod
1011 2443 1050 2468 sit
1065 2451 1084 2469 α
1097 2444 1186 2477 patre
1201 2442 1377 2477 pror-edere?
1398 2444 1481 2469 Certe
1499 2443 1529 2468 id
1548 2444 1636 2476 Ipsina
1657 2443 1741 2475 atque
1758 2449 1842 2467 annm

155 2491 212 2510 csse
229 2483 443 2509 e.re'st1'7›iabitzcr
462 2492 479 2510 a
491 2484 557 2518 fillo
576 2487 722 2520 accipere,
742 2486 817 2520 quod
838 2488 876 2512 sit
889 2486 1048 2521 procedere
1066 2495 1084 2513 a
1099 2489 1198 2521 patre.
1220 2487 1365 2522 Perspicue
1385 2487 1467 2513 etiarn
1487 2494 1604 2517 maenus
1621 2485 1794 2518 Augustinus
1813 2486 1842 2512 in

156 2527 203 2553 illa
224 2527 323 2554 celebri
341 2535 391 2554 sua
409 2528 570 2555 auctoritate
589 2532 668 2555 tract.
683 2530 784 2557 XCIX.
803 2530 831 2556 in
850 2530 909 2557 loli.
925 2532 1052 2565 Spiritus
1069 2533 1184 2557 sanctus
1202 2539 1257 2557 nou
1274 2531 1363 2557 solum
1384 2531 1420 2557 (le
1434 2532 1521 2565 patre
1536 2530 1667 2564 prm-ccli!
1688 2531 1716 2555 in
1729 2529 1842 2563 filiam,

156 2573 184 2598 el
205 2572 240 2598 (le
254 2571 320 2606 filio
335 2571 470 2607 procedit
490 2572 530 2598 ad
550 2573 789 2607 sanctificandam
811 2577 993 2607 creaturam,
1013 2576 1063 2601 sed
1084 2576 1170 2602 simul
1191 2576 1226 2602 (Ie
1247 2578 1367 2610 utroque
1386 2575 1536 2610 procedit:
1556 2576 1685 2609 quamtis
1710 2574 1761 2600 lm<-
1777 2574 1844 2609 filio

154 2617 242 2650 pater
263 2616 389 2648 dederit,
411 2618 441 2642 nt
458 2616 695 2650 quemadmodum
716 2618 751 2644 cle
770 2626 813 2652 se,
834 2621 875 2645 itu
897 2628 1006 2654 quoque
1026 2620 1061 2646 (Ie
1081 2619 1131 2645 illo
1147 2620 1299 2654 procedat.
1322 2620 1360 2646 lta
1384 2627 1412 2646 se
1432 2619 1533 2654 optime
1555 2618 1635 2645 habet
1655 2619 1731 2645 lorus
1753 2620 1781 2645 in
1801 2627 1843 2645 se-

156 2660 249 2687 cundo
270 2665 357 2688 vetere
378 2661 510 2696 opusculo
534 2670 548 2688 a
571 2661 650 2689 nobis
673 2662 737 2689 item
758 2663 830 2690 edito
853 2668 918 2691 tom.
940 2666 986 2692 cit.
1008 2674 1033 2700 p.
1056 2668 1116 2692 255.
1139 2667 1175 2690 At
1194 2665 1222 2691 iu
1246 2665 1371 2691 maurina
1392 2664 1541 2697 Augustini
1564 2663 1683 2690 editione
1703 2671 1843 2698 perperam

157 2705 233 2733 deest
251 2706 335 2733 dictio
353 2706 460 2739 sollum
479 2706 517 2733 ibi
536 2706 744 2741 eniin‘legitur:
765 2710 891 2743 Spiritus
909 2712 1025 2736 sanctus
1043 2719 1096 2737 non
1115 2710 1150 2736 cle
1164 2711 1253 2744 patre
1265 2709 1399 2743 procedit
1414 2710 1443 2734 in
1459 2708 1567 2743 fllium.
1589 2710 1663 2735 Haec
1680 2708 1762 2742 paulo
1780 2708 1845 2735 ube·

158 2750 215 2778 rius
234 2750 268 2778 ad
284 2750 380 2786 Cyrilli
400 2750 491 2777 locuni
512 2750 628 2778 libenter
645 2751 786 2785 adnotavi,
807 2753 870 2788 quia
890 2754 1060 2788 exploratum
1081 2758 1136 2786 est,
1157 2753 1290 2788 (Iyrilluiu
1311 2752 1462 2787 principem
1482 2752 1536 2779 fere
1557 2753 1628 2779 inter
1646 2757 1746 2779 veteres
1766 2761 1842 2787 grae-

158 2803 204 2822 cos
221 2795 321 2831 dogma
340 2796 391 2823 hoc
408 2795 441 2823 de
460 2796 632 2831 processione
650 2796 684 2823 ab
703 2801 818 2832 utroque
838 2798 989 2833 theologice
1006 2799 1176 2834 exposuisse,
1196 2802 1227 2824 ut
1245 2797 1406 2832 diligenter,
1428 2796 1540 2832 prolatis
1559 2797 1618 2825 eius
1637 2797 1738 2829 verbis,
1753 2805 1845 2824 narra*

159 2843 205 2867 tur
226 2840 254 2867 in
273 2839 463 2868 damaseenica
484 2841 570 2877 prima
592 2841 718 2877 Lequinii
739 2841 942 2871 dissei-tatione.

1714 2899 1730 2924 8

1851 234 1905 255 er.
1923 235 1938 255 l.
1960 239 1990 255 ιι4

1864 523 1959 569 ΤΜιιιιΙι
1985 523 2044 545 ΧΠ.

1879 560 1894 570 s.

1871 1228 1878 1237 ⁸
1895 1226 1944 1247 (jul.
1961 1226 1998 1246 lv,
2017 1229 2038 1246 12⁴

1874 1512 1912 1532 Gr.
1927 1519 1948 1538 μ.
1965 1515 1998 1533 87.

1824 1569 1832 1589 :
1873 1576 1882 1584 ⁶
1899 1575 1948 1595 1011.
1965 1575 2002 1596 ιιι,
2019 1579 2044 1595 .ιό

1870 1745 1875 1752 ’
1895 1743 1943 1763 loli?
1964 1742 2022 1763 Ml,
2042 1747 2061 1762 ι»,

1866 1811 1921 1831 Cir,
1945 1810 1971 1830 ll.
1992 1813 2022 1831 13.
