2205 3177
372 169 439 202 250
876 174 903 196 S.
933 173 1059 196 evium]
1086 173 1306 194 ALExANnmxi
1334 171 1537 193 EerANATm

374 245 493 276 tinent.
523 238 753 280 Quamobrem
782 250 851 270 non
878 239 1002 270 intrant
1031 238 1063 269 in
1091 237 1252 270 iustitiam
1279 248 1339 281 per
1361 237 1432 268 lesu
1453 235 1573 267 Christi
1602 234 1726 271 iidem,
1750 240 1850 278 atque
1878 247 1893 268 a
1921 234 2047 277 gaudio

377 300 470 332 iustis
497 303 615 342 parato
642 296 742 339 longe
768 293 1078 327 subnim'elnintnr.

683 360 855 382 noh-nnun·
871 360 908 381 de
928 359 1010 381 lun-o
1028 359 1210 385 viventium,
1227 360 1257 380 et
1274 364 1343 380 cum
1360 357 1451 379 tusus
1468 363 1528 379 non
1546 357 1736 379 scribantur.

470 410 713 447 Crucifixores,
735 410 795 442 etsi
816 409 916 454 primi
937 415 1079 453 propter
1105 408 1258 453 ipsorum
1278 407 1367 452 apud
1389 408 1496 440 Deuin
1518 407 1668 439 viventes
1688 406 1925 451 progenitores
1945 407 1978 439 in
1997 406 2047 439 al-

375 469 457 501 buni
479 469 573 500 relati
597 468 727 500 fuerant
741 492 748 501 .
770 472 800 499 et
823 466 1089 510 promissionum
1108 463 1312 498 beneficium
1333 469 1551 508 acceperant.
1575 469 1721 496 attamen
1743 468 1820 507 post
1847 469 1976 495 tantum
1999 462 2047 496 sa-

374 527 484 559 cinns.
506 526 578 557 iure
598 525 788 568 meritoque
807 522 1031 557 delebuntur.
1055 534 1164 567 neque
1184 521 1274 566 apud
1295 522 1403 554 Deum
1424 520 1684 554 conscribentur
1703 532 1779 553 cum
1799 520 1914 553 electis
1934 521 2045 558 iustis,

318 599 326 602 -
375 590 404 615 et
434 581 524 627 apud
544 593 622 615 euin
642 581 756 613 xixeiv
775 580 907 623 dignis:
930 580 1008 623 quia
1037 590 1158 624 neinpc
1180 579 1267 611 xitae
1291 578 1476 622 salutisque
1503 584 1675 610 auctorem
1697 578 1934 622 repudiarunt.
1964 579 2048 611 Nam

211 2104 250 2123 (rr.
266 2109 286 2129 ρ,
303 2108 348 2123 aas.

375 651 461 683 qnae
489 638 691 683 imperativo
718 636 823 669 modo
850 636 924 669 heic
950 636 1132 671 dicuntur.
1161 646 1198 668 ca
1227 635 1437 679 praedictixo
1463 635 1577 679 potius
1607 640 1743 678 oportet
1769 634 1959 679 intelligere
1987 634 2046 679 (l)

377 697 468 727 Vitas·
501 707 582 727 xero
614 694 720 731 liber,
747 695 817 738 ipsa
845 694 902 726 Dei
935 693 1099 725 memoria
1126 699 1157 724 et
1184 692 1321 725 scientia
1353 698 1414 724 est.
1445 690 1494 724 lbi
1526 702 1630 735 opera
1660 691 1807 724 humana
1839 690 2046 724 scribuntur.

377 754 495 786 Beatus
522 753 642 796 igitur.
667 752 724 796 qni
753 752 784 783 in
813 762 959 796 superna
986 749 1197 782 Hierusalem
1224 748 1324 782 scribi
1352 749 1494 781 meritus
1519 748 1586 781 est!

716 816 842 842 Pauper
858 822 893 837 ac
910 815 1017 837 dolens
1032 821 1088 842 ego
1105 821 1187 836 sum:
1205 814 1289 836 nulus
1307 816 1377 840 tua,
1394 813 1492 839 neus,
1508 819 1555 835 me
1572 813 1715 840 suscepit.

471 866 580 899 Verba
604 877 731 911 pauper
750 865 941 908 dolensque
960 875 1053 899 suni.
1074 875 1113 896 ex
1135 875 1280 908 persona
1299 864 1405 908 captix
1414 874 1514 895 orum
1533 862 1639 899 dicta,
1659 862 1725 895 lioc
1744 861 1953 907 significant:
1974 873 2051 895 cum

377 936 431 957 ine
459 936 612 969 pressum
640 923 773 955 miseria
800 933 976 957 cerneres,
1000 927 1030 954 et
1053 921 1169 954 multis
1196 927 1352 954 xexatum
1380 918 1578 957 doloribus,
1601 931 1668 964 ope
1688 925 1743 952 tua
1764 919 1913 953 salvifica
1933 919 2053 964 digna-

379 988 431 1015 tus
456 994 503 1014 es.
535 983 642 1014 lnnno
669 986 699 1012 et
728 980 798 1024 ipse
825 980 990 1012 Dominus
1018 979 1062 1011 ait
1087 989 1122 1011 se
1149 990 1335 1024 pauperem
1361 989 1452 1015 esse,
1479 983 1647 1022 quatenus
1672 988 1706 1009 se
1734 977 1844 1022 ipsum
1871 977 2051 1010 exinanivit

378 1039 622 1082 hominemque
649 1038 743 1071 fecit:
768 1036 944 1069 dolentem
971 1041 1103 1072 autem,
1126 1041 1295 1080 quatenus
1321 1045 1458 1068 crucem
1485 1034 1622 1079 pertulit
1650 1040 1680 1067 et
1709 1033 1852 1067 inflictas
1878 1045 1895 1067 a
1922 1033 2054 1067 ludaeis

379 1096 512 1141 plagas:
536 1095 684 1139 dicitque
714 1094 821 1139 patri:
845 1093 991 1126 salutare
1010 1092 1173 1126 auxilium
1194 1098 1310 1129 tuum,
1333 1103 1354 1125 o
1373 1093 1483 1127 Deus,
1506 1103 1561 1124 me
1579 1092 1738 1136 suscepit.
1760 1091 1883 1135 Utique
1903 1091 2055 1124 humano

379 1153 411 1186 id
439 1164 576 1197 quoqne
604 1164 699 1184 more
725 1151 829 1188 dicit,
853 1157 886 1183 et
912 1149 1040 1194 ubique
1066 1149 1329 1194 dispensationis.
1356 1149 1524 1181 rationein
1552 1155 1681 1181 serxat:
1708 1160 1853 1193 namque
1880 1147 2055 1181 hominem

379 1210 503 1243 factum
521 1236 528 1244 .
557 1209 621 1242 dici
649 1209 750 1242 etiam
778 1206 959 1253 oportebat
987 1218 1004 1239 a
1032 1213 1128 1251 patre
1153 1206 1364 1239 suscitatum.
1394 1206 1480 1238 Hinc
1507 1205 1574 1238 iam
1599 1205 1834 1250 evangelicum
1864 1205 2054 1238 institutum

380 1267 613 1313 praedicatur,
635 1266 730 1299 cuius
756 1266 891 1298 initium
918 1264 993 1297 facit
1023 1265 1093 1297 Deo
1119 1263 1275 1296 addictus
1300 1262 1446 1300 chorus,
1468 1263 1590 1307 spiritu
1618 1273 1766 1307 pauper,
1787 1263 1846 1307 qui
1868 1261 2057 1307 ingreditur

379 1336 502 1358 canens
528 1323 641 1357 datam
668 1322 730 1355 sibi
751 1322 794 1356 ab
814 1322 996 1367 Unigenito
1022 1321 1180 1354 salutem.
1210 1320 1376 1353 Indicitur
1402 1326 1515 1353 autem
1541 1331 1584 1352 ne
1610 1325 1749 1352 cruenta
1768 1316 1930 1364 deinceps
1954 1320 2058 1352 sacri-

382 1382 456 1415 ficia
483 1380 584 1418 fiant,
610 1380 666 1413 sed
696 1379 866 1413 laudativa
894 1379 1008 1424 potius
1034 1384 1067 1411 et
1092 1377 1268 1423 spiritalia.
1299 1375 1532 1416 Quamobrem
1559 1375 1672 1409 dicere
1699 1376 1827 1421 pergit:

887 1444 1037 1466 Laudabo
1055 1449 1165 1465 nomen
1185 1442 1242 1464 {lei
1259 1443 1319 1464 mei
1336 1448 1405 1464 cum
1421 1442 1551 1464 cantico.

475 1495 596 1528 Merito
622 1493 781 1527 deflenda
807 1499 857 1526 est
884 1492 1091 1526 ludaeorum
1118 1491 1286 1535 nequitia,
1311 1491 1370 1535 qui
1397 1489 1514 1534 legalis
1540 1489 1651 1523 cultus
1676 1488 1854 1523 infantiam
1873 1489 2060 1523 noluerunt

380 1563 604 1597 cognoscere:
624 1561 833 1595 quamquam
861 1549 901 1587 ii,
922 1549 981 1594 qui
1007 1547 1184 1592 Babylone
1210 1553 1307 1580 erant
1333 1547 1476 1592 captivi,
1499 1545 1700 1579 laudaturos
1719 1558 1754 1579 se
1772 1547 1881 1579 Deum
1909 1551 1986 1591 post
2004 1557 2061 1579 re-

382 1609 492 1643 ditum
519 1607 722 1654 spondeant.

839 1673 984 1695 Placebit
1000 1672 1065 1695 Deo
1082 1671 1198 1701 magis,
1214 1677 1308 1698 quam
1324 1669 1464 1693 novellus
1480 1669 1608 1692 vitulus.

483 1722 517 1755 ld
545 1729 594 1755 est
615 1723 734 1755 trimus
760 1734 796 1756 ac
823 1722 1014 1767 perfectus;
1039 1721 1121 1754 tales
1140 1721 1230 1754 enim
1251 1732 1268 1754 a
1287 1720 1362 1764 lege
1380 1718 1640 1764 imperabantur
1659 1718 1801 1752 hostiae.
1829 1739 1852 1744 -
1878 1718 2061 1752 Sciendum

386 1785 450 1815 est,
475 1780 662 1812 masculum
681 1779 827 1812 xitulum
846 1779 1017 1812 immolari
1039 1778 1197 1815 solitum,
1218 1789 1325 1822 quum
1345 1787 1517 1821 synagoga
1538 1782 1725 1821 peccasset;
1746 1782 1779 1809 et
1797 1776 1877 1809 item
1897 1787 1961 1821 pro
1981 1787 2061 1821 pon-

386 1836 486 1869 tifice.
516 1836 601 1876 Quia
626 1847 708 1879 ergo
735 1834 914 1881 pontifices
939 1841 973 1869 et
999 1836 1171 1880 principes
1197 1834 1394 1879 congregati
1420 1839 1497 1866 sunt
1525 1832 1687 1866 adversus
1712 1833 1902 1872 Christum,
1922 1839 1951 1867 et
1979 1832 2062 1866 sub-

386 1893 475 1927 ditos
500 1905 639 1938 quoque
666 1893 728 1926 sibi
755 1894 903 1938 populos
930 1900 1047 1926 contra
1074 1892 1223 1926 eundem
1250 1892 1484 1929 concitarunt,
1505 1897 1537 1924 et
1564 1892 1691 1936 peccati
1718 1902 1838 1924 eorum
1864 1901 1962 1925 causa
1989 1890 2063 1924 fue-

387 1956 462 1983 runt
475 1976 482 1987 ,
506 1950 651 1994 ideoque
671 1951 770 1995 legali
794 1951 997 1995 purgatione
1018 1949 1215 1995 indigebant
1228 1975 1235 1985 ,
1259 1948 1351 1982 hand
1371 1947 1600 1985 materialem,
1622 1948 1749 1993 inquit,
1769 1959 1833 1992 ego
1852 1947 1999 1981 vitulum
2017 1948 2064 1980 os—

387 2007 477 2043 svm.
500 2007 559 2039 sed
586 2019 709 2052 parum
737 2008 1023 2052 inci-uentumque
1049 2006 1274 2043 sacrificium,
1297 2005 1390 2050 quod
1418 2006 1453 2038 in
1480 2003 1619 2038 ecclesia
1646 2016 1719 2038 mea
1746 2005 1917 2037 constitui.

947 2073 1085 2095 vineant
1101 2078 1267 2099 pauperes,
1283 2073 1315 2093 et
1332 2071 1502 2093 laetentur.

485 2123 584 2155 Aiunt
614 2123 758 2167 apostoli
779 2122 823 2155 (le
843 2124 881 2155 iis
899 2124 957 2167 qui
978 2123 1132 2167 ipsorum
1159 2124 1263 2167 opera
1284 2120 1418 2154 Christo
1438 2119 1677 2158 crediderunt,
1701 2119 1774 2153 fore
1795 2125 1830 2152 ut
1850 2119 1902 2152 his
1921 2120 2064 2164 cognitis

388 2179 508 2215 rebus.
532 2192 698 2225 pauperes
724 2182 844 2225 spiritu
871 2180 1053 2225 gaudeant.

861 2245 1005 2268 Laudent
1022 2244 1114 2267 illum
1130 2244 1211 2266 caeli
1229 2246 1260 2266 et
1278 2246 1363 2266 merra
1380 2250 1415 2266 ac
1432 2249 1518 2266 mare
1532 2243 1591 2266 ete..

483 2296 699 2333 L'nixersam,
721 2296 849 2340 inquit.
873 2295 972 2328 simul
994 2300 1203 2332 creaturam,
1226 2295 1365 2339 ipsaque
1384 2293 1570 2331 elementa,
1593 2292 1635 2326 ad
1656 2292 1827 2326 canendos
1846 2292 1885 2337 h>
1895 2303 1994 2326 mnos
2012 2293 2063 2325 in-

388 2352 474 2385 vito:
492 2363 558 2385 una
577 2353 704 2397 quippe
724 2352 847 2385 divinis
867 2363 936 2385 non
954 2352 1078 2385 sufficit
1096 2351 1295 2384 enarrandis
1314 2351 1430 2395 lingua
1451 2349 1637 2383 beneficiis.
1655 2349 1809 2383 Laudant
1828 2355 1940 2383 autem
1956 2350 2065 2383 Deum

390 2419 556 2453 supernae
576 2409 780 2441 incessanter
806 2414 987 2453 potestates
1005 2407 1053 2441 ob
1074 2414 1308 2452 recuperatam
1329 2407 1370 2440 ab
1391 2407 1551 2440 universo
1570 2405 1656 2440 orbe
1675 2405 1882 2440 libertatem.
1910 2407 2066 2451 Namque

393 2465 424 2497 id
451 2477 589 2510 quoque
617 2465 747 2499 bonnm
774 2466 939 2511 praestitit
966 2465 1153 2498 Ser-tatoris
1183 2464 1371 2502 amentiis,
1400 2464 1494 2508 quod
1521 2469 1699 2497 terrestres
1725 2464 1881 2498 homines
1909 2464 2067 2509 supernis

394 2522 568 2567 <piritibus
594 2524 765 2568 copulavit
779 2549 786 2559 ,
809 2529 844 2556 ut
865 2534 930 2556 una
950 2522 1138 2567 eademque
1159 2520 1216 2554 fiat
1235 2521 1278 2555 ab
1297 2520 1459 2554 omnibus
1477 2521 1646 2554 adoratio.
1675 2520 1776 2560 Quod
1798 2521 1824 2553 si
1845 2520 2005 2554 caelestes
2023 2520 2067 2554 de

393 2579 572 2613 hominurn
598 2580 706 2613 salute
732 2580 920 2616 laetantur.
943 2580 1054 2613 multo
1078 2580 1185 2623 magis
1211 2579 1269 2623 qui
1296 2579 1330 2611 in
1357 2585 1445 2611 terra
1473 2578 1592 2612 salxati
1611 2585 1706 2615 sunt.
1729 2578 1939 2611 Salvator-cm
1966 2589 2065 2611 suum

396 2635 594 2669 laudabunt.
627 2637 706 2670 {deo
733 2637 888 2670 additum
913 2643 961 2670 est
989 2651 1003 2666 «
1027 2642 1059 2669 et
1086 2642 1173 2669 terra
1198 2650 1212 2666 »
1239 2642 1274 2668 ut
1301 2635 1410 2667 dicat:
1433 2641 1553 2668 cuncta
1580 2635 1679 2668 illum
1705 2645 1851 2680 superna
1877 2640 1908 2668 et
1936 2634 2065 2667 inferna

396 2692 645 2727 concelebrent.
674 2695 765 2727 Mare
790 2694 892 2727 etiam
916 2693 1022 2731 dixit,
1044 2693 1123 2738 quia
1151 2692 1303 2725 futurum
1329 2698 1401 2725 erat
1421 2698 1458 2725 ut
1476 2691 1667 2725 insularum
1692 2702 1831 2736 quoque
1857 2690 1989 2724 incolae
2014 2701 2066 2723 sa-

397 2749 505 2781 lutare
533 2751 588 2782 Dei
617 2752 818 2795 reciperent.

495 2821 528 2848 (1,
548 2819 685 2846 Consonat
702 2819 820 2854 cyrillus
839 2819 918 2846 <lictis
937 2819 993 2846 suis
1013 2828 1037 2853 p.
1060 2819 1106 2846 lat.
1127 2822 1187 2846 2:32.
1208 2818 1252 2845 Sic
1271 2817 1392 2853 loquitur
1410 2818 1492 2844 etiam
1512 2817 1627 2845 Pliotius
1646 2817 1813 2852 amphiloch.
1834 2820 1940 2852 quaest.
1961 2815 2063 2843 CCLX.
