2205 3177
207 347 213 353 ·
233 344 295 365 Rom.
313 343 339 363 xl
366 345 396 361 xz.

269 1142 305 1159 m.
320 1145 342 1165 ρ,
358 1142 403 1160 7123.

239 1653 246 1660 '
262 1652 315 1670 sant
343 1650 357 1669 Υ
383 1654 401 1669 κ’.

212 2166 222 2174 “
239 2165 257 2184 1²
282 2165 361 2185 xxxtt
387 2168 402 2185 Ι.

269 2562 320 2582 -rs
347 2564 361 2583 x
387 2569 405 2582 -ι,

267 2617 275 2624 “
294 2615 328 2635 Ps.
345 2615 370 2634 V,
386 2618 396 2634 7

271 2641 309 2661 Gr.
323 2648 345 2667 p.
361 2645 405 2661 uzi.

247 2677 255 2684 ³
272 2675 300 2695 ts.
316 2675 371 2696 LXI.
388 2678 406 2694 ἢ.

435 199 503 231 202
940 206 966 226 s.
996 205 1121 226 CYRtLLl
1149 205 1367 227 ALEXANmuNt
1394 204 1598 227 ExPLANATio

937 271 976 293 Et
993 271 1121 293 deducet
1139 273 1169 293 n*
1186 272 1378 294 mirabiliter
1394 272 1520 294 ‹texum-n
1539 274 1603 294 um.

534 329 634 361 Divus
660 325 783 359 Paulus
810 327 930 358 mentis
957 337 1035 358 suae
1061 325 1199 358 oculum
1219 326 1252 358 in
1273 337 1326 359 res
1345 325 1475 359 dix-inas
1500 326 1696 360 intendens.
1718 337 1739 359 o
1758 326 1919 364 altitudo.
1942 328 2050 372 inquit
2071 329 2099 364 ⁹.

435 386 629 419 dixitiarum
657 389 687 416 et
715 383 899 428 sapientiae
919 394 955 415 ae
974 383 1131 415 scientiae
1150 383 1226 415 Dei!
1251 394 1353 427 quam
1379 382 1609 416 inscrutabilia
1636 389 1711 415 sunt
1738 383 1860 417 iudicia
1887 385 1978 422 eius,
2000 391 2031 418 ct
2052 387 2103 418 in-

437 440 649 484 vestigabiles
667 440 741 472 viae
760 439 846 471 eiust
867 439 948 479 Quis
974 439 1063 471 enim
1092 440 1250 483 cognovit
1271 446 1419 472 mentem
1440 440 1600 472 Domini?
1620 446 1676 472 aut
1701 440 1777 484 quis
1804 441 2017 475 consiliarius
2036 443 2108 475 eius

437 499 526 531 suit?
553 497 642 530 Nihil
671 498 761 529 euim
781 497 809 529 ei
832 508 972 541 prorsus
997 496 1089 529 deest
1105 523 1112 533 ,
1133 498 1318 541 quominus
1344 498 1414 529 sine
1441 496 1547 529 dubio
1574 502 1732 541 recteque
1757 508 1844 541 quae
1869 504 1945 530 sunt
1969 499 2109 532 ads-eclis-

439 556 506 589 suis
533 554 626 587 utilia
657 553 849 599 perxideat.
879 554 922 586 ita
949 559 985 586 ut
1012 554 1082 598 ipse
1111 552 1245 587 sibimet
1272 554 1341 587 dux
1367 555 1400 586 in
1427 555 1519 586 omni
1549 566 1583 586 re
1610 553 1739 597 agenda
1770 554 1823 586 sit.
1853 555 1950 588 Solus
1979 557 2107 601 qnippe

443 619 559 646 cuncta
582 613 693 646 novit.
716 617 744 644 et
767 611 823 644 lux
844 622 920 643 cum
939 622 980 643 eo
1000 617 1067 645 est,
1091 617 1191 655 atque
1211 611 1244 644 in
1263 622 1304 644 eo
1323 617 1399 644 sunt
1420 623 1539 644 omnes
1559 611 1723 644 reconditi
1744 613 1927 656 sapientiae.
1946 624 1984 645 ac
2001 614 2110 646 scien-

444 671 507 702 tiae
528 669 687 702 thesauri.
717 668 804 708 Quid
825 680 907 712 ergo
926 668 1060 701 Christo
1080 669 1169 701 aiunt
1193 669 1319 701 sancti?
1339 668 1481 701 deducet
1503 674 1535 701 te
1555 667 1756 701 mirabiliter
1774 668 1910 702 dextera
1935 676 2002 702 tua.
2024 671 2109 703 Nam

444 725 504 759 tibi
524 737 610 770 quae
630 731 705 758 sunt
734 732 809 770 apta
836 725 1033 758 mortalium
1053 725 1151 758 saluti
1179 725 1423 761 consideranti,
1446 736 1545 757 nemo
1572 732 1746 762 nostrum,
1769 737 1870 759 nemo
1896 727 1975 759 item
2001 727 2110 761 caele-

441 784 562 818 stium,
585 783 795 815 consiliarius
821 783 902 815 erit:
927 782 1004 814 huic
1024 783 1112 814 enim
1134 782 1181 814 rei
1202 782 1272 815 sola
1292 782 1432 814 sufficiet
1454 781 1590 815 dextera
1618 789 1686 815 tua.
1716 784 1833 828 Neque
1856 794 1938 816 vero
1957 783 2008 817 his
2033 795 2109 817 ver-

442 840 494 874 bis
520 840 693 874 diversum
719 840 800 885 quid
828 850 899 872 esse
925 839 967 872 ab
993 852 1034 871 eo
1060 839 1175 872 dicunt
1203 839 1377 872 dexteram
1403 840 1474 872 eius
1500 852 1559 872 seu
1588 841 1792 884 potentiam.
1821 840 1879 873 sed
1906 840 1988 873 dum
2015 841 2106 874 aiunt

445 913 459 928 «
483 898 619 931 dextera
647 903 721 931 tua,
748 912 761 927 »
785 897 854 929 sive
881 896 1150 939 magnificentia,
1174 896 1256 929 nihil
1284 896 1457 929 diversum
1484 895 1527 928 ab
1546 908 1586 929 eo
1606 897 1747 940 intelligi
1775 903 1923 942 oportet.
1953 898 2005 931 Sic
2026 909 2110 943 ergo

441 956 501 988 etsi
529 954 665 988 dextera
687 961 762 991 tua,
785 954 819 987 id
845 960 893 986 est
921 954 1088 998 potentia,
1110 952 1211 986 abiis
1237 953 1377 989 dicitur.
1399 954 1510 998 ipsum
1537 954 1647 986 solum
1675 965 1736 998 per
1763 954 1975 1000 periphrasin
2001 954 2109 988 deno—

443 1018 525 1045 tant.
548 1012 613 1044 Scit
633 1012 740 1047 enim,
763 1011 820 1043 seit
836 1036 843 1045 .
865 1011 977 1046 aiunt,
999 1010 1137 1042 dextera
1158 1016 1231 1047 tua,
1251 1009 1456 1054 quibusnam
1476 1009 1596 1043 debeat
1616 1010 1768 1054 gladium
1787 1011 1932 1048 inferrc;
1954 1011 2007 1044 vel
2027 1022 2109 1044 con—

440 1076 492 1102 tra
518 1080 604 1113 quos
630 1066 883 1100 ineluctabilem
911 1078 1024 1099 arcum
1053 1066 1246 1099 intendere:
1269 1066 1472 1111 quibusnam
1500 1067 1580 1099 item
1606 1073 1771 1112 congruat
1798 1079 1962 1113 prospere
1987 1079 2105 1112 agere,

441 1133 470 1160 et
499 1127 579 1171 iugo
606 1132 665 1158 tuo
691 1124 779 1158 colla
806 1123 992 1161 subiicere,
1018 1130 1053 1157 ut
1073 1130 1105 1157 te
1125 1135 1229 1157 unum
1248 1124 1474 1157 confiteantur
1494 1125 1601 1158 Deum
1627 1131 1657 1158 et
1686 1136 1820 1169 regem,
1843 1131 2049 1159 servatorem
2071 1137 2108 1159 ae

441 1183 708 1228 redemptorem.

567 1248 712 1276 Sagittae
730 1249 802 1270 tuae
818 1248 943 1273 acutae,
959 1253 976 1269 o
993 1248 1115 1273 potensz
1131 1246 1238 1274 populi
1256 1248 1312 1269 sub
1331 1249 1360 1269 te
1376 1248 1501 1273 caelen&
1518 1248 1551 1269 iu
1568 1248 1658 1270 corde
1675 1248 1873 1270 inimicorum
1889 1247 1982 1277 regia.

534 1297 657 1330 Nullus
684 1297 741 1329 Dei
768 1297 874 1330 hostis
901 1302 954 1329 aut
982 1296 1150 1342 superbus
1177 1296 1240 1329 sub
1265 1297 1337 1330 Deo
1365 1297 1527 1341 procidit,
1550 1297 1608 1330 sed
1635 1297 1683 1330 illi
1712 1297 1824 1342 potius
1843 1297 1900 1341 qui
1925 1307 1985 1341 per
2004 1295 2107 1329 fidem

440 1353 567 1387 subditi
593 1353 669 1386 facti
698 1359 787 1386 sunt.
817 1353 962 1398 Sagittae
981 1364 1064 1398 ergo
1083 1354 1248 1399 potentis,
1270 1353 1305 1387 id
1325 1359 1373 1387 est
1392 1354 1533 1387 Christi.
1556 1360 1633 1387 sunt
1659 1353 1817 1399 apostoli.
1848 1353 1977 1386 Inimici
1997 1358 2107 1386 autem

440 1412 547 1455 regis,
569 1410 603 1443 id
629 1417 676 1443 est
704 1411 764 1444 Dei
791 1411 913 1455 patris,
934 1411 1070 1443 Satanas
1095 1416 1126 1443 et
1153 1409 1299 1455 quilibet
1325 1410 1449 1444 divinis
1475 1411 1690 1456 dogmatibus
1709 1411 1939 1443 adversantes.
1968 1408 2110 1443 Confixo

440 1469 553 1513 itaque
579 1469 715 1505 Satana,
739 1467 989 1512 vulneratoque
1016 1467 1218 1512 spiritalium
1246 1468 1461 1501 inimicorum
1481 1468 1584 1502 corde
1610 1469 1757 1513 potentis
1783 1468 1930 1512 sagittis,
1953 1466 2110 1512 procide-

440 1531 519 1558 runt
545 1525 664 1571 populi
685 1525 727 1558 ad
746 1524 869 1558 Christi
890 1524 1011 1570 pedes.
1035 1531 1066 1558 et
1092 1525 1173 1569 iugo
1192 1525 1288 1567 regni
1306 1525 1378 1565 eius
1397 1524 1546 1558 subiecta
1573 1524 1659 1558 colla
1679 1524 1892 1558 obtulerunt.
1921 1525 2007 1557 Nam
2025 1524 2109 1557 sacri

441 1582 591 1627 magistri
618 1582 743 1615 feriunt
769 1581 909 1627 quidem
936 1588 1086 1615 errantes
1110 1593 1300 1626 verumque
1326 1582 1434 1615 Deum
1466 1583 1659 1626 ignorantes
1676 1607 1683 1619 ‚
1711 1593 1779 1623 non
1811 1587 1923 1614 tamen
1954 1591 2013 1614 eos
2041 1580 2111 1614 leto

441 1639 523 1673 dant
542 1639 601 1673 sed
620 1639 741 1673 Christi
769 1640 896 1674 amori,
919 1644 955 1672 ut
975 1638 1038 1672 sub
1057 1650 1098 1672 eo
1117 1639 1317 1677 concidant,
1340 1639 1543 1684 dicantque:
1567 1639 1743 1672 vulnerata
1771 1649 1886 1672 amore
1905 1649 1969 1683 ego
1988 1649 2064 1671 sum
2083 1637 2107 1670 '.

441 1696 548 1729 Viden
567 1697 751 1742 pulchrum
770 1696 851 1729 belli
871 1708 1080 1732 successum,
1098 1696 1238 1729 illorum
1258 1696 1384 1730 seilicet
1402 1697 1460 1741 qui
1480 1702 1576 1729 antea
1595 1695 1796 1729 resistebant
1816 1694 2110 1729 conciliationem?

441 1755 593 1799 Namque
620 1754 813 1788 huiusmodi
841 1766 957 1790 casus,
983 1755 1185 1787 ascensionis
1211 1755 1308 1799 origo
1334 1753 1373 1787 sit
1398 1761 1429 1787 et
1457 1755 1732 1787 instrumentum.

618 1818 762 1841 'rhu-onus
779 1821 866 1846 tuus,
884 1819 980 1846 neus,
997 1820 1030 1841 iu
1047 1819 1205 1841 saeculum
1222 1819 1352 1845 saeculi;
1369 1820 1459 1848 virga
1475 1819 1644 1845 aequitatis
1661 1819 1751 1847 virga
1769 1818 1859 1847 regni
1876 1818 1935 1840 tui.

537 1867 778 1900 Animadverte
805 1869 927 1912 igitur,
951 1867 1045 1912 quod
1066 1869 1174 1900 Deum
1194 1868 1343 1913 appellat
1363 1868 1461 1901 illum
1479 1869 1536 1912 qui
1557 1868 1760 1900 humanatus
1785 1872 1853 1904 est,
1875 1867 1974 1911 eique
1997 1866 2112 1899 celsis-

443 1925 564 1957 simum
592 1925 755 1958 thronum
780 1924 958 1958 a⁷ltribuit.
987 1925 1076 1958 Deus
1096 1925 1187 1958 enim
1213 1931 1285 1958 erat
1304 1926 1337 1958 in
1358 1926 1468 1970 specie
1494 1926 1642 1958 humana
1663 1925 1727 1969 (l),
1752 1935 1862 1968 neque
1885 1922 1931 1956 ob
1957 1923 2043 1956 hanc
2069 1922 2111 1955 ab

441 1993 499 2019 eo,
521 1981 614 2027 quod
640 1988 728 2019 erat,
753 1982 946 2017 exciderat:
970 1982 1028 2015 sed
1050 1983 1082 2015 in
1109 1993 1167 2015 sua
1187 1983 1301 2027 potius
1320 1982 1527 2015 sublimitate
1551 1981 1728 2019 manebat,
1753 1982 1884 2026 x‘irgam
1903 1982 2042 2026 insuper
2060 1991 2112 2013 re—
2135 1971 2137 1973 Ι

442 2039 614 2072 ctitudinis
639 2039 780 2072 habens.
801 2041 902 2085 Virga
929 2051 1028 2074 vero,
1052 2041 1145 2084 regni
1173 2051 1311 2085 quoque
1337 2039 1534 2084 symbolum
1560 2045 1626 2077 est;
1650 2050 1727 2071 nam
1754 2044 1873 2083 regnat
1891 2049 1968 2071 cum
1987 2038 2111 2071 iustitia

422 2091 425 2094 ’
441 2096 605 2129 Christus.
635 2097 681 2129 De
703 2097 766 2129 hoc
785 2103 815 2129 et
836 2097 878 2128 ‹le
897 2096 1098 2130 doctoribus
1117 2098 1242 2130 sanctis
1260 2097 1344 2129 dixit
1363 2097 1503 2141 quidam
1522 2103 1657 2130 sanctus
1676 2095 1841 2140 propheta
1863 2094 1894 2127 'z
1920 2108 1935 2125 «
1958 2106 2035 2128 ecce
2053 2105 2110 2127 rex

444 2154 550 2185 iustus
577 2153 746 2198 regnabit,
767 2160 799 2187 et
826 2154 996 2199 principes
1021 2165 1099 2187 cum
1126 2154 1251 2187 iudicio
1276 2153 1509 2199 imperabunt.
1534 2167 1550 2184 »
1574 2155 1688 2198 ltaque
1714 2164 1731 2185 a
1758 2158 1973 2185 terrenorum
1992 2162 2112 2196 regum

443 2209 599 2254 exemplo
625 2211 682 2254 qui
709 2216 839 2255 sceptra
865 2217 996 2255 gestare
1022 2211 1150 2248 solent,
1172 2222 1286 2244 sermo
1313 2210 1491 2256 figuratur.
1521 2210 1702 2243 Sciendum
1721 2215 1769 2242 est
1790 2215 1919 2246 autem,
1940 2209 2111 2242 Christum

442 2267 552 2312 ipsum
571 2278 670 2312 saepe
688 2267 818 2311 virgam
838 2268 1028 2313 nuncupari
1049 2269 1082 2300 in
1102 2267 1217 2301 divina
1236 2269 1416 2313 scriptura.
1437 2269 1522 2308 Quia
1542 2279 1624 2301 vero
1644 2267 1769 2300 mixtus
1787 2277 1900 2299 sermo
1917 2265 1960 2298 de
1979 2265 2113 2300 Christo

441 2335 512 2357 esse
537 2324 643 2362 solet,
673 2330 814 2369 propter
839 2324 989 2357 divinam
1017 2336 1139 2369 nempe
1166 2331 1343 2361 naturam,
1372 2331 1406 2357 et
1432 2325 1672 2358 incarnationis
1697 2323 2006 2368 dispensationem,
2034 2322 2113 2356 ideo

443 2392 558 2414 rursus
584 2381 626 2414 ad
652 2381 773 2414 Christi
800 2381 1046 2414 humanitatem
1074 2382 1257 2426 respiciens
1283 2382 1390 2415 David
1418 2376 1501 2414 aitz'

667 2446 811 2469 nituisti
829 2447 985 2469 iustitiam
1001 2449 1031 2469 et
1048 2447 1141 2468 odisti
1158 2447 1377 2473 iniquitatem3
1395 2449 1561 2473 propterea
1578 2448 1667 2469 unxit
1687 2448 1716 2469 te
1734 2446 1816 2468 Deus
1831 2447 1888 2468 etc.

540 2496 638 2540 Apud
667 2496 814 2529 dixinam
841 2497 1044 2541 scripturam
1071 2495 1177 2528 multa
1204 2496 1401 2529 huiusmodi
1428 2497 1687 2541 comperiuntur
1714 2496 1756 2528 de
1783 2496 1853 2529 Deo
1880 2500 1976 2540 patre
2001 2493 2110 2532 dicta,

446 2563 588 2597 nempe:
613 2554 717 2586 iustus
738 2554 920 2590 Dominus,
943 2559 973 2586 et
995 2553 1156 2586 iustitiam
1181 2552 1299 2585 dilexit
1319 2553 1343 2585 '.
1372 2554 1414 2585 Et
1433 2565 1568 2586 rursus:
1591 2553 1693 2587 odisti
1712 2563 1832 2586 omnes
1849 2557 2031 2597 operantes
2049 2551 2112 2584 ini-

444 2609 618 2652 quitatem.
643 2611 793 2655 Denique
814 2611 844 2642 ':
865 2621 929 2654 ego
949 2621 1023 2643 sum
1043 2610 1207 2643 Dominus
1226 2610 1386 2643 iustitiam
1407 2610 1568 2655 diligens,
1591 2617 1620 2643 et
1643 2611 1783 2644 iniustas
1801 2610 1937 2654 rapinas
1955 2608 2037 2642 odio
2055 2607 2113 2642 ha—

445 2662 528 2697 bens
550 2667 572 2697 ”.
602 2667 754 2711 Ergone,
774 2668 938 2712 quoniam
963 2666 1091 2700 idcireo
1117 2667 1198 2700 dicit
1222 2678 1384 2711 magnum
1409 2668 1615 2706 Dominum,
1640 2668 1719 2712 quia
1746 2667 1908 2700 iustitiam
1932 2665 2059 2710 diligit,
2080 2671 2114 2698 et

445 2720 516 2753 odit
542 2722 769 2766 iniquitatem.
795 2724 961 2757 mercedis
987 2724 1064 2757 loco
1083 2725 1154 2757 Deo
1174 2724 1258 2769 patri
1279 2724 1453 2769 continget
1480 2725 1591 2769 magni
1620 2723 1763 2758 titulus?
1786 2723 1913 2768 fietque
1931 2724 1959 2756 ei
1980 2722 2114 2755 virtutis

544 2848 577 2876 11>
598 2847 716 2874 Perfecta
736 2848 840 2875 domini
860 2850 945 2876 nostri
965 2850 1024 2876 lesu
1044 2850 1145 2877 Christi
1164 2848 1286 2876 definitio
1303 2853 1397 2876 eontra
1417 2849 1523 2876 Arium.

1180 2925 1200 2942 Χ
