2205 3177
200 516 207 530 Ι
252 518 273 537 1*

136 1322 140 1325 ·
160 1318 217 1339 Phil.
234 1318 272 1339 Ill>
291 1321 313 1338 ts>

200 1433 252 1453 locl.
269 1433 284 1453 l.
302 1437 320 1452 ἰ.

199 1892 206 1907 Ι
232 1898 270 1916 ΔῙι.
306 1896 312 1911 t

151 2182 203 2200 (ju.
222 2179 269 2201 VH.
289 2182 317 2199 ΙΙ““.4

167 2417 171 2420 ’
190 2412 231 2433 tac.
249 2411 284 2433 IV.
304 2415 319 2432 1.

255 2530 261 2541 x
292 2526 320 2543 155v

366 201 405 232 lsi
870 208 897 230 S.
927 206 1054 229 CYRlLLl
1081 196 1302 230 ALEx'ANDmxt
1330 208 1536 232 EXPLANATto

362 276 431 308 riae
449 274 635 308 sententiae
654 271 812 305 homines
838 271 970 309 dicant,
994 271 1027 305 id
1047 273 1119 306 Deo
1142 273 1357 317 ignoratum:
1380 279 1438 307 aut
1463 274 1489 307 si
1513 279 1604 308 recte
1631 277 1756 311 sentire
1783 278 1968 317 malentes.
1991 279 2054 313 ab-

362 331 501 364 borrcnt
529 329 718 363 admodum
745 340 762 361 a
792 328 938 362 nefanda
965 329 1028 363 hac
1055 329 1191 363 divinae
1219 331 1432 374 ignorantiae
1459 333 1644 369 sententia:
1670 334 1842 381 simulque
1869 336 1981 382 legem
2010 336 2053 370 ab

362 401 402 421 co
431 398 548 420 roxcra
569 386 742 419 conditam
771 385 976 425 adfirmant;
1000 398 1131 432 poenas
1150 399 1290 433 quoquc
1315 387 1535 434 peccantibus
1560 388 1603 422 ab
1627 402 1669 424 co
1689 391 1792 426 fuisse
1812 393 1966 428 decretas
1986 405 2053 428 ma—

364 446 484 479 nifeste
510 442 779 477 confitebuntur.

460 503 548 536 Deus
564 504 682 547 utiquc
698 501 808 547 probe
822 503 936 540 novit.
954 502 1131 537 bominem
1151 502 1263 537 libero
1284 515 1361 537 cum
1382 503 1526 537 arbitrio
1544 504 1735 543 viventem,
1754 508 1951 552 spontaneis
1965 519 2055 542 com-

361 558 572 593 motionibus
598 565 694 592 actus
717 571 814 595 suos,
841 566 944 605 prout
971 559 1130 596 libuerit.
1159 571 1260 605 posse
1279 560 1448 605 dirigere,
1472 560 1682 606 impediente
1706 563 1856 597 nemine.
1885 565 1981 599 Hanc
2005 564 2054 599 ob

361 629 496 652 causam
516 617 616 650 divus
638 628 778 662 quoque
797 617 920 651 Paulus
941 617 1113 651 dominari
1133 618 1175 651 ait
1197 617 1329 651 homini
1350 618 1464 663 legem
1481 619 1649 664 quamdiu
1669 620 1765 653 vivit.
1788 621 1865 654 Non
1877 615 1967 667 ¹ergo
1986 622 2053 656 hoc

359 675 459 711 dicit,
481 675 578 719 qnasi
598 685 695 707 mens
714 673 863 707 bominis
882 674 995 708 alieno
1018 675 1113 707 nutui
1141 675 1317 719 supposita
1342 675 1452 714 foret;
1472 676 1529 709 sed
1552 681 1649 710 acute
1677 677 1916 723 sapienterque
1937 678 2054 724 loqui-

360 738 431 769 tur,
450 738 552 777 atque
572 731 741 765 humanae
761 738 903 765 naturae
925 733 1098 777 passiones
1118 737 1308 770 scrutatur,
1327 733 1431 766 animi
1453 732 1669 767 infirmitates
1687 734 1886 779 singillatim
1904 736 2050 774 evolvit,

359 795 390 822 ct
416 801 494 823 cum
519 790 698 835 congenita
726 789 903 834 voluptate
922 801 1049 834 corpus
1069 788 1232 822 describit
1253 789 1422 827 hominis,
1445 791 1504 835 qui
1525 790 1637 824 adbuc
1663 802 1759 825 suam
1779 803 1919 826 carnem
1938 792 2050 831 fovet,

360 858 527 891 personae
547 859 627 881 suae
650 847 732 881 haec
758 847 948 880 admodum
971 846 1058 880 benc
1084 846 1362 880 accommodans.
1385 848 1602 893 Quamquam
1622 849 1714 882 enim
1733 850 1807 895 ipse.
1829 849 1962 884 mundo
1981 861 2054 886 cru:

359 903 479 937 citixus
506 905 633 942 suerat,
663 911 694 938 et
724 905 786 949 ipsi
808 904 977 942 mundus,
1007 915 1218 949 prorsusque
1237 910 1311 937 erat
1337 903 1564 939 admiratione
1582 905 1725 951 (lignus,
1747 913 1898 941 attamen
1917 908 2052 954 sapien-

360 968 411 995 ter
437 963 640 996 existimavit
661 963 806 1007 gratiam
830 962 1006 1007 propriam
1034 972 1103 994 non
1123 972 1196 994 esse
1219 961 1487 1006 respiciendam,
1509 962 1568 996 sed
1593 974 1716 997 eorum
1734 963 1973 999 infirmitatem
1991 966 2052 1010 qui

360 1019 515 1052 nondum
545 1019 587 1053 ad
615 1021 721 1065 ipsius
748 1019 985 1053 conditionem
1013 1018 1242 1057 devenerant,
1272 1019 1306 1051 in
1333 1025 1576 1063 argumentum
1601 1021 1653 1054 sui
1680 1022 1851 1055 sermonis
1876 1033 2052 1057 assumen-

359 1077 451 1110 dam.
485 1078 600 1122 ltaque
626 1088 704 1110 cum
732 1076 830 1109 audis
856 1075 1048 1109 dicentem:
1077 1075 1173 1120 quod
1199 1076 1291 1109 enim
1318 1087 1446 1121 operor
1470 1088 1541 1110 non
1567 1088 1757 1122 cognosco,
1786 1079 1896 1124 cogita
1918 1079 2052 1124 aliquos

360 1135 527 1167 maximos
554 1140 768 1179 peccatores,
797 1134 856 1179 qui
877 1146 912 1168 se
938 1134 1135 1168 existimant
1162 1133 1473 1179 praeclarissimam
1496 1135 1602 1167 vitam
1627 1134 1771 1173 ducere,
1800 1136 1956 1181 nihilque
1979 1148 2052 1170 esse

358 1191 454 1237 quod
473 1192 574 1226 liuius
595 1191 714 1225 mnndi
738 1191 879 1226 delicias
898 1198 929 1226 et
950 1192 1117 1225 vanitates
1137 1192 1362 1237 aequiperare
1381 1197 1498 1237 queat.
1519 1192 1562 1224 Hi
1582 1191 1657 1237 pios
1677 1202 1793 1226 mores
1816 1204 1954 1227 summo
1969 1194 2053 1227 odio

360 1256 638 1294 prosequuntur,
661 1249 883 1295 exultantque
902 1261 940 1284 ac
960 1249 1059 1283 valde
1086 1255 1353 1295 pergraecantur
1372 1250 1406 1283 in
1427 1248 1666 1294 voluptatibus
1687 1249 1768 1283 suis.
1790 1250 1838 1283 De
1856 1249 1910 1283 his
1927 1248 2054 1283 alicubi

362 1307 503 1340 Paulum
531 1307 645 1341 dicere
671 1318 751 1341 reor
771 1307 803 1355 ’ς
829 1321 843 1338 «
868 1307 928 1352 qui
954 1313 1090 1341 terrena
1116 1307 1271 1352 sapiunt.
1295 1318 1445 1352 quorum
1473 1307 1565 1340 Deus
1586 1311 1707 1340 venter
1732 1312 1801 1345 est,
1823 1312 1858 1340 et
1882 1306 1992 1352 gloria
2018 1306 2054 1339 in

361 1365 547 1409 ignominia
565 1366 734 1410 ipsorum.
761 1378 777 1396 »
800 1365 842 1397 Hi
863 1366 988 1399 merito
1006 1364 1180 1403 dicerent,
1203 1365 1301 1410 quasi
1325 1364 1457 1409 aliquid
1476 1365 1653 1410 egregium
1675 1370 1913 1410 perpetrantes
1930 1364 2054 1409 iniqui-

361 1428 483 1455 tatem:
505 1421 601 1467 quod
619 1423 711 1455 enim
732 1433 860 1467 operor
879 1434 950 1456 non
969 1433 1153 1467 cognosco.
1170 1423 1262 1467 Ergo
1279 1421 1421 1455 audiant
1435 1423 1465 1454 ':
1483 1422 1776 1467 expergiscimini,
1792 1420 1898 1460 ebrii,
1913 1432 1954 1455 ex
1970 1421 2054 1455 xino

361 1485 486 1512 vestro.
517 1480 621 1513 Sicuti
644 1480 735 1513 enim
755 1478 900 1513 bibones
920 1485 953 1513 et
977 1478 1081 1517 ebrii,
1102 1479 1187 1513 vitio
1213 1490 1276 1512 suo
1301 1478 1344 1512 de
1364 1485 1455 1513 recta
1474 1484 1590 1512 mente
1611 1478 1752 1517 deiecti,
1772 1477 1857 1522 quid
1879 1476 2054 1511 ebrietatis

360 1544 516 1583 tempore
542 1538 673 1582 egerint
694 1537 866 1575 nesciunt,
888 1537 933 1570 ita
954 1537 1014 1582 qui
1034 1537 1144 1570 carnis
1168 1536 1300 1569 deliciis
1318 1542 1351 1569 et
1369 1536 1578 1581 turpissimis
1597 1533 1836 1581 voluptatibus
1855 1541 2051 1581 aegrotant,
2072 1567 2074 1570 .

358 1594 442 1639 quid
469 1601 570 1640 agant
597 1606 666 1628 non
693 1594 985 1628 animadvertunt.
1008 1593 1170 1627 Morbum
1196 1594 1311 1638 itaque
1338 1593 1480 1627 humani
1501 1592 1616 1626 cordis
1638 1592 1739 1626 nobis
1765 1593 1908 1638 exponit
1929 1592 2054 1627 Paulus

358 1651 492 1685 dit-ens:
517 1652 613 1698 quod
639 1653 731 1686 enim
757 1663 903 1698 operor,
930 1663 999 1685 non
1024 1662 1209 1697 cognosco.
1239 1650 1340 1691 Quod
1361 1651 1387 1684 si
1406 1651 1483 1696 quis
1509 1650 1599 1684 forte
1625 1651 1853 1684 conscientiae
1879 1649 2053 1684 morsibus

360 1710 464 1755 paulo
488 1711 637 1744 tenerius
656 1722 716 1743 cor
737 1722 837 1744 suum
858 1708 1038 1747 habuerit,
1063 1719 1290 1753 maerensque
1310 1708 1395 1741 dum
1420 1714 1556 1753 peccat,
1579 1708 1692 1742 adhuc
1710 1715 1825 1742 tamen
1845 1709 1974 1754 peccati
1994 1708 2053 1742 de-

360 1767 600 1801 lectationibus
619 1769 748 1807 victus,
770 1774 802 1801 et
826 1768 953 1801 invitus
976 1766 1233 1812 propemodum
1253 1766 1296 1799 ad
1317 1765 1531 1812 peccandum
1551 1765 1798 1811 progrediens,
1820 1776 1973 1811 congrue
1999 1765 2053 1799 di-

360 1831 468 1858 ceret:
492 1837 562 1858 non
582 1826 673 1858 enim
700 1825 796 1870 quod
813 1824 913 1864 volo,
935 1824 970 1858 id
995 1835 1077 1869 ago,
1101 1823 1161 1857 sed
1185 1823 1280 1869 quod
1307 1822 1365 1856 odi
1390 1823 1489 1857 facio.
1511 1823 1621 1863 Quam
1648 1822 1747 1856 multi
1767 1829 1801 1857 et:
1822 1833 2052 1868 quamsaepe

287 1894 297 1905 ἢ
316 1908 319 1911 .
360 1883 605 1915 continentiam
628 1882 860 1920 admirantur,
883 1882 989 1915 immo
1014 1888 1047 1915 et
1068 1881 1170 1914 huius
1190 1882 1280 1914 vitae
1303 1892 1411 1926 genus
1436 1881 1596 1925 ingressi,
1618 1879 1840 1914 detestandae
1854 1882 1976 1926 'postea
1996 1890 2054 1913 vo-

360 1938 499 1984 luptatis
525 1939 674 1972 stimulis
692 1939 961 1985 perxincuntur,
987 1944 1100 1972 mente
1120 1939 1275 1983 ipsorum
1300 1937 1343 1971 ad
1368 1938 1490 1971 vitium
1515 1936 1670 1976 labente,
1696 1943 1875 1984 peceatum
1894 1937 2052 1972 commit-

362 2003 455 2036 tunt,
480 2003 511 2031 et
540 2008 698 2031 maerore
724 1998 826 2031 simul
854 1995 1047 2043 replentur!
1071 1998 1133 2030 His
1160 1997 1377 2042 potissimum
1405 1997 1566 2030 convenit
1594 2008 1702 2042 paene
1728 2002 1865 2042 praeter
1891 1995 2052 2030 volunta-

361 2061 429 2088 tem
457 2053 732 2100 aegrotantibus,
755 2065 874 2088 rursus
898 2053 1029 2088 dicere:
1051 2065 1141 2087 nunc
1161 2055 1228 2087 iam
1252 2065 1322 2087 non
1348 2065 1413 2099 ego
1438 2053 1474 2087 id
1497 2065 1644 2100 operor,
1665 2052 1726 2087 sed
1744 2052 1841 2099 quod
1865 2052 2000 2087 habitat
2015 2053 2052 2086 in

361 2123 415 2145 me
443 2118 635 2157 peccatum.
2007 2111 2010 2113 ’

647 2176 682 2200 St
699 2179 804 2200 autem
821 2177 902 2204 quod
921 2177 992 2200 nolo
1009 2177 1041 2199 id
1059 2177 1155 2204 facio,
1172 2178 1235 2200 iam
1251 2177 1315 2207 legi
1332 2178 1492 2200 consentio
1508 2177 1591 2204 quod
1610 2177 1693 2200 bona
1709 2177 1763 2199 sit.

455 2219 752 2261 Considerationis
770 2238 914 2260 acumen
939 2238 1058 2260 rursus
1081 2226 1123 2260 ad
1149 2227 1305 2272 corporis
1330 2232 1488 2261 naturam
1511 2226 1635 2265 flectit,
1663 2232 1698 2260 et
1720 2225 1975 2260 inhaerentium
1999 2224 2050 2258 illi

360 2284 567 2318 naturalium
594 2285 793 2330 passionum
817 2285 888 2317 vim
915 2284 1182 2330 contemplatur.
1204 2284 1381 2329 Siquidem
1406 2290 1440 2318 et
1462 2284 1667 2330 cupiditates
1692 2283 1736 2318 ad
1760 2281 1954 2329 quamlibet
1975 2293 2052 2329 pas—

360 2344 492 2375 sionem
514 2342 753 2388 impellentes,
782 2349 815 2375 et
834 2342 1050 2387 voluptariae
1072 2343 1160 2376 vitae
1186 2348 1342 2388 peccata,
1368 2341 1499 2376 fontem
1525 2341 1655 2376 habent
1676 2352 1829 2376 carnem.
1857 2342 1933 2375 Hoc
1950 2340 2052 2375 nobis

360 2400 542 2434 confirmat
559 2401 750 2434 Servatoris
768 2399 958 2445 discipulus
974 2400 1002 2433 ἐ
1025 2414 1039 2430 «
1058 2400 1150 2433 unde
1169 2398 1261 2433 bella
1280 2401 1314 2433 in
1334 2399 1451 2438 vobis,
1468 2406 1501 2433 et
1519 2400 1612 2434 unde
1630 2400 1788 2446 pugnae?
1807 2401 1930 2434 Nonne
1947 2399 2050 2434 hinc?

361 2469 401 2490 ex
429 2456 666 2503 xoluptatibus
693 2468 817 2502 nempe
841 2458 982 2495 vestris,
1005 2468 1092 2502 quae
1116 2457 1265 2490 militant
1291 2457 1325 2490 in
1349 2456 1516 2491 membris
1540 2457 1687 2491 vestris?
1713 2471 1730 2489 »

563 2523 643 2546 Nam
660 2523 754 2552 velle,
768 2523 891 2546 adiacet
905 2523 1000 2548 mihi;
1017 2523 1168 2550 operandi
1186 2525 1291 2545 autem
1309 2525 1443 2551 rectum,
1458 2524 1614 2547 rationem
1630 2529 1693 2547 non
1710 2523 1847 2546 invenio.

457 2574 569 2612 Velle,
598 2575 727 2619 inquit,
756 2574 887 2608 adiacet
906 2573 1009 2611 mihi;
1038 2579 1170 2606 rectum
1196 2579 1310 2607 autem
1328 2574 1487 2618 operari,
1508 2585 1746 2619 nequaquam,
1773 2579 1807 2607 et
1832 2572 1976 2617 reliqua.
2005 2570 2047 2604 Ut

362 2630 590 2668 demonstret,
619 2632 732 2665 carnis
759 2631 801 2665 ad
827 2631 1039 2677 gignendum
1064 2632 1099 2664 in
1125 2642 1160 2664 se
1186 2637 1363 2676 peccatum
1390 2631 1662 2670 vehementiam,
1691 2630 1849 2665 concedit
1875 2629 2046 2674 sapienter

361 2688 454 2732 quod
482 2688 580 2722 nobis
608 2689 759 2723 adiaceat
786 2696 937 2727 rectum,
965 2688 1056 2722 haud
1085 2695 1198 2722 tamen
1226 2689 1312 2722 illud
1340 2690 1510 2735 possimus
1538 2701 1727 2736 peragere:
1754 2699 1851 2723 mens
1875 2686 1970 2721 enim
1995 2687 2046 2720 in-

362 2745 427 2777 vita
453 2745 494 2777 ad
514 2746 785 2780 involuntarium
803 2753 938 2781 motum
956 2747 1177 2793 compellitur
1198 2746 1257 2791 (t).
1280 2747 1382 2787 Quod
1395 2759 1486 2794 ergo
1505 2747 1549 2782 ad
1568 2748 1747 2794 propriam
1765 2744 1968 2780 sententiam
1987 2744 2045 2778 ad-

464 2831 493 2857 i,
515 2828 587 2854 llaec
606 2828 638 2855 de
659 2828 819 2856 necessitate
839 2828 964 2856 absoluta
983 2836 1037 2856 nou
1059 2836 1117 2856 esse
1135 2827 1330 2864 intelligenda,
1350 2829 1443 2857 sciunt
1462 2829 1592 2864 theologi.
1614 2829 1674 2863 lpse
1689 2827 1809 2864 Cyrillus
1828 2826 1879 2853 hac
1897 2825 1992 2853 eadem
2015 2825 2044 2852 in

364 2878 459 2904 pagina
482 2870 598 2897 liberum
620 2872 762 2899 arbitrium
786 2873 963 2908 praedicavit.
