2205 3177
714 156 745 180 15·
772 156 924 179 PSALMUM
952 153 1041 177 inv.
1073 155 1110 176 1-:T
1137 154 1213 176 va.
1730 138 1797 170 237

126 245 150 253 —-
176 226 344 260 Nimirum
371 222 528 256 inimicos
554 221 804 267 mendacesque
830 220 970 253 denotat
995 220 1199 253 ludaeorum
1226 217 1385 251 doctores
1411 216 1468 261 qui
1495 219 1662 259 negarunt
1689 223 1804 246 resur-

131 284 336 317 rectionem,
360 287 461 325 atque
487 279 532 312 ob
560 279 593 312 id
621 280 799 324 pecuniam
828 276 994 309 militibus
1019 281 1203 320 erogarunt
1225 275 1249 307 ⁹.

622 345 773 369 Universa
791 346 875 366 ten-ra
894 345 924 365 te
941 343 1046 364 adoret
1065 344 1093 364 et
1113 343 1170 364 tihi
1190 341 1317 367 psallat.

226 399 337 434 Licet,
367 397 496 441 inquit,
523 396 637 429 ludaei
665 401 696 427 te
723 399 867 439 negent,
897 399 1042 426 attamen
1070 391 1147 425 loco
1174 391 1313 424 illorum
1340 387 1531 422 incurvabit
1557 399 1591 421 se.
1617 386 1677 420 tibi
1704 393 1804 431 teque

134 454 288 490 adorabit
319 456 475 488 universa
502 460 608 489 terra,
630 453 664 485 id
683 458 737 485 est*
751 453 823 485 eius
848 450 980 483 incolae
1006 456 1135 494 gcntes.
1165 450 1283 493 Neque
1309 448 1399 480 enim
1426 446 1585 491 deinceps
1605 442 1804 477 adorabitur

132 512 401 556 Hierosolymis,
423 517 571 544 cessante
597 510 662 543 iam
690 509 791 554 legali
818 507 959 545 umbra,
982 507 1169 540 secundum
1196 505 1326 538 dictum
1351 503 1436 537 illud
1460 504 1487 535 ‘t
1512 502 1743 546 unusquisque
1762 500 1805 533 de

133 569 211 603 loco
237 581 299 602 suo
319 568 487 602 adorabit.
517 567 647 600 Scilicet
667 565 881 599 subintrante
902 564 1100 598 adoratione
1121 563 1153 596 in
1174 563 1294 607 spiritu
1313 567 1344 594 et
1364 561 1521 595 veritate,
1542 557 1704 604 operibus
1723 557 1806 591 ado-

134 628 257 660 rationi
278 627 337 659 Dei
357 623 644 671 respondentibus
657 650 664 661 ,
689 630 789 668 atque
807 623 899 656 illius
918 621 1146 667 appellatione
1166 620 1247 665 ipsis
1266 619 1436 663 imposita.
1466 618 1556 649 Haec
1576 622 1688 649 autem
1709 626 1806 660 prae—

134 684 239 717 sentis
267 684 429 728 temporis
455 681 643 727 praedictio
669 687 735 719 est,
759 692 829 725 quo
850 681 883 712 iu
903 679 1032 713 cunctis
1058 676 1216 722 gentibus
1242 674 1442 708 universalis
1461 672 1653 707 celebratur
1672 671 1807 716 hymnis

134 741 242 777 Deus,
266 746 297 772 et
325 740 486 773 dominus
511 738 663 771 Christus
689 737 871 771 altissimus
897 736 939 769 ab
966 734 1127 769 omuibus
1154 733 1357 779 appellatur.

766 802 817 825 lbi
834 803 1023 825 laetabimin-
1041 801 1075 823 ἰή
1093 801 1168 826 ipso.

229 856 352 889 Sensus
377 860 439 887 est.
469 852 519 886 lbi
546 864 623 887 cum
650 853 785 886 Christo
811 851 1049 896 regnabimus,
1078 861 1155 883 cum
1181 849 1253 894 ipse
1280 858 1371 881 novo
1397 845 1532 879 saeculo
1558 842 1803 877 dominabitur.

133 913 246 957 Atque
271 913 306 945 in
332 923 373 944 eo
399 910 620 944 laetabimur:
645 909 850 943 laetabimur
874 909 1002 954 quippe
1029 909 1062 940 in
1090 919 1131 940 eo
1156 907 1213 951 qui
1242 916 1359 950 aspera
1379 904 1520 947 mitigat.
1550 921 1572 926 -
1600 899 1648 933 lbi
1676 905 1807 932 nostras

134 969 305 1014 absterget
331 969 515 1014 lacrymas.
538 968 584 1001 ibi
611 969 703 1002 omni
732 979 794 1001 nos
819 977 975 1000 maerore
1002 964 1164 1001 abducet,
1188 969 1340 996 amanter
1366 960 1551 993 inclamans
1570 957 1752 1002 dicensque
1773 955 1802 987 ⁹:

133 1038 197 1071 ego
224 1037 319 1065 sum,
340 1038 404 1071 ego
430 1038 505 1059 sum
531 1026 589 1071 qui
616 1031 750 1070 peccata
778 1031 834 1058 tua
860 1024 977 1060 deleo,
1003 1033 1111 1066 neque.
1138 1020 1279 1054 illorum
1305 1018 1452 1064 amplius
1477 1016 1677 1050 meminero.

562 1090 624 1117 (lui
641 1092 842 1117 exasperant,
858 1096 918 1111 non
937 1088 1117 1111 exaltentur
1134 1087 1167 1108 in
1185 1087 1277 1108 semet
1294 1085 1379 1111 ipsis.

229 1143 473 1187 Exasperantes
498 1141 578 1174 dicit
600 1140 753 1174 ludaeos.
783 1160 806 1164 -
834 1140 870 1172 ld
889 1145 938 1172 est
958 1150 999 1171 ne
1018 1135 1164 1183 superbe
1184 1137 1288 1181 sapiat
1310 1133 1459 1180 populus
1483 1142 1661 1176 arrogans,
1683 1140 1807 1174 nempe

136 1199 281 1237 Israhel,
306 1209 416 1243 neque
443 1199 604 1231 adversus
630 1204 746 1242 gentes
772 1208 874 1242 grave
900 1196 1033 1229 attollat
1053 1194 1287 1240 supercilium.
1317 1193 1366 1225 Ne
1392 1201 1505 1224 secum
1525 1190 1596 1234 ipse
1615 1188 1722 1221 dicat:
1744 1196 1807 1230 ego

136 1267 211 1289 sum
232 1256 478 1301 primogenitus
499 1254 651 1289 filiorum
670 1256 746 1290 Dei,
763 1266 826 1300 ego
846 1260 978 1299 patrem
998 1252 1110 1286 habeo
1129 1251 1377 1285 Abraliamum.
1400 1249 1467 1285 Ne,
1484 1248 1641 1291 inquam,
1660 1241 1808 1289 superbe

136 1314 262 1358 sapiat3
286 1314 365 1347 sciat
392 1313 523 1358 potius,
545 1312 783 1346 incredulitate
809 1324 867 1345 sua
894 1317 1012 1345 contra
1040 1323 1074 1344 se
1100 1319 1315 1354 exasperasse
1340 1306 1510 1340 vindicem
1537 1306 1658 1337 Deum.

673 1377 824 1401 [nu-litam
846 1377 941 1400 facite
958 1382 1058 1399 vocem
1075 1376 1179 1398 lautus
1195 1375 1271 1397 eius.

231 1429 343 1469 Quum
370 1428 563 1466 audieritis,
588 1429 714 1473 inquit,
737 1440 754 1461 a
781 1427 880 1461 nobis
905 1425 1199 1472 quemadmodum
1225 1423 1290 1457 dici
1317 1422 1434 1456 laudes
1453 1420 1617 1455 debeant.
1640 1425 1719 1452 tunc
1745 1427 1806 1450 no-

135 1485 266 1519 biscum
293 1487 446 1525 laudate,
470 1487 561 1520 haud
588 1487 655 1520 iam
676 1493 711 1520 ut
730 1486 813 1520 olim
841 1485 944 1519 falsos
963 1485 1065 1521 deos,
1088 1483 1148 1517 sed
1168 1484 1278 1516 Deum
1296 1487 1465 1514 nostrum.
1495 1499 1517 1503 -
1544 1478 1581 1510 ld
1601 1482 1650 1510 est
1669 1488 1685 1509 a
1706 1474 1806 1509 nobis

135 1544 269 1583 discite,
291 1552 324 1579 et
350 1552 421 1579 tum
449 1545 588 1579 demum
607 1545 797 1591 glorificate
816 1544 995 1579 nobiseum
1014 1544 1142 1580 Deum,
1168 1540 1341 1587 perpetuis
1366 1545 1526 1573 ornantes
1551 1534 1711 1570 laudibus
1731 1534 1807 1567 uni—

135 1603 301 1637 versalem
327 1604 542 1637 Servatorem
570 1615 607 1637 ac
633 1603 911 1649 Redemptorem.

318 1668 401 1694 (luia¹
417 1669 557 1695 prohasti
576 1676 646 1697 nos,
663 1669 759 1696 Deus,
776 1669 849 1697 igne
866 1674 920 1690 nos
937 1667 1122 1694 explorasti,
1139 1666 1231 1688 sicuti
1249 1663 1433 1691 exploratur
1449 1662 1624 1691 argentum.

231 1718 355 1750 Sensus
381 1723 442 1751 est.
472 1717 704 1753 Afflictiones,
733 1728 819 1762 quae
846 1716 1041 1750 acciderunt
1068 1714 1231 1761 apostolis
1257 1712 1303 1746 ob
1329 1710 1639 1758 praedicationem,
1667 1708 1810 1753 Spiritus

136 1773 317 1819 praedicit,
341 1786 380 1808 ex
406 1775 560 1819 ipsorum
588 1785 732 1820 persona
758 1774 818 1807 lias
844 1785 1017 1807 enarrans.
1047 1774 1137 1806 Sicut
1164 1772 1255 1805 enim
1282 1775 1461 1815 argentum
1488 1768 1565 1812 igne
1591 1764 1810 1810 liquefactum

136 1831 266 1875 optime
285 1838 470 1876 purgatur,
492 1832 536 1865 ita
557 1838 751 1865 sauctorum
771 1842 907 1876 quoque
927 1831 1058 1864 animae
1076 1831 1195 1875 quavis
1214 1827 1315 1862 sorde
1335 1832 1511 1861 arcentur,
1534 1825 1559 1857 si
1585 1823 1809 1857 tentationum

137 1887 329 1921 incursibus
347 1889 490 1921 viriliter
516 1889 688 1922 resistant:
713 1900 836 1933 nempe
856 1888 977 1921 harum
1004 1887 1162 1933 probatio
1187 1886 1281 1931 quasi
1302 1886 1379 1929 igue
1399 1890 1499 1928 atque
1518 1887 1589 1915 arte
1609 1880 1734 1914 fusoria
1754 1878 1804 1911 fit.

137 1946 292 1989 Namque
311 1945 507 1979 huiusmodi
528 1946 716 1979 locutiones
736 1946 858 1979 sanctis
877 1944 1086 1990 martyribus
1105 1944 1227 1977 Paulus
1253 1941 1405 1976 attribuit
1427 1941 1450 1973 '.
1479 1940 1606 1972 Verum
1626 1943 1656 1971 et
1675 1936 1724 1969 illi
1750 1936 1808 1980 qui

138 2014 199 2048 per
226 2003 377 2037 ardentis
402 2005 472 2036 irae
498 2005 628 2048 ignem,
651 2011 683 2036 et
711 2016 771 2049 per
796 2002 925 2037 medias
944 2002 1096 2036 lubricae
1113 2001 1300 2046 voluptatis
1320 1997 1681 2043 concupiscentiaeque
1707 2004 1810 2038 aquas

137 2060 316 2099 incedunt,
336 2073 445 2107 neque
467 2068 578 2094 tamen
600 2062 651 2094 his
672 2061 885 2107 passionibus
904 2061 1117 2098 detinentur,
1136 2059 1352 2104 refrigerium
1368 2056 1558 2090 inveniunt.
1581 2074 1603 2079 -
1622 2052 1810 2086 Servatoris

137 2118 325 2164 discipulus
345 2118 444 2152 uobis
462 2119 619 2152 inclamat
642 2120 669 2151 ':
693 2119 830 2156 fratres,
852 2118 958 2152 nolite
979 2118 1093 2151 mirari
1113 2117 1159 2162 (1)
1178 2116 1265 2149 hanc
1285 2114 1375 2160 apud
1394 2124 1456 2147 vos
1474 2111 1703 2147 exustionem,
1722 2120 1809 2153 quae

139 2175 353 2221 probationis
378 2187 477 2210 causa
504 2176 602 2209 vobis
629 2176 686 2215 fit,
707 2177 801 2221 quasi
822 2177 902 2209 novi
922 2176 1051 2221 aliquid
1077 2174 1175 2210 vobis
1201 2175 1394 2218 contingat:
1418 2170 1477 2204 sed
1503 2175 1670 2215 quatenus
1688 2166 1810 2200 Christi

139 2234 354 2279 passionibus
373 2235 680 2272 communicantes,
701 2234 858 2279 gaudete.
887 2234 1106 2267 Exustioncm
1132 2232 1256 2266 scilicet
1276 2231 1350 2264 heic
1376 2229 1455 2263 dicit
1485 2227 1722 2273 probationem
1750 2234 1811 2269 per

139 2290 371 2324 adversitates.
401 2292 543 2336 Oportet
571 2292 660 2324 enini
680 2298 811 2324 vosmet
832 2292 865 2324 in
884 2291 935 2324 liis
963 2290 1067 2324 fortes
1093 2289 1273 2325 exhibere,
1296 2287 1438 2320 scientes
1456 2285 1548 2330 quod
1570 2281 1729 2328 probatio
1750 2292 1808 2314 ve-

138 2354 227 2382 strae
253 2347 333 2381 fidei
361 2349 557 2393 patientiam
584 2355 746 2394 operatur
767 2350 790 2382 ².
820 2348 883 2382 Sed
904 2349 1082 2394 patientia,
1107 2346 1233 2392 iuquit,
1258 2345 1447 2391 perfectum
1473 2353 1560 2387 opus
1586 2345 1748 2386 praestet,
1773 2344 1808 2372 ut

139 2406 210 2439 sitis
236 2406 377 2451 perfecti
397 2413 429 2439 et
450 2408 590 2451 integri,
613 2406 707 2440 nulla
726 2407 760 2439 in
780 2417 816 2439 re
835 2406 1042 2440 deficientes.
1071 2406 1111 2439 Et
1130 2404 1234 2451 paulo
1260 2410 1348 2449 post.
1380 2402 1484 2447 Igitur
1506 2400 1564 2444 qui
1588 2405 1725 2432 strenue
1744 2408 1808 2442 pro

139 2463 305 2508 religione
331 2465 515 2497 certamina
541 2463 705 2502 obierint,
727 2470 756 2498 et
780 2465 812 2497 in
832 2462 1075 2498 tentationibus
1102 2468 1190 2495 recte
1210 2473 1245 2495 se
1265 2471 1382 2506 gerere
1408 2458 1664 2495 consueverint,
1688 2467 1723 2489 ac
1750 2454 1807 2487 de-

140 2531 235 2553 mum
253 2521 413 2557 vicerint.
435 2527 536 2565 atquc
556 2521 598 2553 ad
618 2522 688 2566 spei
708 2532 787 2554 suae
805 2522 989 2554 terminum
1009 2520 1225 2555 devenerint,
1249 2519 1357 2551 aiunt:
1380 2516 1596 2550 transivimus
1616 2525 1675 2560 per
1696 2515 1809 2559 ignem

140 2584 172 2611 et
192 2589 332 2622 aquam,
354 2585 385 2611 et
405 2578 549 2611 eduxisti
570 2590 631 2611 nos
650 2579 683 2611 in
705 2579 932 2623 refrigerium.
955 2598 977 2603 -
994 2578 1212 2610 Exustionem
1225 2601 1233 2613 ,
1257 2581 1293 2608 ut
1312 2575 1379 2607 iam
1398 2573 1484 2611 dixi,
1507 2572 1655 2618 appellat
1675 2572 1708 2605 in
1729 2583 1809 2605 con-

239 2691 273 2719 (1)
294 2689 333 2715 lta
353 2688 454 2715 liabent
473 2689 557 2715 nolite
577 2691 680 2716 mirari
693 2689 819 2716 Gelasius
833 2690 883 2715 ΡΡ.
900 2693 926 2716 et
939 2688 1010 2716 Beda
1029 2687 1101 2723 apud
1120 2687 1305 2718 Sabateriuuu
1326 2684 1516 2712 Tertullianus
1535 2687 1626 2710 autem
1646 2686 1673 2709 et
1691 2682 1809 2717 Fulgen-

142 2731 195 2758 tius
209 2739 242 2758 ne
260 2734 470 2766 eaporesratis,
486 2737 532 2759 aut
546 2733 631 2759 nolz'te
650 2741 843 2768 expavescere.
861 2734 981 2761 Varietas
995 2732 1098 2767 vulgati
1119 2740 1149 2758 ex
1168 2738 1264 2766 graeco
1284 2733 1376 2757 manat
1391 2731 1427 2764 μή
1447 2728 1609 2764 ξενίζεσθαι,
1625 2731 1657 2754 Ut
1674 2726 1745 2753 idem
1761 2726 1809 2753 33·

140 2776 260 2804 baterius
279 2782 349 2804 recte
368 2777 504 2811 observan
527 2779 654 2814 ξενίζομαι
674 2779 748 2805 euim
767 2782 914 2813 utrumque
937 2776 1075 2813 signifieat
1093 2777 1197 2803 mirari
1218 2780 1244 2802 et
1264 2776 1458 2810 pei-eqriuari.
1480 2773 1598 2809 Cyrillus
1618 2775 1707 2799 autem
1727 2770 1809 2805 priori

139 2821 306 2856 significatui
327 2821 405 2849 favet.

1862 262 1868 268 ’
1884 260 1967 281 Martii.

1839 287 1942 308 xxvllt.
1962 290 1993 307 12.

1842 340 1862 354 Υ.
1877 337 1897 354 4.

1847 509 1852 515 “
1869 506 1938 532 Soptt.
1958 506 1984 526 ll⁴
2006 509 2024 526 ιι

1845 965 1852 972 “
1871 963 1896 983 ts.
1914 963 1989 983 thIt.
2005 966 2034 982 2¹..

1852 1949 1856 1952 ’
1871 1945 1886 1964 l⁴
1897 1945 1949 1965 (Tur.
1961 1943 1998 1964 lll.
2011 1946 2032 1962 Ιι

1849 2120 2040 2142 ⁴1.Pt›tr.tv.1x.

1848 2353 1856 2360 ’
1873 2350 1916 2371 Iac.
1933 2349 1950 2369 I.
1966 2351 1983 2369 a.
