2205 3177
192 2109 245 2127 (ΛΓ.
263 2106 308 2127 ΧΥ.
326 2110 357 2127 m.

232 2134 269 2153 tir.
287 2139 308 2159 p.
325 2138 355 2152 w.

289 2403 307 2415 x.
328 2399 355 2416 17.

181 2626 186 2630 ·
205 2622 253 2642 loll.
271 2622 308 2643 ΙΙΙ.
324 2626 354 2643 sir.

417 245 461 278 52
921 252 948 276 s.
977 252 1104 277 crium
1131 253 1352 278 ALl-:xaxumxt
1380 253 1587 277 EXPLANATlo

415 319 552 364 spiritus
572 318 647 352 Dei.
669 317 749 362 quia
768 316 909 350 stultitia
931 316 979 350 illi
999 317 1180 355 ridentum
1201 318 1362 364 spiritalis
1388 324 1501 352 autem
1527 318 1643 352 omnia
1670 318 1793 353 iudicat
1807 345 1814 357 ,
1836 326 1870 353 et
1892 319 1963 365 ipse
1987 331 2003 354 a
2032 331 2092 353 ne-

414 378 504 409 mine
524 374 703 408 iudiratur.
726 388 740 403 n
758 374 796 407 Et
816 375 896 419 quia
915 380 1181 408 consentaneum
1197 381 1267 409 erat
1287 375 1483 409 huiusmodi
1499 387 1709 412 sermonem,
1727 375 1828 410 rebus
1842 387 1979 422 quoque
1993 388 2089 410 com-

414 431 577 476 probare.
602 429 710 475 pergit
731 430 860 463 dicere:
885 430 991 464 faetus
1011 437 1060 465 est
1080 432 1210 477 primns
1231 432 1334 465 liomo
1353 432 1505 465 Adamus
1524 433 1558 465 in
1578 432 1725 465 animam
1745 433 1934 471 vix-enteim
1956 439 2089 479 postre-

415 500 489 521 mus
512 494 625 521 autem
645 487 796 521 Adamus
815 488 848 521 in
867 489 1025 534 spiritum
1044 488 1284 522 vivificantem.
1308 489 1500 523 Animalem
1520 489 1632 533 itaque
1651 489 1764 522 dicere
1783 489 1953 523 Adamum
1980 497 2064 536 puto
2076 514 2084 527 .

343 563 373 579 -ο,
413 551 581 589 qnatenus
601 545 649 577 xix
659 556 718 578 ens
735 545 764 578 ei
786 546 895 579 anima
916 545 1089 580 adtributa
1108 551 1176 584 est,
1199 557 1269 579 non
1296 547 1340 580 ita
1367 553 1479 580 tamen
1500 552 1535 579 ut
1553 547 1647 579 omni
1667 546 1792 580 carnali
1813 548 2085 593 concupiscentia

412 609 552 635 careret.
583 601 668 635 Nam
695 601 914 647 cupiditates.
936 614 1022 649 qnae
1049 603 1091 637 ad
1118 604 1228 637 carnis
1254 610 1405 649 spectant
1431 610 1532 648 atque
1560 603 1715 637 seruntur
1741 605 1933 649 passiones,
1955 605 2086 638 etiamsi

412 660 498 693 forte
525 672 542 692 a
568 659 642 705 lege
663 659 832 693 licentiam
852 660 1018 699 habeant.
1042 667 1117 694 sunt
1146 660 1370 701 nihilominus
1397 672 1514 706 reapse
1540 660 1683 694 carnalis
1710 660 1917 694 infirmitatis
1942 672 2087 707 coargu-

411 718 536 754 tiones,
558 718 583 750 si
610 717 686 761 quis
713 728 827 750 rerum
854 722 1009 751 naturam
1036 717 1242 751 considerat.
1270 717 1345 751 Uno
1371 724 1447 751 utar
1471 718 1642 763 exemplo.
1672 717 1901 751 llonorabiles
1924 724 2003 751 sunt
2021 729 2086 752 nu-

410 775 515 819 ptiae.
538 781 569 807 et
597 774 720 819 copula
747 774 981 808 immaculata:
1003 775 1128 807 etenim
1157 775 1280 808 inserta
1308 774 1366 808 fnit
1395 776 1550 820 eorporis
1575 782 1716 809 naturae
1743 774 1786 808 ab
1812 775 1965 809 omnium
1992 786 2087 809 crea-

411 837 484 864 tore
512 838 624 865 motus
651 832 882 877 appetentiae,
904 842 974 876 quo
1000 832 1122 865 animal
1152 831 1194 865 ad
1221 831 1382 877 gignendi
1408 832 1620 866 voluntatem
1646 831 1847 878 impellitur.
1876 832 2011 865 Dictum
2036 836 2087 865 est

410 889 501 922 enim
529 889 678 922 homini:
701 889 838 921 crescite
858 895 888 921 et
909 888 1184 934 multiplicamini
1210 896 1242 922 et
1269 889 1400 935 replete
1424 896 1562 923 terram.
1591 890 1629 923 Et
1657 891 1805 929 creator,
1828 890 1871 923 ait
1898 890 2084 934 scriptura,

408 944 451 978 ab
477 946 574 979 initio
601 945 789 979 masculum
816 951 847 979 et
875 945 1036 978 feminam
1064 946 1141 979 feeit
1167 957 1238 979 eos.
1267 946 1324 979 Est
1351 956 1434 991 ergo
1463 946 1681 992 inculpabilis
1710 958 1796 991 quae
1823 946 1864 979 ad
1893 945 2085 979 liberorum

406 1003 680 1048 procreationem
701 1008 831 1035 tantum
853 1002 960 1036 tendit
980 1003 1193 1048 appetentia:
1216 1002 1439 1036 nihilominus
1453 1029 1460 1041 ,
1482 1010 1648 1048 quatenus
1674 1004 1717 1037 ad
1743 1004 1789 1037 rei
1817 1015 1904 1049 quae
1925 1002 1962 1036 fit
1986 1008 2086 1037 natu-

407 1069 480 1091 ram
499 1066 644 1104 speetat,
667 1059 811 1092 earnalis
831 1070 867 1093 ea
888 1061 1000 1105 passio
1019 1066 1085 1097 est.
1108 1060 1178 1093 sive
1199 1060 1366 1093 animalis.
1396 1061 1460 1093 Res
1479 1061 1524 1093 ita
1542 1072 1577 1094 se
1597 1060 1700 1094 habet
1718 1062 1752 1093 in
1779 1061 1852 1094 aliis
1870 1071 2009 1105 quoque
2028 1070 2085 1093 ca·-

407 1115 560 1150 rentibus
587 1116 685 1162 culpa
713 1116 940 1162 passionibus.
969 1118 1060 1162 Ergo
1087 1117 1198 1151 anima
1224 1118 1341 1150 vivens
1367 1116 1475 1151 factus
1501 1123 1548 1150 est
1576 1118 1706 1162 primus
1727 1117 1893 1156 Adamus;
1915 1116 2085 1151 secundus

406 1180 518 1207 antem
539 1173 581 1207 de
608 1174 719 1210 eaelo.
745 1174 775 1206 id
804 1180 850 1208 est
878 1175 1050 1213 Christus,
1072 1186 1141 1208 non
1169 1181 1237 1208 tam
1264 1175 1374 1208 anima
1400 1186 1503 1219 quam
1530 1174 1668 1219 spiritus
1692 1174 1868 1208 vivilieans
1894 1174 2000 1207 factus
2018 1179 2080 1207 est.

405 1231 588 1263 Hominem
615 1233 707 1265 enim
726 1231 861 1265 sibimet
882 1233 1019 1271 uniens,
1042 1233 1130 1266 Deus
1148 1232 1317 1270 Verbum,
1340 1243 1378 1265 ex
1398 1232 1470 1266 Deo
1493 1231 1693 1265 naturaliter
1718 1237 1832 1265 ortum
1845 1256 1853 1270 ‚
1874 1242 1943 1264 non
1961 1231 2085 1263 huma-

405 1300 481 1321 nam
502 1290 549 1322 uti
569 1301 650 1327 nos,
674 1289 732 1322 sed
752 1289 904 1323 divinam
922 1289 1109 1335 quamdam
1128 1296 1159 1323 et
1180 1290 1252 1323 Deo
1270 1301 1351 1323 eom
1361 1290 1531 1322 enientem
1550 1295 1581 1322 et
1602 1288 1846 1334 inculpabilem
1874 1299 2014 1333 prorsus
2032 1287 2085 1320 vi-

405 1352 470 1378 tam
499 1347 593 1380 xixit.
622 1348 697 1380 Non
725 1348 816 1380 enim
844 1347 921 1380 feeit
948 1349 1146 1392 peecatum,
1176 1347 1235 1391 qui
1262 1346 1419 1380 absurdis
1445 1346 1646 1391 imperviam
1672 1345 1908 1391 voluptatibus
1932 1351 2083 1379 mentem

404 1402 569 1443 habebat,
592 1405 754 1450 appetitui
782 1405 883 1438 etiam
911 1404 1069 1439 xes-cendi
1088 1404 1317 1449 superiorem.
1346 1404 1414 1436 Etsi
1434 1404 1526 1436 enim
1548 1414 1628 1436 eum
1653 1408 1782 1437 constat
1809 1402 1924 1436 cibum
1944 1409 2084 1448 potum-

402 1472 468 1505 que
495 1468 662 1507 gustasse.
693 1468 726 1495 nt
755 1461 860 1495 homo
887 1472 994 1507 aeque.
1020 1473 1058 1508 ae
1084 1472 1146 1495 nos
1172 1460 1390 1499 crederetur,
1414 1459 1521 1493 libere
1549 1466 1661 1506 tamen
1687 1460 1720 1492 id
1747 1459 1887 1505 agebat:
1916 1471 1994 1493 nam
2021 1470 2084 1505 per

402 1519 691 1564 dispensationem
716 1521 749 1553 in
776 1531 877 1553 earne
903 1526 974 1553 erat
1001 1530 1065 1565 pro
1084 1518 1204 1557 nobis,
1225 1518 1395 1563 simulque
1418 1518 1510 1551 carni
1537 1518 1714 1562 superior:
1736 1524 1808 1550 erat
1833 1518 1940 1556 enim,
1963 1522 2083 1563 utpote

401 1577 510 1613 Deus,
533 1575 709 1610 xivificans
734 1577 884 1622 spiritus.
914 1576 1039 1610 Contra
1066 1582 1180 1609 autem
1206 1575 1406 1621 progenitor
1424 1574 1576 1607 Adamas
1596 1573 1688 1607 haud
1708 1574 1919 1619 inculpatum
1939 1584 2082 1619 prorsus

402 1633 518 1667 habuit
538 1633 694 1668 vescendi
717 1634 924 1680 appetitum:
948 1644 1026 1667 eum
1053 1638 1139 1666 esset
1163 1633 1253 1665 enim
1280 1632 1390 1665 anima
1417 1632 1553 1670 xix-ens,
1575 1637 1605 1665 et
1626 1632 1750 1665 edendi
1774 1632 1944 1677 xoluptati
1970 1630 2082 1665 obno-

401 1691 471 1727 xia,
493 1691 535 1724 de
555 1691 649 1736 ligno
675 1692 762 1724 witae
788 1690 1026 1729 manducavit,
1047 1701 1256 1734 quamquam
1276 1689 1390 1723 divina
1409 1689 1484 1734 lege
1504 1689 1538 1721 id
1558 1700 1658 1734 agere
1678 1688 1870 1723 vetabatur.
1900 1688 2001 1729 Quod
2020 1700 2081 1723 au-

402 1754 469 1781 tem
489 1749 643 1790 animalis
662 1749 788 1787 homo,
811 1759 1025 1793 nequaquam
1052 1745 1151 1780 nobis
1178 1752 1317 1780 naturae
1344 1745 1572 1780 differentiam
1599 1746 1757 1785 denotet,
1779 1746 1837 1779 sed
1858 1747 1946 1779 vitae
1965 1747 2080 1791 potius

400 1817 606 1850 morumque
624 1806 840 1850 qualitatem,
862 1804 909 1838 ob
927 1816 1030 1850 quam
1051 1803 1136 1837 alter
1154 1803 1294 1849 quidem
1315 1810 1453 1837 terreno
1472 1803 1667 1848 carnalique
1687 1803 1808 1837 affectu
1829 1804 1978 1849 capitur,
1996 1802 2080 1837 alter

398 1863 537 1908 spiritus
563 1863 719 1896 libertate
746 1863 855 1899 eluet,
877 1863 1132 1895 demonstratur
1151 1861 1327 1895 evidenter
1346 1872 1408 1906 per
1433 1862 1582 1906 primum
1609 1860 1867 1905 secundumque
1887 1859 2075 1894 Adamum:

400 1920 501 1953 ambo
528 1921 616 1953 enim
646 1922 678 1953 in
705 1921 850 1953 terrenis
875 1919 1080 1966 corporibus
1105 1925 1218 1957 erant;
1240 1918 1299 1951 sed
1328 1918 1467 1952 affectus
1494 1924 1527 1951 nt
1557 1919 1600 1951 ita
1626 1918 1737 1951 (licam
1764 1918 1924 1963 qualitas,
1946 1929 2078 1951 necnon

398 1977 552 2011 diversae
568 1979 660 2019 §itae
680 1978 819 2012 electio.
842 1978 988 2011 alterum
1008 1976 1149 2022 quidem
1175 1975 1357 2009 animalem
1377 1988 1448 2009 esse
1469 1976 1735 2013 demonstravit,
1759 1976 1905 2010 alterum
1923 1986 2007 2010 xero
2026 1976 2079 2009 in—

398 2034 675 2080 comparabiliter
701 2034 880 2067 meliorem
907 2034 940 2067 id
967 2041 1016 2067 est
1042 2033 1243 2079 spiritalem.

576 2101 635 2123 Sed
655 2107 714 2122 uon
733 2101 821 2126 prius
838 2100 918 2126 quod
936 2100 1083 2127 spiritale
1099 2101 1161 2127 est,
1177 2099 1228 2121 secl
1246 2099 1326 2125 quod
1344 2099 1496 2124 animala
1514 2098 1626 2121 deinde
1644 2099 1724 2125 quod
1742 2098 1899 2125 spiritale.

492 2152 639 2185 Adnotat
661 2151 921 2196 quodammodo
940 2157 1096 2196 tempora
1117 2150 1242 2196 quibus
1262 2150 1364 2184 ambo
1384 2152 1540 2184 xixerunt
1554 2177 1561 2187 ,
1580 2151 1710 2195 aitque:
1733 2150 1789 2184 sed
1811 2162 1881 2184 non
1902 2150 1995 2196 prius
2015 2150 2075 2184 fuit

397 2210 564 2256 spiritale,
591 2209 649 2242 sed
677 2209 842 2246 animale,
869 2208 995 2242 deinde
1021 2220 1104 2242 vero
1130 2208 1296 2254 spiritale:
1323 2207 1449 2253 quibus
1471 2207 1585 2241 voi-bis
1612 2209 1791 2254 perspicue
1817 2207 1985 2247 ostendit,
2006 2219 2076 2242 non

397 2278 468 2301 esse
487 2266 697 2312 impossihile
718 2266 866 2300 bominis
885 2273 1042 2304 naturae,
1067 2273 1101 2299 ut
1124 2265 1166 2299 ab
1186 2267 1323 2300 animali
1345 2265 1466 2299 affeetu
1494 2266 1536 2299 ad
1560 2266 1746 2311 spiritalem
1768 2272 1932 2304 transeam
1953 2272 1985 2300 et
2005 2267 2077 2299 ani-

395 2325 483 2359 male
511 2325 681 2370 antiquius
707 2336 778 2357 esse
804 2324 960 2370 spiritali.
989 2325 1164 2364 Quaenam
1190 2336 1273 2357 xero
1299 2324 1422 2357 harum
1450 2335 1567 2357 rerum
1593 2323 1841 2357 demonstratio
1866 2324 1955 2357 erit?

912 2388 1041 2412 Primus
1058 2389 1149 2411 homo
1166 2389 1203 2411 de
1222 2391 1323 2416 terra,
1340 2390 1485 2411 tei-renus
1501 2390 1559 2412 etc.

489 2440 640 2477 Primus,
662 2440 791 2484 inquit,
813 2439 919 2472 homo
946 2438 978 2471 id
999 2445 1046 2471 est
1068 2438 1236 2475 Adamas,
1259 2439 1369 2471 anima
1396 2439 1514 2471 xixens
1539 2438 1679 2472 effeetus
1698 2444 1767 2476 est,
1789 2438 1823 2471 id
1849 2444 1899 2471 est
1919 2445 2075 2472 terrenus

396 2503 496 2542 atque
524 2497 686 2531 earnalis:
708 2496 877 2530 secundus
897 2501 1010 2529 autem
1029 2495 1072 2528 de
1092 2495 1198 2528 caelo.
1228 2496 1296 2528 Etsi
1324 2496 1415 2528 enim
1436 2496 1494 2528 Dei
1515 2495 1667 2529 Verbum
1687 2495 1814 2529 factum
1840 2501 1889 2528 est
1915 2507 2015 2533 caro,
2037 2502 2074 2529 ut

396 2555 487 2587 aiunt
509 2555 713 2600 scripturae,
731 2560 877 2587 attamen
898 2559 968 2587 erat
988 2553 1031 2586 ‹le
1050 2552 1146 2586 eaelo
1165 2554 1370 2597 proveniens
1386 2552 1449 2597 (l).
1467 2560 1499 2586 et
1519 2552 1622 2587 rebus
1641 2554 1769 2587 cunctis
1783 2553 1956 2598 superius,
1974 2559 2009 2587 ut
2029 2554 2074 2587 ait

397 2611 563 2645 lohannes
585 2613 607 2644 ⁹.
639 2613 755 2656 ltaque
781 2610 884 2644 ambo
909 2610 1049 2656 quidem
1076 2616 1189 2644 erant.
1212 2615 1248 2642 ut
1274 2609 1361 2646 (lixi,
1386 2611 1417 2643 in
1446 2611 1588 2644 terrenis
1615 2609 1836 2656 corporibus,
1863 2621 1932 2643 non
1958 2615 2072 2643 tamen

396 2678 492 2711 pares
512 2675 624 2701 mente
644 2674 699 2701 ant
720 2669 808 2701 vitae
832 2678 948 2701 more:
970 2668 1067 2712 prior
1092 2667 1183 2700 enim
1202 2667 1235 2699 in
1256 2667 1381 2699 carnali
1411 2667 1532 2701 affeetu
1552 2667 1770 2703 versabatur:
1795 2667 1980 2712 posterior.
2003 2667 2072 2711 spi—

395 2724 479 2755 ritns
498 2725 672 2759 xixilieans
691 2732 781 2764 erat,
804 2725 898 2759 etde
917 2725 1011 2758 caelo
1039 2724 1254 2770 proveniens.
1285 2724 1354 2757 lam
1382 2715 1462 2757 xero
1489 2725 1585 2757 sicuti
1613 2725 1737 2757 terreni
1766 2725 1947 2768 imaginem
1966 2724 2070 2768 gessi-

395 2791 487 2817 mus,
511 2781 542 2813 id
570 2788 618 2815 est
645 2782 767 2816 Adami
794 2781 1073 2820 similitudinem,
1095 2779 1309 2826 passionibus
1336 2787 1367 2814 et
1395 2787 1614 2826 peecatorum
1639 2781 1827 2814 infirmitati
1854 2779 2014 2813 obnoxii.
2037 2786 2069 2813 et

508 2910 527 2935 ι,
550 2907 580 2932 tn
603 2907 694 2935 codice
714 2917 811 2943 graeco
831 2917 892 2937 cum
915 2909 989 2937 brevi
1009 2909 1106 2937 lacuna
1127 2908 1178 2936 sic:
1199 2909 1254 2935 cim]
1276 2909 1290 2937 η’
1305 2928 1310 2933 .
1325 2929 1330 2934 .
1346 2912 1409 2938 „mi
1434 2910 1445 2934 ό
1467 2909 1494 2941 ἐξ
1514 2908 1626 2943 aigum.
