2205 3177
239 381 245 386 ·
263 377 295 397 rs.
312 377 348 397 lt.
365 380 383 397 ιῖ,

196 499 202 506 '
221 496 253 516 Ρ).
270 495 347 516 ΧΧΠ.
365 498 384 514 εἴ.

252 613 289 629 (vr.
303 616 325 634 pi
342 612 386 630 5⁴⁹.

201 1120 208 1128 ⁸
228 1118 275 1139 loll.
290 1118 338 1139 XII.
354 1121 386 1139 31.

211 1234 218 1241 '
236 1231 284 1251 lon.
301 1231 339 1252 Ill.
358 1234 386 1251 17,

198 1913 205 1919 '
218 1910 285 1931 ΗΘΜ,
299 1910 345 1931 ΥΠ.
358 1914 386 1931 ts<

208 1971 213 1976 ·
232 1967 280 1988 toh.
296 1968 353 1988 ΧΠ.
369 1972 387 1987 ι’..

253 2082 289 2101 Gr,
304 2088 325 2107 p.
342 2086 386 2102 3130.

322 2604 339 2616 ι.
359 2601 379 2618 l-

230 2713 238 2718 ¹
253 2710 281 2730 isi
296 2710 341 2731 XL.
356 2714 387 2731 εκ.

422 180 490 211 218
920 188 947 209 s.
975 187 1101 209 crium
1128 186 1347 209 Ati-:xitsumxi
1375 187 1579 210 ExPLANATto

422 264 508 298 quos
527 263 608 284 vero
627 250 836 286 iustificavit,
859 251 921 284 lios
940 257 971 284 et
991 250 1204 295 glorificavit.
1231 265 1246 282 >›
1271 253 1357 297 Ergo
1376 264 1415 285 ex
1436 253 1591 285 universa
1616 257 1704 284 terra
1725 262 1800 289 eos,
1823 251 1881 296 qui
1901 252 1966 284 iam
1987 262 2085 297 prae-

423 310 546 354 cogniti
566 315 640 341 suut
663 320 722 341 reu
743 307 860 340 tidoles
881 307 983 341 futuri
1004 319 1040 340 ac
1059 308 1227 351 germani,
1249 314 1452 353 congregate
1472 309 1537 345 ait;
1560 309 1617 353 qui
1638 308 1739 341 etiam
1757 308 1910 353 dispositi
1930 314 2005 341 suut
2018 334 2026 345 ‚
2049 307 2082 341 id

423 374 471 400 est
492 365 676 410 adimplere
695 371 848 409 satagunt
870 364 1068 409 dispotitum
1089 376 1106 398 a
1125 365 1258 398 Christo
1278 365 1407 398 cultum
1426 364 1597 398 sacrificiis
1616 365 1706 398 haud
1727 366 1871 398 cruentis
1893 365 1945 398 vel
1975 364 2084 397 fumo-

424 423 483 458 sis.
508 422 565 455 sed
592 421 799 466 spiritalibus
819 422 942 466 potius.
971 420 1140 466 Scriptum
1159 428 1207 455 est
1227 423 1318 455 euim
1339 423 1368 454 ':
1395 437 1409 452 α
1434 422 1618 455 sacrificate
1636 421 1839 455 sacrificium
1864 422 2028 459 iustitiae,
2052 427 2085 454 et

424 485 555 524 sperate
582 490 598 511 a
626 479 783 511 Domino,
810 492 824 508 »
847 478 1049 511 Huiusmodi
1075 478 1246 512 sacrificiis
1271 479 1395 523 gaudet
1422 480 1530 516 Deus,
1553 480 1758 524 suscipitque
1783 478 1942 523 spiritalis
1967 478 2085 511 odoris

425 537 528 568 instar
547 548 633 580 quat·
660 535 819 568 dicuutur
837 536 866 568 ei
886 535 1014 568 laudos.
1044 536 1096 568 Ait
1117 536 1229 580 itaque
1255 535 1354 568 divus
1380 535 1537 569 melodus
1558 536 1585 568 ':
1611 550 1626 566 «
1649 536 1785 569 circuivi
1805 541 1835 568 et
1855 533 1963 568 obtuli
1983 536 2017 567 in
2037 540 2084 568 ta-

426 592 610 625 bernaculo
629 593 698 625 eius
719 593 861 625 hostiam
880 592 1142 625 vociferationis.
1169 606 1184 623 »
1205 592 1354 625 Plurima
1375 592 1426 625 his
1446 593 1542 626 facile
1561 592 1764 626 accumulari
1786 598 1937 637 possent,
1959 603 1998 624 ex
2016 592 2086 636 qui-

426 649 489 683 bus
508 661 711 694 cognoscere
730 649 807 683 licet
826 649 965 683 laudum
987 650 1088 682 ritum
1101 675 1108 685 ,
1130 649 1332 682 sacrificium
1358 660 1429 682 esse
1454 651 1525 683 Deo
1546 649 1731 683 iucundum
1751 649 1810 693 (l).
1836 648 1965 682 Deinde
1982 648 2082 682 dicit:

839 714 876 737 Et
895 715 1133 736 annunciabunt
1149 713 1227 736 caeli
1244 714 1398 737 nmmum
1416 716 1517 741 tuam,
1535 715 1675 737 Domine.

519 766 606 797 Ante
626 765 710 798 alios
729 765 905 809 proposuit
926 763 1106 796 salutarem
1126 763 1317 796 doctrinam
1337 763 1539 802 Israheliti53
1563 764 1614 797 his
1633 765 1723 797 euim
1743 763 1840 797 datae
1859 762 1993 796 fuerant
2011 774 2086 808 pro-

423 822 615 856 missiones.
636 821 706 856 lex.
728 827 758 854 et
787 827 1038 856 testamentum.
1062 826 1092 853 et
1120 826 1243 865 patres,
1274 821 1456 865 Postquam
1481 832 1563 854 vero
1590 821 1666 854 facti
1693 826 1771 854 sunt
1791 819 1938 865 improbi
1963 826 1997 853 et
2021 818 2086 853 ob-

423 877 554 911 durati.
579 884 611 911 et
637 878 849 921 evangelicae
875 877 1134 922 praedicationis
1161 882 1431 922 contemptores,
1454 878 1672 922 vocantisque
1698 877 1739 911 ad
1766 877 1909 910 salutem
1928 876 2086 921 repudia—

423 942 501 968 runt
528 935 687 980 gratiam.
710 935 898 968 necessario
918 946 955 967 ea
976 934 1131 977 migravit
1153 934 1195 967 ad
1214 935 1366 978 gentium
1392 945 1529 979 greges,
1551 940 1728 979 totumque
1746 933 1868 967 orbem
1892 933 2082 978 occupavit.

424 993 532 1025 Huius
557 992 710 1025 xidolicei
739 992 820 1024 recti
840 991 966 1024 decreti
986 1002 1101 1027 causa.
1123 990 1335 1024 nunciabunt
1363 991 1444 1024 caeli
1472 992 1638 1025 iustitiam'
1659 992 1768 1025 illius:
1790 992 1896 1025 iustus
1920 997 1971 1024 est
1995 990 2086 1024 enim

426 1049 541 1085 iudex.
566 1056 675 1082 rectus
693 1055 723 1082 et
745 1048 868 1082 bouus.
897 1048 1059 1093 Alioquin
1086 1049 1136 1081 ius
1161 1059 1300 1094 quoque
1319 1048 1402 1082 dixit
1427 1050 1556 1083 cunctis
1581 1049 1700 1082 incolis
1719 1054 1846 1086 terrae,
1870 1054 1902 1082 et
1928 1047 2087 1093 improbo

426 1112 663 1150 apostataeque
682 1106 834 1139 draconi.
855 1105 1086 1146 Quamobrem
1105 1105 1212 1139 aiebat
1234 1105 1369 1151 publice
1389 1106 1417 1138 ⁶:
1442 1120 1457 1137 ι(
1478 1118 1567 1139 nunc
1586 1105 1748 1139 iudicium
1765 1112 1814 1139 est
1831 1105 1932 1138 huius
1947 1105 2084 1144 mundi,

426 1175 514 1196 nuuc
541 1164 696 1208 princeps
721 1162 838 1196 muudi
866 1162 967 1196 huius
992 1163 1143 1196 eiicietur
1170 1162 1271 1196 foras.
1301 1164 1340 1196 Et
1361 1174 1426 1207 ego
1452 1164 1476 1196 si
1502 1163 1666 1196 exaltatus
1686 1162 1783 1196 fuero
1803 1174 1820 1195 a
1840 1168 1948 1200 terra,
1968 1173 2088 1196 omnes

425 1220 557 1254 traham
582 1220 622 1252 ad
652 1232 704 1253 me
730 1221 853 1265 ipsum.
880 1234 894 1250 >1
919 1219 1013 1253 ldem
1039 1221 1178 1265 insuper
1204 1221 1249 1253 ait
1270 1221 1300 1252 '2
1326 1233 1341 1250 «
1364 1231 1432 1253 non
1458 1221 1549 1253 misit
1566 1221 1655 1253 Deus
1680 1219 1788 1253 lilium
1814 1230 1913 1253 suum
1939 1220 1972 1252 in
1997 1219 2089 1253 hunc

425 1277 590 1310 muudum
617 1283 651 1309 ut
679 1277 846 1310 mundum
872 1276 1016 1314 iudicet,
1038 1277 1096 1310 sed
1117 1283 1152 1310 ut
1172 1277 1322 1310 salvetur
1348 1277 1496 1310 mundus
1523 1288 1582 1322 per
1607 1278 1731 1321 ipsum.
1757 1290 1772 1307 ))
1798 1276 1980 1316 Quomodo
2005 1287 2089 1321 ergo

426 1333 551 1367 fartum
569 1340 617 1367 est
636 1333 799 1367 iudicium
817 1334 859 1367 de
879 1334 944 1367 hoc
963 1334 1116 1367 mundo?
1142 1335 1322 1367 Damnavit
1340 1346 1402 1368 ceu
1422 1340 1605 1379 tyrannum
1625 1335 1799 1372 Saunium,
1820 1339 1852 1367 et
1871 1345 1949 1367 cum
1966 1344 2008 1367 eo
2027 1333 2089 1367 ssa-

424 1391 564 1435 gitiosos
589 1390 792 1428 daemonem
816 1390 908 1424 ultus
931 1397 1044 1424 autem
1069 1397 1117 1424 est
1143 1389 1237 1424 orbis
1262 1391 1409 1429 incolas,
1431 1392 1489 1436 qui
1508 1392 1575 1424 vim
1598 1390 1825 1436 patiebantur.
1853 1410 1875 1415 —
1899 1390 1981 1423 Heic
2006 1400 2090 1434 ergo

424 1447 570 1481 iudicem
589 1448 766 1492 perspicue
786 1448 879 1480 novit
899 1447 1007 1480 David
1027 1447 1214 1481 Christum:
1235 1454 1267 1481 et
1290 1448 1384 1493 quod
1410 1459 1549 1482 omnem
1575 1447 1746 1481 iudicandi
1773 1453 1973 1492 potestatem
1993 1457 2009 1479 a
2030 1457 2091 1492 pa-

424 1510 475 1537 tre
500 1504 683 1549 acceperit,
708 1515 776 1537 non
803 1505 937 1537 reticuit
964 1504 1098 1538 dicens:
1122 1506 1211 1538 Deus
1236 1504 1338 1538 iudex
1364 1511 1426 1538 est.
1456 1505 1503 1538 Ita
1529 1504 1651 1538 iudicia
1677 1514 1836 1538 exercens
1858 1503 2015 1537 laudatus
2040 1510 2089 1537 est

425 1560 571 1606 desuper
597 1572 614 1594 a
640 1562 762 1595 sanctis
788 1561 962 1595 caelorum
988 1561 1181 1607 spiritibus,
1207 1567 1243 1595 ut
1269 1562 1358 1595 Deus
1383 1561 1484 1595 iudex
1510 1568 1642 1599 rectus,
1665 1567 1697 1595 et
1724 1562 1922 1606 incorrupta
1947 1561 2090 1594 omnino

427 1618 627 1651 rectitudine
654 1624 761 1652 utens.
791 1618 996 1664 Diapsalma.

687 1692 786 1720 Audi,
802 1692 915 1720 popule
932 1699 1032 1721 meu5‚
1047 1694 1077 1715 et
1095 1693 1207 1719 loquar
1226 1694 1339 1719 teeunu
1356 1691 1493 1720 Israhel,
1508 1694 1539 1715 et
1556 1692 1744 1715 testificabor
1761 1692 1831 1714 tibi.

1030 1736 1129 1763 Deus,
1146 1736 1229 1758 neus
1248 1738 1319 1758 tuus
1335 1743 1391 1765 ego
1408 1742 1484 1760 sum.

523 1788 702 1822 Evidenter
728 1789 779 1822 his
805 1789 918 1822 verbis
944 1800 1087 1834 persona
1115 1790 1174 1822 Dei
1201 1789 1446 1827 introducitur,
1469 1789 1593 1834 legales
1619 1796 1719 1834 typos
1745 1788 1786 1822 ad
1812 1789 1989 1822 veritatem
2009 1799 2092 1821 con-

427 1847 599 1878 vertentis.
628 1847 713 1879 Nam
739 1858 845 1891 usque
871 1846 912 1879 ad
941 1853 1073 1891 tempus
1099 1846 1345 1880 emendationis
1371 1848 1405 1880 in
1430 1846 1570 1884 melius,
1592 1847 1738 1891 positam
1763 1846 1864 1880 fuisse
1889 1846 1933 1880 ait
1959 1846 2093 1891 sapien—

427 1901 573 1934 tissimus
593 1901 715 1935 Paulus
735 1903 745 1911 '
764 1904 947 1936 mosaicam
973 1902 1093 1948 legem.
1123 1903 1379 1936 Emendationis
1405 1910 1518 1937 autem
1544 1909 1677 1948 tempus
1703 1902 1795 1936 aliud
1821 1914 1890 1936 non
1915 1908 1965 1936 est
1989 1913 2091 1947 quam

427 1957 511 1990 illud
537 1970 606 2002 quo
627 1965 736 1992 terrae
762 1960 881 1993 incolis
906 1960 1017 1993 illuxit
1037 1960 1206 1998 Christus,
1229 1961 1440 2005 apertissime
1466 1960 1582 1994 dicens
1602 1961 1632 1992 ⁸:
1654 1971 1718 2004 ego
1743 1971 1818 1993 sum
1844 1960 1980 1993 veritas.
2009 1959 2093 1993 Sunt

426 2026 508 2059 ergo
528 2016 637 2060 typica
659 2016 805 2054 inutilia,
830 2017 968 2050 xeritate
988 2023 1182 2062 praesente:
1204 2017 1292 2051 hanc
1310 2018 1399 2051 enim
1420 2018 1614 2063 parturiunt
1634 2016 1794 2055 umbrae;
1816 2016 2005 2061 Christique
2024 2027 2094 2061 my-

426 2073 564 2105 sterium
586 2074 619 2105 in
638 2073 722 2118 legis
748 2074 866 2107 litteris
892 2074 1081 2119 1)erx·idel)it
1101 2076 1256 2120 quisquis
1276 2075 1376 2108 fuerit
1396 2075 1568 2120 spiritalis.
1597 2075 1687 2119 Ergo
1712 2075 1790 2119 quia
1817 2075 1973 2108 Servator
2000 2073 2094 2107 futu-

424 2140 482 2162 rus
508 2136 579 2162 erat
606 2126 780 2163 dot-trinae
799 2137 831 2164 et
851 2131 961 2164 cultus
987 2132 1084 2177 legali
1106 2132 1166 2165 illo
1187 2131 1366 2165 nobilioris
1390 2138 1582 2166 antecessor
1609 2138 1718 2165 terrae
1743 2131 1883 2169 incolis,
1905 2131 2094 2164 necessario

424 2197 485 2231 per
512 2187 701 2231 psalmistae
722 2188 829 2231 lyrani
850 2189 995 2233 spondet
1022 2195 1122 2234 atque
1149 2196 1289 2223 testatur
1310 2189 1495 2223 Israhelitis
1514 2189 1646 2223 dicens:
1673 2202 1688 2220 «
1711 2188 1810 2226 audi,
1834 2188 1962 2234 popule
1978 2199 2091 2226 meus,

424 2249 455 2275 et
476 2243 597 2288 loquar
616 2250 748 2282 tecum;
773 2245 898 2279 Israhel
918 2252 949 2279 et
970 2245 1177 2280 testificabor
1197 2246 1270 2279 tibi.
1296 2260 1311 2277 »
1333 2247 1382 2279 Ne
1401 2247 1477 2290 quis
1496 2252 1609 2280 autem
1631 2246 1854 2283 existimaret,
1877 2256 1946 2279 non
1966 2251 2034 2278 tam
2053 2256 2093 2277 ex

424 2310 483 2333 ore
501 2301 656 2338 Domini,
678 2313 780 2345 quam
799 2314 836 2335 ex
859 2303 1000 2347 proprio
1020 2303 1142 2341 corde,
1165 2303 1375 2348 psalmistam
1394 2303 1500 2336 verba
1521 2303 1649 2341 facere,
1671 2302 1820 2336 addidit:
1844 2316 1859 2333 «
1879 2303 1985 2340 Deus,
2005 2302 2095 2334 Deus

425 2362 501 2389 tuus
527 2369 590 2401 ego
608 2369 696 2391 sum.
722 2373 736 2389 »
759 2359 875 2398 Qualis
902 2361 1037 2393 autem?
1057 2361 1187 2405 Nempe
1214 2359 1343 2399 bonus,
1365 2362 1422 2405 qui
1447 2372 1486 2394 ex
1506 2360 1616 2394 ferrea
1636 2359 1826 2405 tyrannidis
1845 2359 2094 2404 Aegyptiorum

425 2413 560 2447 fornace
587 2415 770 2449 Israhelem
789 2416 908 2454 eduxi,
929 2418 987 2461 qui
1007 2418 1096 2450 viam
1116 2429 1176 2462 per
1195 2429 1288 2451 mare
1309 2417 1462 2451 medium
1481 2417 1610 2456 obtuli,
1632 2419 1690 2462 qui
1709 2418 1744 2450 in
1764 2417 1898 2450 deserto
1917 2416 2012 2462 pavi,
2034 2416 2093 2460 qui

425 2471 533 2515 legem
558 2472 653 2505 illam
681 2472 738 2506 tihi
765 2474 936 2507 constitui.
964 2475 1033 2507 Nec
1059 2486 1141 2508 vero
1167 2486 1221 2507 me
1247 2475 1351 2508 alium
1383 2475 1613 2519 legislatorem
1644 2474 1842 2512 arbitreris,
1871 2473 1953 2507 dum
1981 2473 2095 2518 legum

426 2527 520 2561 vides
545 2528 787 2563 diversitatem.

1016 2595 1052 2618 Si
1068 2596 1219 2623 esuriero,
1236 2602 1297 2619 non
1317 2597 1376 2619 tihi
1393 2597 1504 2619 «licam.

522 2642 614 2675 More
635 2643 792 2688 populari
813 2644 1032 2688 intelligenda
1052 2651 1127 2678 sunt
1149 2644 1253 2678 x‘erba
1271 2645 1372 2678 haec:
1392 2647 1419 2678 si
1438 2647 1607 2683 esuriero,
1628 2656 1697 2679 non
1718 2644 1778 2678 tibi
1798 2644 1922 2678 dicam.
1942 2645 2095 2688 Namque

427 2696 634 2741 impossibile
654 2711 717 2744 pro
737 2700 890 2745 possibili
918 2703 1032 2746 ponit,
1055 2702 1251 2747 insipientes
1270 2713 1471 2748 coarguens.
1500 2703 1638 2747 Alioqui
1657 2703 1758 2736 Isaias
1779 2700 1946 2747 propheta
1965 2700 2046 2734 dicit
2065 2700 2093 2731 ’ς

539 2826 557 2851 1,
580 2823 651 2849 linus
672 2826 707 2858 pii
727 2826 800 2851 chori
821 2827 847 2852 in
869 2827 988 2854 ecclesiis
1008 2828 1164 2854 christianis
1184 2828 1315 2854 canentis.
