<?xml version="1.0" encoding="UTF-8"?>
<!DOCTYPE html PUBLIC "-//W3C//DTD XHTML 1.0 Transitional//EN"
    "http://www.w3.org/TR/xhtml1/DTD/xhtml1-transitional.dtd">
<html xmlns="http://www.w3.org/1999/xhtml" xml:lang="en" lang="en">
 <head>
  <title>
</title>
<meta http-equiv="Content-Type" content="text/html;charset=utf-8" />
  <meta name='ocr-system' content='tesseract 3.04.00' />
  <meta name='ocr-capabilities' content='ocr_page ocr_carea ocr_par ocr_line ocrx_word'/>
</head>
<body>
  <div class='ocr_page' id='page_1' title='image "./novaepatrumbibli03maiauoft/novaepatrumbibli03maiauoft_0669.png"; bbox 0 0 2205 3177; ppageno 0'>
   <div class='ocr_carea' id='block_1_1' title="bbox 824 176 1813 212">
    <p class='ocr_par' dir='ltr' id='par_1_1' title="bbox 824 176 1813 212">
     <span class='ocr_line' id='line_1_1' title="bbox 824 176 1813 212; baseline -0.004 -1"><span class='ocrx_word' id='word_1_1' title='bbox 824 191 857 212; x_wconf 74' lang='lat' dir='ltr'>m</span> <span class='ocrx_word' id='word_1_2' title='bbox 883 190 1035 212; x_wconf 72' lang='lat' dir='ltr'>PSALMUM</span> <span class='ocrx_word' id='word_1_3' title='bbox 1062 191 1129 212; x_wconf 77' lang='lat' dir='ltr'>xm.</span> <span class='ocrx_word' id='word_1_4' title='bbox 1754 176 1813 208; x_wconf 77' lang='lat'>191</span> 
     </span>
    </p>
   </div>
   <div class='ocr_carea' id='block_1_2' title="bbox 138 251 1820 933">
    <p class='ocr_par' dir='ltr' id='par_1_2' title="bbox 138 251 1820 933">
     <span class='ocr_line' id='line_1_2' title="bbox 138 251 1818 300; baseline -0.007 -6"><span class='ocrx_word' id='word_1_5' title='bbox 138 263 227 297; x_wconf 82' lang='lat' dir='ltr'>Deo:</span> <span class='ocrx_word' id='word_1_6' title='bbox 250 256 442 293; x_wconf 82' lang='lat' dir='ltr'>confitebor</span> <span class='ocrx_word' id='word_1_7' title='bbox 468 258 559 290; x_wconf 88' lang='lat' dir='ltr'>enim</span> <span class='ocrx_word' id='word_1_8' title='bbox 585 256 653 295; x_wconf 83' lang='lat' dir='ltr'>illi,</span> <span class='ocrx_word' id='word_1_9' title='bbox 675 262 705 289; x_wconf 84' lang='lat' dir='ltr'>et</span> <span class='ocrx_word' id='word_1_10' title='bbox 728 256 798 300; x_wconf 89' lang='lat' dir='ltr'>ipse</span> <span class='ocrx_word' id='word_1_11' title='bbox 817 253 931 288; x_wconf 74' lang='lat' dir='ltr'>vultus</span> <span class='ocrx_word' id='word_1_12' title='bbox 951 255 1015 287; x_wconf 89' lang='lat' dir='ltr'>mei</span> <span class='ocrx_word' id='word_1_13' title='bbox 1043 254 1134 287; x_wconf 79' lang='lat' dir='ltr'>salus</span> <span class='ocrx_word' id='word_1_14' title='bbox 1153 255 1228 286; x_wconf 81' lang='lat' dir='ltr'>erit.</span> <span class='ocrx_word' id='word_1_15' title='bbox 1253 253 1392 287; x_wconf 84' lang='lat' dir='ltr'>Vultum</span> <span class='ocrx_word' id='word_1_16' title='bbox 1421 259 1532 285; x_wconf 82' lang='lat' dir='ltr'>autem</span> <span class='ocrx_word' id='word_1_17' title='bbox 1554 251 1618 284; x_wconf 89' lang='lat' dir='ltr'>hoc</span> <span class='ocrx_word' id='word_1_18' title='bbox 1637 251 1732 288; x_wconf 86' lang='lat' dir='ltr'>loeo,</span> <span class='ocrx_word' id='word_1_19' title='bbox 1755 261 1818 295; x_wconf 87' lang='lat' dir='ltr'>pro</span> 
     </span>
     <span class='ocr_line' id='line_1_3' title="bbox 141 308 1819 364; baseline -0.005 -14"><span class='ocrx_word' id='word_1_20' title='bbox 141 316 397 364; x_wconf 76' lang='lat' dir='ltr'>pulchritudine</span> <span class='ocrx_word' id='word_1_21' title='bbox 424 315 560 348; x_wconf 78' lang='lat' dir='ltr'>videtur</span> <span class='ocrx_word' id='word_1_22' title='bbox 585 314 711 347; x_wconf 72' lang='lat' dir='ltr'>dicere.</span> <span class='ocrx_word' id='word_1_23' title='bbox 740 314 825 346; x_wconf 89' lang='lat' dir='ltr'>Nam</span> <span class='ocrx_word' id='word_1_24' title='bbox 852 310 1029 345; x_wconf 65' lang='lat' dir='ltr'>eredentes</span> <span class='ocrx_word' id='word_1_25' title='bbox 1050 311 1184 344; x_wconf 89' lang='lat' dir='ltr'>Christo</span> <span class='ocrx_word' id='word_1_26' title='bbox 1203 311 1317 344; x_wconf 55' lang='lat' dir='ltr'>dix‘ina</span> <span class='ocrx_word' id='word_1_27' title='bbox 1345 310 1439 344; x_wconf 84' lang='lat' dir='ltr'>decet</span> <span class='ocrx_word' id='word_1_28' title='bbox 1468 308 1709 355; x_wconf 74' lang='lat' dir='ltr'>pulchritudo,</span> <span class='ocrx_word' id='word_1_29' title='bbox 1731 319 1819 353; x_wconf 89' lang='lat' dir='ltr'>quae</span> 
     </span>
     <span class='ocr_line' id='line_1_4' title="bbox 141 366 1818 417; baseline -0.007 -9"><span class='ocrx_word' id='word_1_30' title='bbox 141 375 176 408; x_wconf 90' lang='lat' dir='ltr'>in</span> <span class='ocrx_word' id='word_1_31' title='bbox 202 374 250 407; x_wconf 91' lang='lat' dir='ltr'>eis</span> <span class='ocrx_word' id='word_1_32' title='bbox 276 373 444 407; x_wconf 83' lang='lat' dir='ltr'>formatur</span> <span class='ocrx_word' id='word_1_33' title='bbox 471 383 533 417; x_wconf 90' lang='lat' dir='ltr'>per</span> <span class='ocrx_word' id='word_1_34' title='bbox 558 369 857 404; x_wconf 80' lang='lat' dir='ltr'>sanctificationem</span> <span class='ocrx_word' id='word_1_35' title='bbox 885 374 985 412; x_wconf 82' lang='lat' dir='ltr'>atque</span> <span class='ocrx_word' id='word_1_36' title='bbox 1012 369 1186 401; x_wconf 82' lang='lat' dir='ltr'>iustitiam.</span> <span class='ocrx_word' id='word_1_37' title='bbox 1215 370 1340 401; x_wconf 86' lang='lat' dir='ltr'>Contra</span> <span class='ocrx_word' id='word_1_38' title='bbox 1366 379 1467 401; x_wconf 66' lang='lat' dir='ltr'>vero.</span> <span class='ocrx_word' id='word_1_39' title='bbox 1490 372 1650 411; x_wconf 87' lang='lat' dir='ltr'>sequetur</span> <span class='ocrx_word' id='word_1_40' title='bbox 1676 366 1818 399; x_wconf 90' lang='lat' dir='ltr'>omnino</span> 
     </span>
     <span class='ocr_line' id='line_1_5' title="bbox 140 423 1813 472; baseline -0.005 -8"><span class='ocrx_word' id='word_1_41' title='bbox 140 430 338 464; x_wconf 86' lang='lat' dir='ltr'>incredulos</span> <span class='ocrx_word' id='word_1_42' title='bbox 369 429 570 463; x_wconf 70' lang='lat' dir='ltr'>deformitas</span> <span class='ocrx_word' id='word_1_43' title='bbox 589 454 596 466; x_wconf 87' lang='lat'>,</span> <span class='ocrx_word' id='word_1_44' title='bbox 629 428 708 472; x_wconf 87' lang='lat' dir='ltr'>quia</span> <span class='ocrx_word' id='word_1_45' title='bbox 738 426 879 459; x_wconf 86' lang='lat' dir='ltr'>decente</span> <span class='ocrx_word' id='word_1_46' title='bbox 910 424 987 458; x_wconf 90' lang='lat' dir='ltr'>illos</span> <span class='ocrx_word' id='word_1_47' title='bbox 1016 425 1130 458; x_wconf 65' lang='lat' dir='ltr'>divina</span> <span class='ocrx_word' id='word_1_48' title='bbox 1161 432 1189 458; x_wconf 89' lang='lat' dir='ltr'>et</span> <span class='ocrx_word' id='word_1_49' title='bbox 1223 426 1369 469; x_wconf 73' lang='lat' dir='ltr'>ingenua</span> <span class='ocrx_word' id='word_1_50' title='bbox 1400 423 1656 469; x_wconf 67' lang='lat' dir='ltr'>pulchritudine</span> <span class='ocrx_word' id='word_1_51' title='bbox 1686 429 1813 456; x_wconf 86' lang='lat' dir='ltr'>carent.</span> 
     </span>
     <span class='ocr_line' id='line_1_6' title="bbox 139 481 1820 530; baseline -0.006 -8"><span class='ocrx_word' id='word_1_52' title='bbox 139 487 373 530; x_wconf 73' lang='lat' dir='ltr'>Quamobrem</span> <span class='ocrx_word' id='word_1_53' title='bbox 402 494 433 521; x_wconf 89' lang='lat' dir='ltr'>et</span> <span class='ocrx_word' id='word_1_54' title='bbox 462 486 529 519; x_wconf 89' lang='lat' dir='ltr'>illis</span> <span class='ocrx_word' id='word_1_55' title='bbox 554 486 612 530; x_wconf 89' lang='lat' dir='ltr'>qui</span> <span class='ocrx_word' id='word_1_56' title='bbox 638 490 712 530; x_wconf 92' lang='lat' dir='ltr'>post</span> <span class='ocrx_word' id='word_1_57' title='bbox 741 483 844 517; x_wconf 77' lang='lat' dir='ltr'>iidem</span> <span class='ocrx_word' id='word_1_58' title='bbox 872 489 1078 528; x_wconf 77' lang='lat' dir='ltr'>susceptam,</span> <span class='ocrx_word' id='word_1_59' title='bbox 1105 482 1322 516; x_wconf 85' lang='lat' dir='ltr'>honorabant</span> <span class='ocrx_word' id='word_1_60' title='bbox 1350 482 1462 515; x_wconf 84' lang='lat' dir='ltr'>adhuc</span> <span class='ocrx_word' id='word_1_61' title='bbox 1488 481 1631 525; x_wconf 74' lang='lat' dir='ltr'>legalem</span> <span class='ocrx_word' id='word_1_62' title='bbox 1658 481 1820 513; x_wconf 86' lang='lat' dir='ltr'>iustitiam</span> 
     </span>
     <span class='ocr_line' id='line_1_7' title="bbox 140 536 1818 586; baseline -0.005 -7"><span class='ocrx_word' id='word_1_63' title='bbox 140 546 240 579; x_wconf 87' lang='lat' dir='ltr'>divus</span> <span class='ocrx_word' id='word_1_64' title='bbox 267 545 390 578; x_wconf 87' lang='lat' dir='ltr'>Paulus</span> <span class='ocrx_word' id='word_1_65' title='bbox 412 545 457 578; x_wconf 89' lang='lat' dir='ltr'>ita</span> <span class='ocrx_word' id='word_1_66' title='bbox 477 542 646 577; x_wconf 82' lang='lat' dir='ltr'>scribebat</span> <span class='ocrx_word' id='word_1_67' title='bbox 668 543 696 575; x_wconf 77' lang='grc' dir='ltr'><strong><em>ἐ</em></strong></span> <span class='ocrx_word' id='word_1_68' title='bbox 722 556 736 573; x_wconf 90' lang='lat'>«</span> <span class='ocrx_word' id='word_1_69' title='bbox 762 540 876 577; x_wconf 84' lang='lat' dir='ltr'>filioli.</span> <span class='ocrx_word' id='word_1_70' title='bbox 898 552 985 586; x_wconf 87' lang='lat' dir='ltr'>quos</span> <span class='ocrx_word' id='word_1_71' title='bbox 1004 541 1126 573; x_wconf 88' lang='lat' dir='ltr'>iterum</span> <span class='ocrx_word' id='word_1_72' title='bbox 1148 541 1321 585; x_wconf 88' lang='lat' dir='ltr'>parturio,</span> <span class='ocrx_word' id='word_1_73' title='bbox 1345 539 1455 572; x_wconf 83' lang='lat' dir='ltr'>donee</span> <span class='ocrx_word' id='word_1_74' title='bbox 1476 539 1644 571; x_wconf 86' lang='lat' dir='ltr'>formetur</span> <span class='ocrx_word' id='word_1_75' title='bbox 1665 539 1698 570; x_wconf 92' lang='lat' dir='ltr'>in</span> <span class='ocrx_word' id='word_1_76' title='bbox 1719 536 1818 571; x_wconf 68' lang='lat' dir='ltr'>vobis</span> 
     </span>
     <span class='ocr_line' id='line_1_8' title="bbox 140 594 1819 647; baseline -0.007 -10"><span class='ocrx_word' id='word_1_77' title='bbox 140 603 305 637; x_wconf 80' lang='lat' dir='ltr'>Christus.</span> <span class='ocrx_word' id='word_1_78' title='bbox 334 617 349 633; x_wconf 88' lang='lat'>»</span> <span class='ocrx_word' id='word_1_79' title='bbox 372 603 461 647; x_wconf 84' lang='lat' dir='ltr'>Ergo</span> <span class='ocrx_word' id='word_1_80' title='bbox 484 612 561 634; x_wconf 91' lang='lat' dir='ltr'>cum</span> <span class='ocrx_word' id='word_1_81' title='bbox 580 601 613 633; x_wconf 93' lang='lat' dir='ltr'>in</span> <span class='ocrx_word' id='word_1_82' title='bbox 634 598 733 633; x_wconf 85' lang='lat' dir='ltr'>nobis</span> <span class='ocrx_word' id='word_1_83' title='bbox 752 599 903 633; x_wconf 84' lang='lat' dir='ltr'>Christus</span> <span class='ocrx_word' id='word_1_84' title='bbox 924 598 1109 635; x_wconf 88' lang='lat' dir='ltr'>formatur,</span> <span class='ocrx_word' id='word_1_85' title='bbox 1132 604 1212 630; x_wconf 84' lang='lat' dir='ltr'>tunc</span> <span class='ocrx_word' id='word_1_86' title='bbox 1231 597 1347 630; x_wconf 71' lang='lat' dir='ltr'>vultus</span> <span class='ocrx_word' id='word_1_87' title='bbox 1367 597 1516 630; x_wconf 88' lang='lat' dir='ltr'>animae.</span> <span class='ocrx_word' id='word_1_88' title='bbox 1538 595 1572 628; x_wconf 88' lang='lat' dir='ltr'>id</span> <span class='ocrx_word' id='word_1_89' title='bbox 1600 601 1649 627; x_wconf 79' lang='lat' dir='ltr'>est</span> <span class='ocrx_word' id='word_1_90' title='bbox 1668 594 1819 639; x_wconf 88' lang='lat' dir='ltr'>pulchri—</span> 
     </span>
     <span class='ocr_line' id='line_1_9' title="bbox 141 652 1820 702; baseline -0.007 -8"><span class='ocrx_word' id='word_1_91' title='bbox 141 660 271 694; x_wconf 89' lang='lat' dir='ltr'>tudinis</span> <span class='ocrx_word' id='word_1_92' title='bbox 290 661 380 697; x_wconf 80' lang='lat' dir='ltr'>eius,</span> <span class='ocrx_word' id='word_1_93' title='bbox 404 659 547 692; x_wconf 85' lang='lat' dir='ltr'>salutem</span> <span class='ocrx_word' id='word_1_94' title='bbox 573 663 748 702; x_wconf 81' lang='lat' dir='ltr'>operatur.</span> <span class='ocrx_word' id='word_1_95' title='bbox 779 656 972 690; x_wconf 73' lang='lat' dir='ltr'>Rectissime</span> <span class='ocrx_word' id='word_1_96' title='bbox 999 662 1110 689; x_wconf 88' lang='lat' dir='ltr'>autem</span> <span class='ocrx_word' id='word_1_97' title='bbox 1136 653 1394 688; x_wconf 73' lang='lat' dir='ltr'>Emmanuelem</span> <span class='ocrx_word' id='word_1_98' title='bbox 1414 653 1564 698; x_wconf 80' lang='lat' dir='ltr'>appellat</span> <span class='ocrx_word' id='word_1_99' title='bbox 1584 653 1690 685; x_wconf 85' lang='lat' dir='ltr'>Deum</span> <span class='ocrx_word' id='word_1_100' title='bbox 1710 652 1820 684; x_wconf 80' lang='lat' dir='ltr'>cruci—</span> 
     </span>
     <span class='ocr_line' id='line_1_10' title="bbox 142 710 1816 763; baseline -0.006 -12"><span class='ocrx_word' id='word_1_101' title='bbox 142 718 230 751; x_wconf 71' lang='lat' dir='ltr'>fixor</span> <span class='ocrx_word' id='word_1_102' title='bbox 250 718 414 763; x_wconf 71' lang='lat' dir='ltr'>populus,</span> <span class='ocrx_word' id='word_1_103' title='bbox 437 726 646 761; x_wconf 86' lang='lat' dir='ltr'>quamquam</span> <span class='ocrx_word' id='word_1_104' title='bbox 664 726 743 748; x_wconf 90' lang='lat' dir='ltr'>eum</span> <span class='ocrx_word' id='word_1_105' title='bbox 762 715 846 748; x_wconf 87' lang='lat' dir='ltr'>olim</span> <span class='ocrx_word' id='word_1_106' title='bbox 866 720 912 747; x_wconf 88' lang='lat' dir='ltr'>est</span> <span class='ocrx_word' id='word_1_107' title='bbox 934 719 1132 759; x_wconf 84' lang='lat' dir='ltr'>persecutus</span> <span class='ocrx_word' id='word_1_108' title='bbox 1154 712 1271 745; x_wconf 79' lang='lat' dir='ltr'>dicens</span> <span class='ocrx_word' id='word_1_109' title='bbox 1292 712 1319 744; x_wconf 74' lang='grc' dir='ltr'><strong><em>ἐ</em></strong></span> <span class='ocrx_word' id='word_1_110' title='bbox 1343 723 1402 744; x_wconf 90' lang='lat' dir='ltr'>eur</span> <span class='ocrx_word' id='word_1_111' title='bbox 1423 717 1457 743; x_wconf 89' lang='lat' dir='ltr'>tu</span> <span class='ocrx_word' id='word_1_112' title='bbox 1471 736 1478 748; x_wconf 86' lang='lat'>,</span> <span class='ocrx_word' id='word_1_113' title='bbox 1501 710 1606 743; x_wconf 87' lang='lat' dir='ltr'>homo</span> <span class='ocrx_word' id='word_1_114' title='bbox 1624 721 1731 754; x_wconf 84' lang='lat' dir='ltr'>quum</span> <span class='ocrx_word' id='word_1_115' title='bbox 1752 710 1796 742; x_wconf 81' lang='lat' dir='ltr'>sis</span> <span class='ocrx_word' id='word_1_116' title='bbox 1809 736 1816 747; x_wconf 94' lang='lat'>,</span> 
     </span>
     <span class='ocr_line' id='line_1_11' title="bbox 142 766 1817 820; baseline -0.005 -11"><span class='ocrx_word' id='word_1_117' title='bbox 142 775 223 809; x_wconf 84' lang='lat' dir='ltr'>sacis</span> <span class='ocrx_word' id='word_1_118' title='bbox 243 782 274 809; x_wconf 91' lang='lat' dir='ltr'>te</span> <span class='ocrx_word' id='word_1_119' title='bbox 293 776 403 820; x_wconf 91' lang='lat' dir='ltr'>ipsum</span> <span class='ocrx_word' id='word_1_120' title='bbox 426 773 557 807; x_wconf 74' lang='lat' dir='ltr'>Deum?</span> <span class='ocrx_word' id='word_1_121' title='bbox 578 772 642 805; x_wconf 81' lang='lat' dir='ltr'>Sed</span> <span class='ocrx_word' id='word_1_122' title='bbox 664 784 753 805; x_wconf 86' lang='lat' dir='ltr'>nune</span> <span class='ocrx_word' id='word_1_123' title='bbox 773 772 911 805; x_wconf 84' lang='lat' dir='ltr'>demum</span> <span class='ocrx_word' id='word_1_124' title='bbox 940 772 1078 815; x_wconf 79' lang='lat' dir='ltr'>cognito</span> <span class='ocrx_word' id='word_1_125' title='bbox 1098 771 1169 804; x_wconf 76' lang='lat' dir='ltr'>eius</span> <span class='ocrx_word' id='word_1_126' title='bbox 1189 769 1356 806; x_wconf 60' lang='lat' dir='ltr'>adventu,</span> <span class='ocrx_word' id='word_1_127' title='bbox 1378 779 1521 812; x_wconf 78' lang='lat' dir='ltr'>eamque</span> <span class='ocrx_word' id='word_1_128' title='bbox 1541 778 1613 800; x_wconf 90' lang='lat' dir='ltr'>rem</span> <span class='ocrx_word' id='word_1_129' title='bbox 1633 766 1817 801; x_wconf 68' lang='lat' dir='ltr'>confitens.</span> 
     </span>
     <span class='ocr_line' id='line_1_12' title="bbox 142 825 1817 876; baseline -0.005 -10"><span class='ocrx_word' id='word_1_130' title='bbox 142 834 250 866; x_wconf 76' lang='lat' dir='ltr'>Deum</span> <span class='ocrx_word' id='word_1_131' title='bbox 269 844 368 866; x_wconf 89' lang='lat' dir='ltr'>suum</span> <span class='ocrx_word' id='word_1_132' title='bbox 395 831 476 864; x_wconf 82' lang='lat' dir='ltr'>dicit</span> <span class='ocrx_word' id='word_1_133' title='bbox 501 831 691 868; x_wconf 75' lang='lat' dir='ltr'>Christum:</span> <span class='ocrx_word' id='word_1_134' title='bbox 713 830 996 876; x_wconf 80' lang='lat' dir='ltr'>praeclarumque</span> <span class='ocrx_word' id='word_1_135' title='bbox 1023 828 1056 861; x_wconf 91' lang='lat' dir='ltr'>id</span> <span class='ocrx_word' id='word_1_136' title='bbox 1084 840 1209 861; x_wconf 85' lang='lat' dir='ltr'>nomen</span> <span class='ocrx_word' id='word_1_137' title='bbox 1237 826 1299 860; x_wconf 88' lang='lat' dir='ltr'>sibi</span> <span class='ocrx_word' id='word_1_138' title='bbox 1326 825 1504 859; x_wconf 78' lang='lat' dir='ltr'>nobiseum</span> <span class='ocrx_word' id='word_1_139' title='bbox 1526 825 1689 869; x_wconf 77' lang='lat' dir='ltr'>imponit.</span> <span class='ocrx_word' id='word_1_140' title='bbox 1712 825 1755 857; x_wconf 90' lang='lat' dir='ltr'>ita</span> <span class='ocrx_word' id='word_1_141' title='bbox 1785 831 1817 857; x_wconf 84' lang='lat' dir='ltr'>ut</span> 
     </span>
     <span class='ocr_line' id='line_1_13' title="bbox 142 888 662 933; baseline -0.006 -9"><span class='ocrx_word' id='word_1_142' title='bbox 142 892 184 924; x_wconf 82' lang='lat' dir='ltr'>sit</span> <span class='ocrx_word' id='word_1_143' title='bbox 209 896 419 933; x_wconf 70' lang='lat' dir='ltr'>voceturque</span> <span class='ocrx_word' id='word_1_144' title='bbox 445 888 662 921; x_wconf 87' lang='lat' dir='ltr'>christianus.</span> 
     </span>
    </p>
   </div>
   <div class='ocr_carea' id='block_1_3' title="bbox 248 956 1714 1029">
    <p class='ocr_par' dir='ltr' id='par_1_3' title="bbox 248 956 1714 1029">
     <span class='ocr_line' id='line_1_14' title="bbox 248 956 1714 991; baseline -0.006 -5"><span class='ocrx_word' id='word_1_145' title='bbox 248 964 339 991; x_wconf 75' lang='lat' dir='ltr'>Apud</span> <span class='ocrx_word' id='word_1_146' title='bbox 357 970 405 986; x_wconf 84' lang='lat' dir='ltr'>me</span> <span class='ocrx_word' id='word_1_147' title='bbox 420 964 522 990; x_wconf 77' lang='lat' dir='ltr'>ipsum</span> <span class='ocrx_word' id='word_1_148' title='bbox 539 964 645 986; x_wconf 76' lang='lat' dir='ltr'>anima</span> <span class='ocrx_word' id='word_1_149' title='bbox 662 969 729 985; x_wconf 79' lang='lat' dir='ltr'>mea</span> <span class='ocrx_word' id='word_1_150' title='bbox 746 963 934 986; x_wconf 79' lang='lat' dir='ltr'>conturbata</span> <span class='ocrx_word' id='word_1_151' title='bbox 950 963 1010 987; x_wconf 64' lang='lat' dir='ltr'>esu</span> <span class='ocrx_word' id='word_1_152' title='bbox 1027 963 1193 988; x_wconf 70' lang='lat' dir='ltr'>propterea</span> <span class='ocrx_word' id='word_1_153' title='bbox 1209 966 1325 982; x_wconf 80' lang='lat' dir='ltr'>memor</span> <span class='ocrx_word' id='word_1_154' title='bbox 1342 959 1389 981; x_wconf 79' lang='lat' dir='ltr'>mi</span> <span class='ocrx_word' id='word_1_155' title='bbox 1407 958 1444 980; x_wconf 82' lang='lat' dir='ltr'>de</span> <span class='ocrx_word' id='word_1_156' title='bbox 1462 959 1550 979; x_wconf 70' lang='lat' dir='ltr'>ten-a</span> <span class='ocrx_word' id='word_1_157' title='bbox 1568 956 1714 978; x_wconf 74' lang='lat' dir='ltr'>Iordanis</span> 
     </span>
     <span class='ocr_line' id='line_1_15' title="bbox 708 1004 1253 1029; baseline -0.006 0"><span class='ocrx_word' id='word_1_158' title='bbox 708 1009 739 1029; x_wconf 78' lang='lat' dir='ltr'>et</span> <span class='ocrx_word' id='word_1_159' title='bbox 757 1007 952 1029; x_wconf 74' lang='lat' dir='ltr'>flermoniim</span> <span class='ocrx_word' id='word_1_160' title='bbox 970 1013 989 1028; x_wconf 84' lang='lat' dir='ltr'>a</span> <span class='ocrx_word' id='word_1_161' title='bbox 1006 1007 1110 1028; x_wconf 71' lang='lat' dir='ltr'>moute</span> <span class='ocrx_word' id='word_1_162' title='bbox 1125 1004 1253 1026; x_wconf 77' lang='lat' dir='ltr'>modico.</span> 
     </span>
    </p>
   </div>
   <div class='ocr_carea' id='block_1_4' title="bbox 140 1054 1821 2541">
    <p class='ocr_par' dir='ltr' id='par_1_4' title="bbox 140 1054 1821 2185">
     <span class='ocr_line' id='line_1_16' title="bbox 236 1054 1817 1107; baseline -0.005 -12"><span class='ocrx_word' id='word_1_163' title='bbox 236 1062 321 1102; x_wconf 83' lang='lat' dir='ltr'>Quia</span> <span class='ocrx_word' id='word_1_164' title='bbox 348 1061 483 1095; x_wconf 90' lang='lat' dir='ltr'>turbata</span> <span class='ocrx_word' id='word_1_165' title='bbox 510 1067 575 1097; x_wconf 69' lang='lat' dir='ltr'>est.</span> <span class='ocrx_word' id='word_1_166' title='bbox 598 1062 726 1107; x_wconf 74' lang='lat' dir='ltr'>inquit,</span> <span class='ocrx_word' id='word_1_167' title='bbox 749 1061 860 1095; x_wconf 89' lang='lat' dir='ltr'>anima</span> <span class='ocrx_word' id='word_1_168' title='bbox 887 1071 980 1097; x_wconf 82' lang='lat' dir='ltr'>mea,</span> <span class='ocrx_word' id='word_1_169' title='bbox 1002 1060 1080 1092; x_wconf 84' lang='lat' dir='ltr'>ideo</span> <span class='ocrx_word' id='word_1_170' title='bbox 1100 1070 1264 1092; x_wconf 53' lang='lat' dir='ltr'>revocans</span> <span class='ocrx_word' id='word_1_171' title='bbox 1282 1056 1365 1090; x_wconf 88' lang='lat' dir='ltr'>mihi</span> <span class='ocrx_word' id='word_1_172' title='bbox 1386 1057 1420 1089; x_wconf 90' lang='lat' dir='ltr'>in</span> <span class='ocrx_word' id='word_1_173' title='bbox 1441 1055 1642 1089; x_wconf 83' lang='lat' dir='ltr'>memoriam</span> <span class='ocrx_word' id='word_1_174' title='bbox 1662 1054 1817 1100; x_wconf 85' lang='lat' dir='ltr'>prodigia</span> 
     </span>
     <span class='ocr_line' id='line_1_17' title="bbox 142 1112 1816 1164; baseline -0.004 -12"><span class='ocrx_word' id='word_1_175' title='bbox 142 1125 214 1155; x_wconf 88' lang='lat' dir='ltr'>tua.</span> <span class='ocrx_word' id='word_1_176' title='bbox 239 1131 326 1164; x_wconf 85' lang='lat' dir='ltr'>quae</span> <span class='ocrx_word' id='word_1_177' title='bbox 353 1119 451 1152; x_wconf 82' lang='lat' dir='ltr'>nobis</span> <span class='ocrx_word' id='word_1_178' title='bbox 478 1120 565 1152; x_wconf 79' lang='lat' dir='ltr'>eirca</span> <span class='ocrx_word' id='word_1_179' title='bbox 594 1119 775 1152; x_wconf 78' lang='lat' dir='ltr'>Iordanem</span> <span class='ocrx_word' id='word_1_180' title='bbox 802 1116 999 1154; x_wconf 72' lang='lat' dir='ltr'>ostendisti,</span> <span class='ocrx_word' id='word_1_181' title='bbox 1021 1123 1051 1149; x_wconf 80' lang='lat' dir='ltr'>(t</span> <span class='ocrx_word' id='word_1_182' title='bbox 1080 1117 1166 1149; x_wconf 84' lang='lat' dir='ltr'>cirea</span> <span class='ocrx_word' id='word_1_183' title='bbox 1194 1115 1388 1160; x_wconf 78' lang='lat' dir='ltr'>proximum</span> <span class='ocrx_word' id='word_1_184' title='bbox 1415 1118 1569 1146; x_wconf 86' lang='lat' dir='ltr'>montem</span> <span class='ocrx_word' id='word_1_185' title='bbox 1590 1112 1816 1146; x_wconf 78' lang='lat' dir='ltr'>Aermonem.</span> 
     </span>
     <span class='ocr_line' id='line_1_18' title="bbox 142 1169 1818 1222; baseline -0.005 -13"><span class='ocrx_word' id='word_1_186' title='bbox 142 1187 197 1209; x_wconf 83' lang='lat' dir='ltr'>me</span> <span class='ocrx_word' id='word_1_187' title='bbox 216 1178 327 1222; x_wconf 86' lang='lat' dir='ltr'>ipsum</span> <span class='ocrx_word' id='word_1_188' title='bbox 347 1175 499 1210; x_wconf 76' lang='lat' dir='ltr'>solabor.</span> <span class='ocrx_word' id='word_1_189' title='bbox 518 1175 649 1209; x_wconf 72' lang='lat' dir='ltr'>Attiore</span> <span class='ocrx_word' id='word_1_190' title='bbox 669 1182 780 1209; x_wconf 83' lang='lat' dir='ltr'>autem</span> <span class='ocrx_word' id='word_1_191' title='bbox 801 1186 901 1208; x_wconf 84' lang='lat' dir='ltr'>sensu</span> <span class='ocrx_word' id='word_1_192' title='bbox 919 1173 1017 1207; x_wconf 86' lang='lat' dir='ltr'>dicit:</span> <span class='ocrx_word' id='word_1_193' title='bbox 1034 1184 1140 1218; x_wconf 86' lang='lat' dir='ltr'>quum</span> <span class='ocrx_word' id='word_1_194' title='bbox 1162 1172 1203 1205; x_wconf 90' lang='lat' dir='ltr'>ad</span> <span class='ocrx_word' id='word_1_195' title='bbox 1225 1171 1405 1205; x_wconf 82' lang='lat' dir='ltr'>Iordanem</span> <span class='ocrx_word' id='word_1_196' title='bbox 1426 1180 1571 1206; x_wconf 82' lang='lat' dir='ltr'>venero,</span> <span class='ocrx_word' id='word_1_197' title='bbox 1591 1169 1624 1201; x_wconf 91' lang='lat' dir='ltr'>id</span> <span class='ocrx_word' id='word_1_198' title='bbox 1643 1174 1690 1201; x_wconf 86' lang='lat' dir='ltr'>est</span> <span class='ocrx_word' id='word_1_199' title='bbox 1711 1180 1818 1213; x_wconf 79' lang='lat' dir='ltr'>quum</span> 
     </span>
     <span class='ocr_line' id='line_1_19' title="bbox 141 1226 1814 1279; baseline -0.004 -13"><span class='ocrx_word' id='word_1_200' title='bbox 141 1240 294 1267; x_wconf 87' lang='lat' dir='ltr'>sanctum</span> <span class='ocrx_word' id='word_1_201' title='bbox 323 1234 529 1279; x_wconf 78' lang='lat' dir='ltr'>baptismum</span> <span class='ocrx_word' id='word_1_202' title='bbox 561 1233 657 1266; x_wconf 81' lang='lat' dir='ltr'>fuero</span> <span class='ocrx_word' id='word_1_203' title='bbox 687 1239 910 1267; x_wconf 86' lang='lat' dir='ltr'>consecutus,</span> <span class='ocrx_word' id='word_1_204' title='bbox 940 1238 1019 1264; x_wconf 87' lang='lat' dir='ltr'>tunc</span> <span class='ocrx_word' id='word_1_205' title='bbox 1050 1231 1098 1263; x_wconf 88' lang='lat' dir='ltr'>tui</span> <span class='ocrx_word' id='word_1_206' title='bbox 1131 1230 1322 1263; x_wconf 83' lang='lat' dir='ltr'>meminero</span> <span class='ocrx_word' id='word_1_207' title='bbox 1354 1240 1414 1274; x_wconf 88' lang='lat' dir='ltr'>per</span> <span class='ocrx_word' id='word_1_208' title='bbox 1446 1227 1551 1260; x_wconf 60' lang='lat' dir='ltr'>verba</span> <span class='ocrx_word' id='word_1_209' title='bbox 1581 1226 1814 1260; x_wconf 82' lang='lat' dir='ltr'>confessionis.</span> 
     </span>
     <span class='ocr_line' id='line_1_20' title="bbox 140 1285 1818 1334; baseline -0.005 -10"><span class='ocrx_word' id='word_1_210' title='bbox 140 1292 329 1325; x_wconf 77' lang='lat' dir='ltr'>Meminero</span> <span class='ocrx_word' id='word_1_211' title='bbox 355 1292 455 1324; x_wconf 86' lang='lat' dir='ltr'>etiam</span> <span class='ocrx_word' id='word_1_212' title='bbox 481 1291 713 1327; x_wconf 83' lang='lat' dir='ltr'>Hermoniim,</span> <span class='ocrx_word' id='word_1_213' title='bbox 735 1290 829 1334; x_wconf 79' lang='lat' dir='ltr'>quod</span> <span class='ocrx_word' id='word_1_214' title='bbox 855 1289 1073 1334; x_wconf 82' lang='lat' dir='ltr'>interpretari</span> <span class='ocrx_word' id='word_1_215' title='bbox 1101 1288 1187 1321; x_wconf 87' lang='lat' dir='ltr'>solet</span> <span class='ocrx_word' id='word_1_216' title='bbox 1206 1289 1260 1320; x_wconf 72' lang='lat' dir='ltr'>via</span> <span class='ocrx_word' id='word_1_217' title='bbox 1284 1288 1444 1320; x_wconf 87' lang='lat' dir='ltr'>lucernae</span> <span class='ocrx_word' id='word_1_218' title='bbox 1464 1286 1527 1329; x_wconf 66' lang='grc' dir='ltr'>(Η,</span> <span class='ocrx_word' id='word_1_219' title='bbox 1549 1285 1629 1330; x_wconf 86' lang='lat' dir='ltr'>quia</span> <span class='ocrx_word' id='word_1_220' title='bbox 1656 1285 1818 1317; x_wconf 90' lang='lat' dir='ltr'>nimirum</span> 
     </span>
     <span class='ocr_line' id='line_1_21' title="bbox 141 1343 1819 1394; baseline -0.004 -13"><span class='ocrx_word' id='word_1_221' title='bbox 141 1355 277 1382; x_wconf 83' lang='lat' dir='ltr'>sanetus</span> <span class='ocrx_word' id='word_1_222' title='bbox 296 1348 484 1394; x_wconf 73' lang='lat' dir='ltr'>baptismus</span> <span class='ocrx_word' id='word_1_223' title='bbox 502 1349 593 1381; x_wconf 56' lang='lat' dir='ltr'>viam</span> <span class='ocrx_word' id='word_1_224' title='bbox 613 1348 731 1393; x_wconf 82' lang='lat' dir='ltr'>pandit</span> <span class='ocrx_word' id='word_1_225' title='bbox 752 1347 1024 1380; x_wconf 85' lang='lat' dir='ltr'>illuminationis.</span> <span class='ocrx_word' id='word_1_226' title='bbox 1044 1347 1153 1379; x_wconf 90' lang='lat' dir='ltr'>Porro</span> <span class='ocrx_word' id='word_1_227' title='bbox 1170 1345 1308 1378; x_wconf 68' lang='lat' dir='ltr'>videtur</span> <span class='ocrx_word' id='word_1_228' title='bbox 1325 1344 1406 1377; x_wconf 88' lang='lat' dir='ltr'>mihi</span> <span class='ocrx_word' id='word_1_229' title='bbox 1427 1343 1682 1388; x_wconf 88' lang='lat' dir='ltr'>praedictorum</span> <span class='ocrx_word' id='word_1_230' title='bbox 1703 1353 1819 1375; x_wconf 87' lang='lat' dir='ltr'>sensus</span> 
     </span>
     <span class='ocr_line' id='line_1_22' title="bbox 142 1399 1820 1450; baseline -0.005 -10"><span class='ocrx_word' id='word_1_231' title='bbox 142 1407 355 1440; x_wconf 87' lang='lat' dir='ltr'>huiusmodi.</span> <span class='ocrx_word' id='word_1_232' title='bbox 373 1408 397 1439; x_wconf 92' lang='lat' dir='ltr'>si</span> <span class='ocrx_word' id='word_1_233' title='bbox 418 1405 605 1439; x_wconf 74' lang='lat' dir='ltr'>verborum</span> <span class='ocrx_word' id='word_1_234' title='bbox 624 1407 694 1438; x_wconf 57' lang='lat' dir='ltr'>vim</span> <span class='ocrx_word' id='word_1_235' title='bbox 713 1406 943 1450; x_wconf 78' lang='lat' dir='ltr'>inspiciamus.</span> <span class='ocrx_word' id='word_1_236' title='bbox 964 1405 1041 1437; x_wconf 87' lang='lat' dir='ltr'>Post</span> <span class='ocrx_word' id='word_1_237' title='bbox 1061 1404 1187 1448; x_wconf 60' lang='lat' dir='ltr'>Moysis</span> <span class='ocrx_word' id='word_1_238' title='bbox 1205 1402 1339 1436; x_wconf 88' lang='lat' dir='ltr'>obitum</span> <span class='ocrx_word' id='word_1_239' title='bbox 1351 1429 1358 1439; x_wconf 90' lang='lat'>,</span> <span class='ocrx_word' id='word_1_240' title='bbox 1376 1403 1473 1435; x_wconf 86' lang='lat' dir='ltr'>Iosue</span> <span class='ocrx_word' id='word_1_241' title='bbox 1493 1399 1662 1446; x_wconf 84' lang='lat' dir='ltr'>populum</span> <span class='ocrx_word' id='word_1_242' title='bbox 1683 1399 1725 1432; x_wconf 89' lang='lat' dir='ltr'>ad</span> <span class='ocrx_word' id='word_1_243' title='bbox 1744 1410 1820 1444; x_wconf 91' lang='lat' dir='ltr'>pro-</span> 
     </span>
     <span class='ocr_line' id='line_1_23' title="bbox 142 1456 1819 1507; baseline -0.004 -11"><span class='ocrx_word' id='word_1_244' title='bbox 142 1464 278 1497; x_wconf 89' lang='lat' dir='ltr'>missam</span> <span class='ocrx_word' id='word_1_245' title='bbox 306 1464 481 1507; x_wconf 56' lang='lat' dir='ltr'>regionem</span> <span class='ocrx_word' id='word_1_246' title='bbox 508 1463 669 1499; x_wconf 75' lang='lat' dir='ltr'>(lucente,</span> <span class='ocrx_word' id='word_1_247' title='bbox 691 1473 798 1507; x_wconf 83' lang='lat' dir='ltr'>quum</span> <span class='ocrx_word' id='word_1_248' title='bbox 825 1461 1018 1495; x_wconf 77' lang='lat' dir='ltr'>sacerdotes</span> <span class='ocrx_word' id='word_1_249' title='bbox 1044 1461 1085 1493; x_wconf 89' lang='lat' dir='ltr'>ad</span> <span class='ocrx_word' id='word_1_250' title='bbox 1113 1460 1293 1494; x_wconf 74' lang='lat' dir='ltr'>Iordanem</span> <span class='ocrx_word' id='word_1_251' title='bbox 1314 1460 1504 1496; x_wconf 54' lang='lat' dir='ltr'>venissent,</span> <span class='ocrx_word' id='word_1_252' title='bbox 1528 1468 1641 1491; x_wconf 87' lang='lat' dir='ltr'>aream</span> <span class='ocrx_word' id='word_1_253' title='bbox 1666 1456 1819 1489; x_wconf 87' lang='lat' dir='ltr'>humeris</span> 
     </span>
     <span class='ocr_line' id='line_1_24' title="bbox 142 1515 1820 1566; baseline -0.004 -12"><span class='ocrx_word' id='word_1_254' title='bbox 142 1526 327 1566; x_wconf 81' lang='lat' dir='ltr'>gestantes,</span> <span class='ocrx_word' id='word_1_255' title='bbox 349 1520 526 1557; x_wconf 82' lang='lat' dir='ltr'>Iordanes,</span> <span class='ocrx_word' id='word_1_256' title='bbox 547 1527 583 1553; x_wconf 84' lang='lat' dir='ltr'>ut</span> <span class='ocrx_word' id='word_1_257' title='bbox 611 1520 655 1552; x_wconf 87' lang='lat' dir='ltr'>ait</span> <span class='ocrx_word' id='word_1_258' title='bbox 682 1520 849 1564; x_wconf 82' lang='lat' dir='ltr'>scriptura</span> <span class='ocrx_word' id='word_1_259' title='bbox 870 1520 898 1557; x_wconf 75' lang='lat'>⁹,</span> <span class='ocrx_word' id='word_1_260' title='bbox 920 1524 1100 1562; x_wconf 87' lang='lat' dir='ltr'>utramque</span> <span class='ocrx_word' id='word_1_261' title='bbox 1126 1518 1236 1562; x_wconf 88' lang='lat' dir='ltr'>ripam</span> <span class='ocrx_word' id='word_1_262' title='bbox 1262 1515 1440 1562; x_wconf 86' lang='lat' dir='ltr'>implebat.</span> <span class='ocrx_word' id='word_1_263' title='bbox 1470 1517 1554 1549; x_wconf 87' lang='lat' dir='ltr'>Ecce</span> <span class='ocrx_word' id='word_1_264' title='bbox 1581 1521 1694 1548; x_wconf 88' lang='lat' dir='ltr'>autem</span> <span class='ocrx_word' id='word_1_265' title='bbox 1718 1520 1820 1547; x_wconf 85' lang='lat' dir='ltr'>stete-</span> 
     </span>
     <span class='ocr_line' id='line_1_25' title="bbox 143 1571 1820 1623; baseline -0.004 -12"><span class='ocrx_word' id='word_1_266' title='bbox 143 1584 222 1611; x_wconf 86' lang='lat' dir='ltr'>runt</span> <span class='ocrx_word' id='word_1_267' title='bbox 243 1578 434 1623; x_wconf 87' lang='lat' dir='ltr'>superiores</span> <span class='ocrx_word' id='word_1_268' title='bbox 453 1589 559 1622; x_wconf 74' lang='lat' dir='ltr'>aquae</span> <span class='ocrx_word' id='word_1_269' title='bbox 583 1577 783 1611; x_wconf 76' lang='lat' dir='ltr'>cumulatim</span> <span class='ocrx_word' id='word_1_270' title='bbox 803 1576 1023 1610; x_wconf 86' lang='lat' dir='ltr'>constrictae:</span> <span class='ocrx_word' id='word_1_271' title='bbox 1047 1574 1129 1608; x_wconf 91' lang='lat' dir='ltr'>dum</span> <span class='ocrx_word' id='word_1_272' title='bbox 1158 1575 1294 1607; x_wconf 85' lang='lat' dir='ltr'>interim</span> <span class='ocrx_word' id='word_1_273' title='bbox 1321 1573 1499 1607; x_wconf 88' lang='lat' dir='ltr'>inferiores</span> <span class='ocrx_word' id='word_1_274' title='bbox 1520 1573 1554 1605; x_wconf 93' lang='lat' dir='ltr'>in</span> <span class='ocrx_word' id='word_1_275' title='bbox 1574 1583 1667 1605; x_wconf 87' lang='lat' dir='ltr'>mare</span> <span class='ocrx_word' id='word_1_276' title='bbox 1693 1571 1820 1605; x_wconf 89' lang='lat' dir='ltr'>salsum</span> 
     </span>
     <span class='ocr_line' id='line_1_26' title="bbox 141 1630 1820 1680; baseline -0.004 -11"><span class='ocrx_word' id='word_1_277' title='bbox 141 1635 400 1669; x_wconf 85' lang='lat' dir='ltr'>descenderent.</span> <span class='ocrx_word' id='word_1_278' title='bbox 428 1636 615 1680; x_wconf 79' lang='lat' dir='ltr'>Cunctique</span> <span class='ocrx_word' id='word_1_279' title='bbox 643 1634 703 1667; x_wconf 83' lang='lat' dir='ltr'>filii</span> <span class='ocrx_word' id='word_1_280' title='bbox 730 1633 888 1667; x_wconf 90' lang='lat' dir='ltr'>Israhelis</span> <span class='ocrx_word' id='word_1_281' title='bbox 914 1633 1121 1666; x_wconf 75' lang='lat' dir='ltr'>transierunt</span> <span class='ocrx_word' id='word_1_282' title='bbox 1148 1644 1208 1678; x_wconf 87' lang='lat' dir='ltr'>per</span> <span class='ocrx_word' id='word_1_283' title='bbox 1240 1631 1374 1665; x_wconf 89' lang='lat' dir='ltr'>aridum</span> <span class='ocrx_word' id='word_1_284' title='bbox 1405 1630 1517 1664; x_wconf 90' lang='lat' dir='ltr'>solum</span> <span class='ocrx_word' id='word_1_285' title='bbox 1542 1631 1577 1663; x_wconf 90' lang='lat' dir='ltr'>in</span> <span class='ocrx_word' id='word_1_286' title='bbox 1605 1630 1720 1664; x_wconf 91' lang='lat' dir='ltr'>medio</span> <span class='ocrx_word' id='word_1_287' title='bbox 1747 1631 1820 1663; x_wconf 93' lang='lat' dir='ltr'>Ior-</span> 
     </span>
     <span class='ocr_line' id='line_1_27' title="bbox 141 1689 1820 1734; baseline -0.002 -8"><span class='ocrx_word' id='word_1_288' title='bbox 141 1691 252 1730; x_wconf 74' lang='lat' dir='ltr'>dane:</span> <span class='ocrx_word' id='word_1_289' title='bbox 280 1692 442 1727; x_wconf 87' lang='lat' dir='ltr'>inferiore</span> <span class='ocrx_word' id='word_1_290' title='bbox 468 1694 632 1726; x_wconf 89' lang='lat' dir='ltr'>nimirum</span> <span class='ocrx_word' id='word_1_291' title='bbox 660 1692 753 1725; x_wconf 62' lang='lat' dir='ltr'>fluxu</span> <span class='ocrx_word' id='word_1_292' title='bbox 779 1692 814 1725; x_wconf 90' lang='lat' dir='ltr'>in</span> <span class='ocrx_word' id='word_1_293' title='bbox 840 1702 933 1724; x_wconf 89' lang='lat' dir='ltr'>mare</span> <span class='ocrx_word' id='word_1_294' title='bbox 959 1690 1086 1724; x_wconf 88' lang='lat' dir='ltr'>salsum</span> <span class='ocrx_word' id='word_1_295' title='bbox 1114 1689 1311 1727; x_wconf 82' lang='lat' dir='ltr'>defluente;</span> <span class='ocrx_word' id='word_1_296' title='bbox 1340 1689 1518 1734; x_wconf 84' lang='lat' dir='ltr'>superiore</span> <span class='ocrx_word' id='word_1_297' title='bbox 1544 1694 1658 1721; x_wconf 86' lang='lat' dir='ltr'>autem</span> <span class='ocrx_word' id='word_1_298' title='bbox 1685 1700 1820 1722; x_wconf 86' lang='lat' dir='ltr'>sursum</span> 
     </span>
     <span class='ocr_line' id='line_1_28' title="bbox 141 1745 1821 1791; baseline -0.002 -9"><span class='ocrx_word' id='word_1_299' title='bbox 141 1761 260 1786; x_wconf 79' lang='lat' dir='ltr'>versu.</span> <span class='ocrx_word' id='word_1_300' title='bbox 282 1752 341 1783; x_wconf 88' lang='lat' dir='ltr'>Dei</span> <span class='ocrx_word' id='word_1_301' title='bbox 368 1752 492 1784; x_wconf 63' lang='lat' dir='ltr'>virtute</span> <span class='ocrx_word' id='word_1_302' title='bbox 518 1749 721 1783; x_wconf 85' lang='lat' dir='ltr'>mirabiliter</span> <span class='ocrx_word' id='word_1_303' title='bbox 746 1748 916 1783; x_wconf 85' lang='lat' dir='ltr'>cohibito.</span> <span class='ocrx_word' id='word_1_304' title='bbox 941 1760 977 1781; x_wconf 89' lang='lat' dir='ltr'>ae</span> <span class='ocrx_word' id='word_1_305' title='bbox 1004 1754 1097 1781; x_wconf 88' lang='lat' dir='ltr'>retro</span> <span class='ocrx_word' id='word_1_306' title='bbox 1123 1747 1283 1781; x_wconf 89' lang='lat' dir='ltr'>cedente:</span> <span class='ocrx_word' id='word_1_307' title='bbox 1305 1745 1534 1791; x_wconf 83' lang='lat' dir='ltr'>quamobrem</span> <span class='ocrx_word' id='word_1_308' title='bbox 1559 1757 1646 1790; x_wconf 77' lang='lat' dir='ltr'>quae</span> <span class='ocrx_word' id='word_1_309' title='bbox 1673 1745 1821 1790; x_wconf 91' lang='lat' dir='ltr'>desuper</span> 
     </span>
     <span class='ocr_line' id='line_1_29' title="bbox 142 1802 1821 1850; baseline -0.002 -11"><span class='ocrx_word' id='word_1_310' title='bbox 142 1817 161 1840; x_wconf 92' lang='lat' dir='ltr'>e</span> <span class='ocrx_word' id='word_1_311' title='bbox 180 1806 332 1840; x_wconf 82' lang='lat' dir='ltr'>fontibus</span> <span class='ocrx_word' id='word_1_312' title='bbox 348 1807 531 1841; x_wconf 66' lang='lat' dir='ltr'>veniebant</span> <span class='ocrx_word' id='word_1_313' title='bbox 553 1807 706 1841; x_wconf 76' lang='lat' dir='ltr'>Iordanis</span> <span class='ocrx_word' id='word_1_314' title='bbox 732 1806 877 1844; x_wconf 76' lang='lat' dir='ltr'>fluenta,</span> <span class='ocrx_word' id='word_1_315' title='bbox 899 1818 1006 1850; x_wconf 68' lang='lat' dir='ltr'>quum</span> <span class='ocrx_word' id='word_1_316' title='bbox 1025 1806 1115 1839; x_wconf 65' lang='lat' dir='ltr'>exitu</span> <span class='ocrx_word' id='word_1_317' title='bbox 1136 1804 1424 1850; x_wconf 78' lang='lat' dir='ltr'>prohiberentur,</span> <span class='ocrx_word' id='word_1_318' title='bbox 1447 1802 1697 1839; x_wconf 71' lang='lat' dir='ltr'>curvabantur,</span> <span class='ocrx_word' id='word_1_319' title='bbox 1720 1809 1821 1847; x_wconf 86' lang='lat' dir='ltr'>atque</span> 
     </span>
     <span class='ocr_line' id='line_1_30' title="bbox 144 1859 1819 1908; baseline -0.002 -12"><span class='ocrx_word' id='word_1_320' title='bbox 144 1863 176 1896; x_wconf 90' lang='lat' dir='ltr'>in</span> <span class='ocrx_word' id='word_1_321' title='bbox 203 1864 380 1897; x_wconf 88' lang='lat' dir='ltr'>cumulum</span> <span class='ocrx_word' id='word_1_322' title='bbox 403 1863 643 1908; x_wconf 77' lang='lat' dir='ltr'>erigebantur,</span> <span class='ocrx_word' id='word_1_323' title='bbox 664 1864 748 1897; x_wconf 90' lang='lat' dir='ltr'>dum</span> <span class='ocrx_word' id='word_1_324' title='bbox 774 1864 918 1896; x_wconf 71' lang='lat' dir='ltr'>invicem</span> <span class='ocrx_word' id='word_1_325' title='bbox 946 1874 1053 1908; x_wconf 77' lang='lat' dir='ltr'>aquae</span> <span class='ocrx_word' id='word_1_326' title='bbox 1072 1863 1367 1908; x_wconf 76' lang='lat' dir='ltr'>glomerarentur,</span> <span class='ocrx_word' id='word_1_327' title='bbox 1389 1866 1571 1906; x_wconf 85' lang='lat' dir='ltr'>propterea</span> <span class='ocrx_word' id='word_1_328' title='bbox 1597 1859 1693 1905; x_wconf 85' lang='lat' dir='ltr'>quod</span> <span class='ocrx_word' id='word_1_329' title='bbox 1720 1871 1819 1893; x_wconf 90' lang='lat' dir='ltr'>eursu</span> 
     </span>
     <span class='ocr_line' id='line_1_31' title="bbox 142 1917 1821 1966; baseline -0.003 -12"><span class='ocrx_word' id='word_1_330' title='bbox 142 1921 245 1954; x_wconf 83' lang='lat' dir='ltr'>solito</span> <span class='ocrx_word' id='word_1_331' title='bbox 271 1921 532 1966; x_wconf 83' lang='lat' dir='ltr'>impedirentur.</span> <span class='ocrx_word' id='word_1_332' title='bbox 563 1923 652 1966; x_wconf 79' lang='lat' dir='ltr'>Ergo</span> <span class='ocrx_word' id='word_1_333' title='bbox 679 1927 812 1959; x_wconf 83' lang='lat' dir='ltr'>mente,</span> <span class='ocrx_word' id='word_1_334' title='bbox 841 1921 951 1965; x_wconf 75' lang='lat' dir='ltr'>inquit</span> <span class='ocrx_word' id='word_1_335' title='bbox 968 1947 975 1956; x_wconf 80' lang='grc'>,</span> <span class='ocrx_word' id='word_1_336' title='bbox 1005 1920 1186 1953; x_wconf 66' lang='lat' dir='ltr'>revolvens</span> <span class='ocrx_word' id='word_1_337' title='bbox 1211 1919 1329 1952; x_wconf 91' lang='lat' dir='ltr'>datum</span> <span class='ocrx_word' id='word_1_338' title='bbox 1356 1925 1437 1951; x_wconf 87' lang='lat' dir='ltr'>tune</span> <span class='ocrx_word' id='word_1_339' title='bbox 1464 1917 1594 1963; x_wconf 89' lang='lat' dir='ltr'>populo</span> <span class='ocrx_word' id='word_1_340' title='bbox 1620 1917 1821 1950; x_wconf 62' lang='lat' dir='ltr'>x‘isitationis</span> 
     </span>
     <span class='ocr_line' id='line_1_32' title="bbox 143 1975 1820 2024; baseline -0.002 -14"><span class='ocrx_word' id='word_1_341' title='bbox 143 1984 220 2011; x_wconf 84' lang='lat' dir='ltr'>tuae</span> <span class='ocrx_word' id='word_1_342' title='bbox 240 1977 444 2011; x_wconf 72' lang='lat' dir='ltr'>beneficium</span> <span class='ocrx_word' id='word_1_343' title='bbox 457 2005 464 2016; x_wconf 81' lang='lat'>,</span> <span class='ocrx_word' id='word_1_344' title='bbox 487 1980 559 2012; x_wconf 85' lang='lat' dir='ltr'>iure</span> <span class='ocrx_word' id='word_1_345' title='bbox 587 1979 777 2024; x_wconf 78' lang='lat' dir='ltr'>meritoque</span> <span class='ocrx_word' id='word_1_346' title='bbox 796 1990 904 2023; x_wconf 76' lang='lat' dir='ltr'>angor</span> <span class='ocrx_word' id='word_1_347' title='bbox 922 1977 1016 2023; x_wconf 82' lang='lat' dir='ltr'>quod</span> <span class='ocrx_word' id='word_1_348' title='bbox 1037 1978 1207 2023; x_wconf 85' lang='lat' dir='ltr'>praesenti</span> <span class='ocrx_word' id='word_1_349' title='bbox 1228 1983 1382 2022; x_wconf 82' lang='lat' dir='ltr'>tempore</span> <span class='ocrx_word' id='word_1_350' title='bbox 1403 1976 1485 2009; x_wconf 91' lang='lat' dir='ltr'>nihil</span> <span class='ocrx_word' id='word_1_351' title='bbox 1507 1975 1608 2009; x_wconf 88' lang='lat' dir='ltr'>nobis</span> <span class='ocrx_word' id='word_1_352' title='bbox 1627 1986 1644 2007; x_wconf 86' lang='lat' dir='ltr'>a</span> <span class='ocrx_word' id='word_1_353' title='bbox 1666 1981 1720 2008; x_wconf 89' lang='lat' dir='ltr'>tua</span> <span class='ocrx_word' id='word_1_354' title='bbox 1740 1986 1820 2019; x_wconf 93' lang='lat' dir='ltr'>pro-</span> 
     </span>
     <span class='ocr_line' id='line_1_33' title="bbox 142 2033 1821 2081; baseline -0.001 -14"><span class='ocrx_word' id='word_1_355' title='bbox 142 2035 293 2069; x_wconf 75' lang='lat' dir='ltr'>videntia</span> <span class='ocrx_word' id='word_1_356' title='bbox 314 2048 375 2081; x_wconf 87' lang='lat' dir='ltr'>par</span> <span class='ocrx_word' id='word_1_357' title='bbox 395 2036 566 2069; x_wconf 79' lang='lat' dir='ltr'>acciderit.</span> <span class='ocrx_word' id='word_1_358' title='bbox 590 2036 641 2069; x_wconf 83' lang='lat' dir='ltr'>Illi</span> <span class='ocrx_word' id='word_1_359' title='bbox 660 2037 770 2073; x_wconf 84' lang='lat' dir='ltr'>enim,</span> <span class='ocrx_word' id='word_1_360' title='bbox 795 2042 929 2081; x_wconf 85' lang='lat' dir='ltr'>praeter</span> <span class='ocrx_word' id='word_1_361' title='bbox 948 2047 1062 2081; x_wconf 86' lang='lat' dir='ltr'>spem,</span> <span class='ocrx_word' id='word_1_362' title='bbox 1086 2035 1267 2069; x_wconf 88' lang='lat' dir='ltr'>Iordanem</span> <span class='ocrx_word' id='word_1_363' title='bbox 1287 2041 1387 2079; x_wconf 88' lang='lat' dir='ltr'>atque</span> <span class='ocrx_word' id='word_1_364' title='bbox 1407 2034 1616 2067; x_wconf 83' lang='lat' dir='ltr'>adiacentem</span> <span class='ocrx_word' id='word_1_365' title='bbox 1637 2033 1715 2066; x_wconf 84' lang='lat' dir='ltr'>huic</span> <span class='ocrx_word' id='word_1_366' title='bbox 1736 2033 1821 2066; x_wconf 41' lang='lat' dir='ltr'>,aer-</span> 
     </span>
     <span class='ocr_line' id='line_1_34' title="bbox 141 2091 1820 2138; baseline -0.002 -13"><span class='ocrx_word' id='word_1_367' title='bbox 141 2104 281 2126; x_wconf 89' lang='lat' dir='ltr'>monem</span> <span class='ocrx_word' id='word_1_368' title='bbox 307 2100 574 2138; x_wconf 67' lang='lat' dir='ltr'>superaverunt.</span> <span class='ocrx_word' id='word_1_369' title='bbox 598 2094 679 2126; x_wconf 91' lang='lat' dir='ltr'>mihi</span> <span class='ocrx_word' id='word_1_370' title='bbox 700 2105 784 2127; x_wconf 60' lang='lat' dir='ltr'>vero</span> <span class='ocrx_word' id='word_1_371' title='bbox 802 2094 884 2127; x_wconf 86' lang='lat' dir='ltr'>haec.</span> <span class='ocrx_word' id='word_1_372' title='bbox 903 2094 1074 2127; x_wconf 84' lang='lat' dir='ltr'>enarranti</span> <span class='ocrx_word' id='word_1_373' title='bbox 1095 2093 1177 2126; x_wconf 71' lang='lat' dir='ltr'>nihil</span> <span class='ocrx_word' id='word_1_374' title='bbox 1198 2091 1396 2125; x_wconf 87' lang='lat' dir='ltr'>huiusmodi</span> <span class='ocrx_word' id='word_1_375' title='bbox 1420 2092 1573 2136; x_wconf 81' lang='lat' dir='ltr'>contigit.</span> <span class='ocrx_word' id='word_1_376' title='bbox 1604 2091 1694 2123; x_wconf 81' lang='lat' dir='ltr'>llaec.</span> <span class='ocrx_word' id='word_1_377' title='bbox 1714 2091 1820 2135; x_wconf 84' lang='lat' dir='ltr'>capti-</span> 
     </span>
     <span class='ocr_line' id='line_1_35' title="bbox 143 2150 515 2185; baseline 0.003 -2"><span class='ocrx_word' id='word_1_378' title='bbox 143 2162 265 2185; x_wconf 88' lang='lat' dir='ltr'>vorum</span> <span class='ocrx_word' id='word_1_379' title='bbox 295 2150 397 2184; x_wconf 72' lang='lat' dir='ltr'>verba</span> <span class='ocrx_word' id='word_1_380' title='bbox 425 2157 515 2184; x_wconf 85' lang='lat' dir='ltr'>sunt.</span> 
     </span>
    </p>

    <p class='ocr_par' dir='ltr' id='par_1_5' title="bbox 472 2216 1484 2243">
     <span class='ocr_line' id='line_1_36' title="bbox 472 2216 1484 2243; baseline -0.003 -4"><span class='ocrx_word' id='word_1_381' title='bbox 472 2216 606 2243; x_wconf 64' lang='lat' dir='ltr'>Abyssus</span> <span class='ocrx_word' id='word_1_382' title='bbox 623 2217 764 2243; x_wconf 72' lang='lat' dir='ltr'>abyssum</span> <span class='ocrx_word' id='word_1_383' title='bbox 780 2218 901 2239; x_wconf 70' lang='lat' dir='ltr'>invocat</span> <span class='ocrx_word' id='word_1_384' title='bbox 918 2217 952 2238; x_wconf 82' lang='lat' dir='ltr'>in</span> <span class='ocrx_word' id='word_1_385' title='bbox 970 2222 1038 2238; x_wconf 80' lang='lat' dir='ltr'>voce</span> <span class='ocrx_word' id='word_1_386' title='bbox 1055 2216 1329 2238; x_wconf 74' lang='lat' dir='ltr'>eatarrhactarum</span> <span class='ocrx_word' id='word_1_387' title='bbox 1347 2217 1484 2237; x_wconf 79' lang='lat' dir='ltr'>marum.</span> 
     </span>
    </p>

    <p class='ocr_par' dir='ltr' id='par_1_6' title="bbox 141 2264 1821 2541">
     <span class='ocr_line' id='line_1_37' title="bbox 238 2264 1817 2309; baseline -0.002 -11"><span class='ocrx_word' id='word_1_388' title='bbox 238 2264 390 2309; x_wconf 68' lang='lat' dir='ltr'>Abyssus</span> <span class='ocrx_word' id='word_1_389' title='bbox 416 2266 671 2300; x_wconf 84' lang='lat' dir='ltr'>multitudinem</span> <span class='ocrx_word' id='word_1_390' title='bbox 698 2266 866 2300; x_wconf 86' lang='lat' dir='ltr'>infinitam</span> <span class='ocrx_word' id='word_1_391' title='bbox 894 2266 1046 2300; x_wconf 87' lang='lat' dir='ltr'>denotat.</span> <span class='ocrx_word' id='word_1_392' title='bbox 1076 2267 1128 2299; x_wconf 65' lang='lat' dir='ltr'>Sic</span> <span class='ocrx_word' id='word_1_393' title='bbox 1157 2272 1268 2299; x_wconf 87' lang='lat' dir='ltr'>autem</span> <span class='ocrx_word' id='word_1_394' title='bbox 1300 2265 1377 2298; x_wconf 82' lang='lat' dir='ltr'>dicit</span> <span class='ocrx_word' id='word_1_395' title='bbox 1408 2276 1495 2309; x_wconf 85' lang='lat' dir='ltr'>pro:</span> <span class='ocrx_word' id='word_1_396' title='bbox 1526 2275 1632 2309; x_wconf 80' lang='lat' dir='ltr'>aquae</span> <span class='ocrx_word' id='word_1_397' title='bbox 1662 2269 1817 2296; x_wconf 88' lang='lat' dir='ltr'>mutuam</span> 
     </span>
     <span class='ocr_line' id='line_1_38' title="bbox 142 2319 1819 2369; baseline -0.002 -13"><span class='ocrx_word' id='word_1_398' title='bbox 142 2334 244 2368; x_wconf 90' lang='lat' dir='ltr'>opem</span> <span class='ocrx_word' id='word_1_399' title='bbox 270 2323 453 2368; x_wconf 89' lang='lat' dir='ltr'>implorant</span> <span class='ocrx_word' id='word_1_400' title='bbox 469 2350 476 2360; x_wconf 85' lang='grc'>,</span> <span class='ocrx_word' id='word_1_401' title='bbox 498 2330 532 2356; x_wconf 89' lang='lat' dir='ltr'>ut</span> <span class='ocrx_word' id='word_1_402' title='bbox 554 2325 586 2357; x_wconf 91' lang='lat' dir='ltr'>in</span> <span class='ocrx_word' id='word_1_403' title='bbox 607 2336 670 2358; x_wconf 84' lang='lat' dir='ltr'>nos</span> <span class='ocrx_word' id='word_1_404' title='bbox 688 2325 840 2361; x_wconf 83' lang='lat' dir='ltr'>irruant:</span> <span class='ocrx_word' id='word_1_405' title='bbox 862 2324 1010 2369; x_wconf 85' lang='lat' dir='ltr'>alioqui,</span> <span class='ocrx_word' id='word_1_406' title='bbox 1032 2325 1056 2356; x_wconf 76' lang='lat' dir='ltr'>si</span> <span class='ocrx_word' id='word_1_407' title='bbox 1079 2329 1235 2356; x_wconf 79' lang='lat' dir='ltr'>nnituum</span> <span class='ocrx_word' id='word_1_408' title='bbox 1257 2334 1461 2356; x_wconf 90' lang='lat' dir='ltr'>concursum</span> <span class='ocrx_word' id='word_1_409' title='bbox 1481 2323 1697 2356; x_wconf 85' lang='lat' dir='ltr'>omitterent,</span> <span class='ocrx_word' id='word_1_410' title='bbox 1719 2319 1819 2354; x_wconf 86' lang='lat' dir='ltr'>nobis</span> 
     </span>
     <span class='ocr_line' id='line_1_39' title="bbox 141 2378 1820 2426; baseline -0.002 -13"><span class='ocrx_word' id='word_1_411' title='bbox 141 2381 322 2413; x_wconf 82' lang='lat' dir='ltr'>transitum</span> <span class='ocrx_word' id='word_1_412' title='bbox 344 2380 580 2425; x_wconf 84' lang='lat' dir='ltr'>patefacerent.</span> <span class='ocrx_word' id='word_1_413' title='bbox 598 2383 683 2415; x_wconf 82' lang='lat' dir='ltr'>Nam</span> <span class='ocrx_word' id='word_1_414' title='bbox 702 2388 793 2415; x_wconf 81' lang='lat' dir='ltr'>recte</span> <span class='ocrx_word' id='word_1_415' title='bbox 811 2381 1098 2415; x_wconf 81' lang='lat' dir='ltr'>catarrhactarum</span> <span class='ocrx_word' id='word_1_416' title='bbox 1121 2382 1259 2414; x_wconf 88' lang='lat' dir='ltr'>nomine</span> <span class='ocrx_word' id='word_1_417' title='bbox 1278 2380 1479 2426; x_wconf 71' lang='lat' dir='ltr'>appellavit.</span> <span class='ocrx_word' id='word_1_418' title='bbox 1497 2389 1695 2412; x_wconf 78' lang='lat' dir='ltr'>concessum</span> <span class='ocrx_word' id='word_1_419' title='bbox 1716 2388 1733 2410; x_wconf 89' lang='lat' dir='ltr'>a</span> <span class='ocrx_word' id='word_1_420' title='bbox 1748 2378 1820 2410; x_wconf 88' lang='lat' dir='ltr'>Deo</span> 
     </span>
     <span class='ocr_line' id='line_1_40' title="bbox 142 2435 1821 2483; baseline -0.002 -13"><span class='ocrx_word' id='word_1_421' title='bbox 142 2443 317 2482; x_wconf 81' lang='lat' dir='ltr'>tamquam</span> <span class='ocrx_word' id='word_1_422' title='bbox 338 2437 378 2470; x_wconf 81' lang='lat' dir='ltr'>ad</span> <span class='ocrx_word' id='word_1_423' title='bbox 399 2437 540 2483; x_wconf 79' lang='lat' dir='ltr'>abyssos</span> <span class='ocrx_word' id='word_1_424' title='bbox 565 2439 760 2473; x_wconf 85' lang='lat' dir='ltr'>decursum.</span> <span class='ocrx_word' id='word_1_425' title='bbox 789 2460 812 2465; x_wconf 97' lang='lat'>—</span> <span class='ocrx_word' id='word_1_426' title='bbox 837 2441 913 2473; x_wconf 86' lang='lat' dir='ltr'>Non</span> <span class='ocrx_word' id='word_1_427' title='bbox 939 2439 1009 2472; x_wconf 85' lang='lat' dir='ltr'>eius</span> <span class='ocrx_word' id='word_1_428' title='bbox 1034 2438 1276 2472; x_wconf 85' lang='lat' dir='ltr'>tautummodo</span> <span class='ocrx_word' id='word_1_429' title='bbox 1300 2437 1395 2483; x_wconf 87' lang='lat' dir='ltr'>quod</span> <span class='ocrx_word' id='word_1_430' title='bbox 1414 2436 1505 2482; x_wconf 89' lang='lat' dir='ltr'>apud</span> <span class='ocrx_word' id='word_1_431' title='bbox 1526 2435 1707 2469; x_wconf 88' lang='lat' dir='ltr'>Iordanem</span> <span class='ocrx_word' id='word_1_432' title='bbox 1733 2437 1821 2468; x_wconf 89' lang='lat' dir='ltr'>acci-</span> 
     </span>
     <span class='ocr_line' id='line_1_41' title="bbox 142 2494 1820 2541; baseline -0.002 -14"><span class='ocrx_word' id='word_1_433' title='bbox 142 2494 192 2527; x_wconf 86' lang='lat' dir='ltr'>dit</span> <span class='ocrx_word' id='word_1_434' title='bbox 220 2496 368 2540; x_wconf 81' lang='lat' dir='ltr'>portenti</span> <span class='ocrx_word' id='word_1_435' title='bbox 396 2495 521 2528; x_wconf 86' lang='lat' dir='ltr'>faciunt</span> <span class='ocrx_word' id='word_1_436' title='bbox 548 2498 776 2535; x_wconf 85' lang='lat' dir='ltr'>mentionem,</span> <span class='ocrx_word' id='word_1_437' title='bbox 798 2508 918 2530; x_wconf 64' lang='lat' dir='ltr'>verum</span> <span class='ocrx_word' id='word_1_438' title='bbox 938 2503 969 2530; x_wconf 85' lang='lat' dir='ltr'>et</span> <span class='ocrx_word' id='word_1_439' title='bbox 990 2496 1137 2530; x_wconf 80' lang='lat' dir='ltr'>aliorum</span> <span class='ocrx_word' id='word_1_440' title='bbox 1165 2496 1291 2541; x_wconf 84' lang='lat' dir='ltr'>pariter</span> <span class='ocrx_word' id='word_1_441' title='bbox 1316 2495 1509 2538; x_wconf 70' lang='lat' dir='ltr'>catalogum</span> <span class='ocrx_word' id='word_1_442' title='bbox 1534 2499 1740 2530; x_wconf 74' lang='lat' dir='ltr'>contexunt,</span> <span class='ocrx_word' id='word_1_443' title='bbox 1761 2504 1820 2525; x_wconf 76' lang='lat' dir='ltr'>ex-</span> 
     </span>
    </p>
   </div>
   <div class='ocr_carea' id='block_1_5' title="bbox 143 2584 1820 2887">
    <p class='ocr_par' dir='ltr' id='par_1_7' title="bbox 143 2584 1820 2887">
     <span class='ocr_line' id='line_1_42' title="bbox 242 2584 1819 2623; baseline -0.001 -11"><span class='ocrx_word' id='word_1_444' title='bbox 242 2589 277 2617; x_wconf 80' lang='lat'>(1)</span> <span class='ocrx_word' id='word_1_445' title='bbox 297 2586 340 2612; x_wconf 77' lang='lat' dir='ltr'>Sic</span> <span class='ocrx_word' id='word_1_446' title='bbox 359 2587 439 2613; x_wconf 85' lang='lat' dir='ltr'>etiam</span> <span class='ocrx_word' id='word_1_447' title='bbox 461 2587 488 2613; x_wconf 92' lang='lat' dir='ltr'>in</span> <span class='ocrx_word' id='word_1_448' title='bbox 508 2586 666 2619; x_wconf 66' lang='lat' dir='ltr'>fragmentis</span> <span class='ocrx_word' id='word_1_449' title='bbox 684 2596 753 2623; x_wconf 86' lang='lat' dir='ltr'>quae</span> <span class='ocrx_word' id='word_1_450' title='bbox 768 2588 915 2616; x_wconf 78' lang='lat' dir='ltr'>Athanasio</span> <span class='ocrx_word' id='word_1_451' title='bbox 934 2588 1095 2615; x_wconf 86' lang='lat' dir='ltr'>tribuuntur</span> <span class='ocrx_word' id='word_1_452' title='bbox 1114 2587 1303 2614; x_wconf 79' lang='lat' dir='ltr'>commentarii</span> <span class='ocrx_word' id='word_1_453' title='bbox 1323 2587 1352 2613; x_wconf 89' lang='lat' dir='ltr'>in</span> <span class='ocrx_word' id='word_1_454' title='bbox 1372 2586 1500 2620; x_wconf 79' lang='lat' dir='ltr'>psalmos.</span> <span class='ocrx_word' id='word_1_455' title='bbox 1522 2585 1582 2611; x_wconf 75' lang='lat' dir='ltr'>Sive.</span> <span class='ocrx_word' id='word_1_456' title='bbox 1602 2589 1692 2611; x_wconf 88' lang='lat' dir='ltr'>autem</span> <span class='ocrx_word' id='word_1_457' title='bbox 1713 2592 1743 2611; x_wconf 84' lang='lat' dir='ltr'>ex</span> <span class='ocrx_word' id='word_1_458' title='bbox 1757 2584 1819 2611; x_wconf 87' lang='lat' dir='ltr'>Phi-</span> 
     </span>
     <span class='ocr_line' id='line_1_43' title="bbox 144 2628 1820 2666; baseline -0.001 -9"><span class='ocrx_word' id='word_1_459' title='bbox 144 2630 207 2657; x_wconf 88' lang='lat' dir='ltr'>lone</span> <span class='ocrx_word' id='word_1_460' title='bbox 225 2635 316 2657; x_wconf 85' lang='lat' dir='ltr'>sumat</span> <span class='ocrx_word' id='word_1_461' title='bbox 335 2631 469 2666; x_wconf 82' lang='lat' dir='ltr'>Cyrillus,</span> <span class='ocrx_word' id='word_1_462' title='bbox 489 2635 519 2658; x_wconf 82' lang='lat' dir='ltr'>ut</span> <span class='ocrx_word' id='word_1_463' title='bbox 539 2631 593 2658; x_wconf 83' lang='lat' dir='ltr'>dixi</span> <span class='ocrx_word' id='word_1_464' title='bbox 613 2640 639 2666; x_wconf 87' lang='lat' dir='ltr'>p.</span> <span class='ocrx_word' id='word_1_465' title='bbox 660 2632 707 2658; x_wconf 87' lang='lat' dir='ltr'>lat.</span> <span class='ocrx_word' id='word_1_466' title='bbox 730 2636 788 2659; x_wconf 81' lang='lat'>109.</span> <span class='ocrx_word' id='word_1_467' title='bbox 809 2632 873 2660; x_wconf 84' lang='lat' dir='ltr'>adn.</span> <span class='ocrx_word' id='word_1_468' title='bbox 894 2636 925 2665; x_wconf 78' lang='lat'>2,</span> <span class='ocrx_word' id='word_1_469' title='bbox 945 2633 999 2659; x_wconf 75' lang='lat' dir='ltr'>sive</span> <span class='ocrx_word' id='word_1_470' title='bbox 1019 2640 1047 2659; x_wconf 79' lang='lat' dir='ltr'>ex</span> <span class='ocrx_word' id='word_1_471' title='bbox 1067 2632 1152 2658; x_wconf 81' lang='lat' dir='ltr'>simili</span> <span class='ocrx_word' id='word_1_472' title='bbox 1172 2639 1251 2666; x_wconf 83' lang='lat' dir='ltr'>opere</span> <span class='ocrx_word' id='word_1_473' title='bbox 1270 2630 1412 2665; x_wconf 84' lang='lat' dir='ltr'>Origenis,</span> <span class='ocrx_word' id='word_1_474' title='bbox 1431 2629 1509 2656; x_wconf 88' lang='lat' dir='ltr'>cuius</span> <span class='ocrx_word' id='word_1_475' title='bbox 1529 2629 1719 2656; x_wconf 85' lang='lat' dir='ltr'>auctoritatem</span> <span class='ocrx_word' id='word_1_476' title='bbox 1743 2628 1820 2656; x_wconf 72' lang='lat' dir='ltr'>valde</span> 
     </span>
     <span class='ocr_line' id='line_1_44' title="bbox 144 2672 1820 2711; baseline -0.002 -10"><span class='ocrx_word' id='word_1_477' title='bbox 144 2674 229 2701; x_wconf 82' lang='lat' dir='ltr'>elevat</span> <span class='ocrx_word' id='word_1_478' title='bbox 243 2675 427 2702; x_wconf 83' lang='lat' dir='ltr'>Martianaeus</span> <span class='ocrx_word' id='word_1_479' title='bbox 447 2676 475 2702; x_wconf 92' lang='lat' dir='ltr'>in</span> <span class='ocrx_word' id='word_1_480' title='bbox 495 2675 578 2710; x_wconf 80' lang='lat' dir='ltr'>praef.</span> <span class='ocrx_word' id='word_1_481' title='bbox 594 2675 628 2702; x_wconf 88' lang='lat' dir='ltr'>ad</span> <span class='ocrx_word' id='word_1_482' title='bbox 647 2676 724 2702; x_wconf 85' lang='lat' dir='ltr'>lexic..</span> <span class='ocrx_word' id='word_1_483' title='bbox 738 2677 867 2711; x_wconf 82' lang='lat' dir='ltr'>Origen.‚</span> <span class='ocrx_word' id='word_1_484' title='bbox 882 2682 953 2704; x_wconf 81' lang='lat' dir='ltr'>certe</span> <span class='ocrx_word' id='word_1_485' title='bbox 973 2676 1131 2703; x_wconf 84' lang='lat' dir='ltr'>huiusmodi</span> <span class='ocrx_word' id='word_1_486' title='bbox 1152 2675 1323 2711; x_wconf 67' lang='lat' dir='ltr'>etymologiis</span> <span class='ocrx_word' id='word_1_487' title='bbox 1338 2678 1409 2706; x_wconf 87' lang='lat' dir='ltr'>(non</span> <span class='ocrx_word' id='word_1_488' title='bbox 1429 2674 1518 2700; x_wconf 90' lang='lat' dir='ltr'>solum</span> <span class='ocrx_word' id='word_1_489' title='bbox 1538 2674 1566 2700; x_wconf 91' lang='lat' dir='ltr'>in</span> <span class='ocrx_word' id='word_1_490' title='bbox 1586 2673 1698 2699; x_wconf 88' lang='lat' dir='ltr'>orientis</span> <span class='ocrx_word' id='word_1_491' title='bbox 1717 2672 1820 2707; x_wconf 72' lang='lat' dir='ltr'>linguis</span> 
     </span>
     <span class='ocr_line' id='line_1_45' title="bbox 143 2717 1818 2755; baseline 0 -11"><span class='ocrx_word' id='word_1_492' title='bbox 143 2726 259 2754; x_wconf 80' lang='lat' dir='ltr'>quarum</span> <span class='ocrx_word' id='word_1_493' title='bbox 280 2719 404 2746; x_wconf 80' lang='lat' dir='ltr'>infinitus</span> <span class='ocrx_word' id='word_1_494' title='bbox 427 2723 467 2746; x_wconf 85' lang='lat' dir='ltr'>est</span> <span class='ocrx_word' id='word_1_495' title='bbox 490 2720 606 2753; x_wconf 84' lang='lat' dir='ltr'>abusus,</span> <span class='ocrx_word' id='word_1_496' title='bbox 627 2719 673 2746; x_wconf 81' lang='lat' dir='ltr'>sed</span> <span class='ocrx_word' id='word_1_497' title='bbox 694 2720 721 2747; x_wconf 89' lang='lat' dir='ltr'>in</span> <span class='ocrx_word' id='word_1_498' title='bbox 744 2721 844 2748; x_wconf 88' lang='lat' dir='ltr'>nostris</span> <span class='ocrx_word' id='word_1_499' title='bbox 868 2722 966 2752; x_wconf 80' lang='lat' dir='ltr'>etiam)</span> <span class='ocrx_word' id='word_1_500' title='bbox 986 2729 1082 2755; x_wconf 81' lang='lat' dir='ltr'>parum</span> <span class='ocrx_word' id='word_1_501' title='bbox 1106 2724 1146 2746; x_wconf 85' lang='lat' dir='ltr'>est</span> <span class='ocrx_word' id='word_1_502' title='bbox 1169 2718 1325 2750; x_wconf 83' lang='lat' dir='ltr'>fidendum,</span> <span class='ocrx_word' id='word_1_503' title='bbox 1346 2726 1513 2753; x_wconf 84' lang='lat' dir='ltr'>quamquam</span> <span class='ocrx_word' id='word_1_504' title='bbox 1538 2717 1688 2752; x_wconf 81' lang='lat' dir='ltr'>praesentis</span> <span class='ocrx_word' id='word_1_505' title='bbox 1706 2718 1818 2752; x_wconf 71' lang='lat' dir='ltr'>vestigia</span> 
     </span>
     <span class='ocr_line' id='line_1_46' title="bbox 143 2761 1817 2800; baseline -0.001 -11"><span class='ocrx_word' id='word_1_506' title='bbox 143 2767 291 2798; x_wconf 85' lang='lat' dir='ltr'>supersunt</span> <span class='ocrx_word' id='word_1_507' title='bbox 310 2764 337 2789; x_wconf 91' lang='lat' dir='ltr'>in</span> <span class='ocrx_word' id='word_1_508' title='bbox 357 2763 449 2790; x_wconf 84' lang='lat' dir='ltr'>lexicis</span> <span class='ocrx_word' id='word_1_509' title='bbox 468 2764 548 2799; x_wconf 72' lang='lat' dir='ltr'>vulgo</span> <span class='ocrx_word' id='word_1_510' title='bbox 568 2764 782 2800; x_wconf 78' lang='lat' dir='ltr'>hieronymianis</span> <span class='ocrx_word' id='word_1_511' title='bbox 800 2773 862 2800; x_wconf 90' lang='lat' dir='ltr'>opp.</span> <span class='ocrx_word' id='word_1_512' title='bbox 883 2767 914 2792; x_wconf 88' lang='lat' dir='ltr'>T.</span> <span class='ocrx_word' id='word_1_513' title='bbox 937 2766 986 2792; x_wconf 91' lang='lat'>111.</span> <span class='ocrx_word' id='word_1_514' title='bbox 1007 2773 1051 2800; x_wconf 88' lang='lat' dir='ltr'>pp.</span> <span class='ocrx_word' id='word_1_515' title='bbox 1073 2768 1115 2791; x_wconf 79' lang='grc'>56.</span> <span class='ocrx_word' id='word_1_516' title='bbox 1137 2766 1197 2790; x_wconf 79' lang='grc'>627.</span> <span class='ocrx_word' id='word_1_517' title='bbox 1219 2767 1279 2790; x_wconf 86' lang='grc'>670.</span> <span class='ocrx_word' id='word_1_518' title='bbox 1300 2764 1340 2790; x_wconf 88' lang='lat' dir='ltr'>De</span> <span class='ocrx_word' id='word_1_519' title='bbox 1359 2762 1491 2789; x_wconf 84' lang='lat' dir='ltr'>vocabulo</span> <span class='ocrx_word' id='word_1_520' title='bbox 1513 2766 1604 2789; x_wconf 85' lang='lat' dir='ltr'>autem</span> <span class='ocrx_word' id='word_1_521' title='bbox 1624 2761 1746 2796; x_wconf 86' lang='lat' dir='ltr'>disputat</span> <span class='ocrx_word' id='word_1_522' title='bbox 1765 2762 1817 2788; x_wconf 80' lang='lat' dir='ltr'>Mi-</span> 
     </span>
     <span class='ocr_line' id='line_1_47' title="bbox 144 2806 1817 2844; baseline -0.001 -11"><span class='ocrx_word' id='word_1_523' title='bbox 144 2806 266 2834; x_wconf 72' lang='lat' dir='ltr'>chaelius</span> <span class='ocrx_word' id='word_1_524' title='bbox 286 2808 314 2833; x_wconf 91' lang='lat' dir='ltr'>in</span> <span class='ocrx_word' id='word_1_525' title='bbox 334 2808 468 2842; x_wconf 84' lang='lat' dir='ltr'>supplem.</span> <span class='ocrx_word' id='word_1_526' title='bbox 490 2807 523 2835; x_wconf 85' lang='lat' dir='ltr'>ad</span> <span class='ocrx_word' id='word_1_527' title='bbox 543 2809 585 2835; x_wconf 80' lang='lat' dir='ltr'>lex</span> <span class='ocrx_word' id='word_1_528' title='bbox 603 2808 679 2835; x_wconf 84' lang='lat' dir='ltr'>hebr.</span> <span class='ocrx_word' id='word_1_529' title='bbox 698 2809 745 2843; x_wconf 86' lang='lat' dir='ltr'>qui</span> <span class='ocrx_word' id='word_1_530' title='bbox 764 2813 791 2835; x_wconf 75' lang='lat' dir='ltr'>et</span> <span class='ocrx_word' id='word_1_531' title='bbox 809 2809 982 2836; x_wconf 83' lang='lat' dir='ltr'>Hermoniim</span> <span class='ocrx_word' id='word_1_532' title='bbox 1001 2808 1193 2844; x_wconf 80' lang='lat' dir='ltr'>etymologiam</span> <span class='ocrx_word' id='word_1_533' title='bbox 1215 2807 1293 2834; x_wconf 85' lang='lat' dir='ltr'>aliter</span> <span class='ocrx_word' id='word_1_534' title='bbox 1312 2815 1360 2842; x_wconf 87' lang='lat' dir='ltr'>pro</span> <span class='ocrx_word' id='word_1_535' title='bbox 1379 2815 1428 2834; x_wconf 89' lang='lat' dir='ltr'>suo</span> <span class='ocrx_word' id='word_1_536' title='bbox 1448 2806 1582 2834; x_wconf 82' lang='lat' dir='ltr'>arbitratu</span> <span class='ocrx_word' id='word_1_537' title='bbox 1602 2813 1734 2841; x_wconf 85' lang='lat' dir='ltr'>exponere</span> <span class='ocrx_word' id='word_1_538' title='bbox 1753 2806 1817 2832; x_wconf 81' lang='lat' dir='ltr'>niti-</span> 
     </span>
     <span class='ocr_line' id='line_1_48' title="bbox 144 2852 813 2887; baseline 0.003 -10"><span class='ocrx_word' id='word_1_539' title='bbox 144 2854 202 2884; x_wconf 77' lang='lat' dir='ltr'>tur,</span> <span class='ocrx_word' id='word_1_540' title='bbox 221 2852 265 2879; x_wconf 84' lang='lat' dir='ltr'>eui</span> <span class='ocrx_word' id='word_1_541' title='bbox 285 2860 341 2879; x_wconf 87' lang='lat' dir='ltr'>non</span> <span class='ocrx_word' id='word_1_542' title='bbox 360 2852 447 2887; x_wconf 85' lang='lat' dir='ltr'>magis</span> <span class='ocrx_word' id='word_1_543' title='bbox 466 2856 557 2879; x_wconf 87' lang='lat' dir='ltr'>tamen</span> <span class='ocrx_word' id='word_1_544' title='bbox 577 2852 717 2880; x_wconf 86' lang='lat' dir='ltr'>fidendum</span> <span class='ocrx_word' id='word_1_545' title='bbox 738 2857 813 2887; x_wconf 87' lang='lat' dir='ltr'>puto.</span> 
     </span>
    </p>
   </div>
   <div class='ocr_carea' id='block_1_6' title="bbox 1859 549 2031 570">
    <p class='ocr_par' dir='ltr' id='par_1_8' title="bbox 1859 549 2031 570">
     <span class='ocr_line' id='line_1_49' title="bbox 1859 549 2031 570; baseline -0.017 0"><span class='ocrx_word' id='word_1_546' title='bbox 1859 551 1865 558; x_wconf 86' lang='lat'>&#39;</span> <span class='ocrx_word' id='word_1_547' title='bbox 1881 549 1930 570; x_wconf 76' lang='lat' dir='ltr'>Gal.</span> <span class='ocrx_word' id='word_1_548' title='bbox 1948 549 1984 569; x_wconf 48' lang='lat' dir='ltr'>tv.</span> <span class='ocrx_word' id='word_1_549' title='bbox 2004 552 2031 568; x_wconf 48' lang='lat' dir='ltr'>ts.</span> 
     </span>
    </p>
   </div>
   <div class='ocr_carea' id='block_1_7' title="bbox 1859 717 2022 738">
    <p class='ocr_par' dir='ltr' id='par_1_9' title="bbox 1859 717 2022 738">
     <span class='ocr_line' id='line_1_50' title="bbox 1859 717 2022 738; baseline -0.006 0"><span class='ocrx_word' id='word_1_550' title='bbox 1859 721 1866 726; x_wconf 88' lang='lat'><strong>·</strong></span> <span class='ocrx_word' id='word_1_551' title='bbox 1883 717 1931 738; x_wconf 74' lang='lat' dir='ltr'>ioh.</span> <span class='ocrx_word' id='word_1_552' title='bbox 1948 718 1974 738; x_wconf 77' lang='lat' dir='ltr'>x.</span> <span class='ocrx_word' id='word_1_553' title='bbox 1991 721 2022 737; x_wconf 66' lang='lat' dir='ltr'>aa.</span> 
     </span>
    </p>
   </div>
   <div class='ocr_carea' id='block_1_8' title="bbox 1859 1412 1994 1438">
    <p class='ocr_par' dir='ltr' id='par_1_10' title="bbox 1859 1412 1994 1438">
     <span class='ocr_line' id='line_1_51' title="bbox 1859 1412 1994 1438; baseline -0.007 -6"><span class='ocrx_word' id='word_1_554' title='bbox 1859 1412 1896 1432; x_wconf 77' lang='lat' dir='ltr'>Gr.</span> <span class='ocrx_word' id='word_1_555' title='bbox 1912 1418 1933 1438; x_wconf 85' lang='lat' dir='ltr'>p.</span> <span class='ocrx_word' id='word_1_556' title='bbox 1949 1414 1994 1432; x_wconf 67' lang='lat'>305.</span> 
     </span>
    </p>
   </div>
   <div class='ocr_carea' id='block_1_9' title="bbox 1860 1527 2028 1548">
    <p class='ocr_par' dir='ltr' id='par_1_11' title="bbox 1860 1527 2028 1548">
     <span class='ocr_line' id='line_1_52' title="bbox 1860 1527 2028 1548; baseline -0.012 0"><span class='ocrx_word' id='word_1_557' title='bbox 1860 1531 1866 1537; x_wconf 88' lang='lat'><em>&#39;</em></span> <span class='ocrx_word' id='word_1_558' title='bbox 1884 1528 1926 1548; x_wconf 80' lang='lat' dir='ltr'>tos.</span> <span class='ocrx_word' id='word_1_559' title='bbox 1943 1527 1981 1548; x_wconf 87' lang='lat' dir='ltr'>III.</span> <span class='ocrx_word' id='word_1_560' title='bbox 2000 1531 2028 1547; x_wconf 55' lang='lat'>1³³.</span> 
     </span>
    </p>
   </div>
  </div>
 </body>
</html>
