2205 3177
616 198 648 221 m
674 185 854 221 musiomiu
878 196 921 218 AD
946 180 1097 219 amissos
1122 196 1193 219 ων.
1222 196 1270 219 xi.
1735 185 1779 219 29

106 265 238 302 firman
266 263 362 297 cuius
387 262 435 296 rei
461 250 675 297 manifestam
700 261 758 295 dat
779 260 1124 299 demonstrationem,
1152 273 1187 295 se
1205 262 1317 307 ipsum
1335 261 1370 294 in
1394 259 1591 306 exemplum
1611 260 1730 294 sistens
1749 267 1779 295 et

109 321 317 357 israhelitam
342 327 374 354 et
396 320 440 354 de
465 320 650 354 Abrahami
673 319 819 355 semine:
841 324 914 350 tum
937 318 1040 351 etiam
1066 318 1302 352 honestissime
1327 317 1494 363 populum
1513 318 1573 351 Dei
1592 317 1704 352 adhuc
1724 328 1781 363 ap-

111 379 261 426 pellans,
290 378 473 423 additaque
499 378 650 411 sermoni
675 377 718 410 de
744 374 891 420 repudio
913 374 1079 420 particula
1105 382 1251 420 negante
1274 389 1289 406 «
1311 374 1410 409 absit.
1440 389 1454 407 »
1484 376 1573 409 Ilaec
1600 381 1713 409 autem
1739 374 1782 408 ab

107 449 148 472 eo
174 437 260 471 fiunt
286 435 546 470 contumacibus
568 433 780 468 blandiendo
806 438 839 465 et
858 431 1009 465 molliter
1035 432 1256 471 assentando,
1279 439 1316 466 ut
1336 434 1428 478 ipsos
1453 432 1495 466 ad
1515 433 1607 478 piam
1632 438 1782 465 mentem

107 494 324 539 docilemque
349 494 543 527 transferat.
571 493 602 526 Si
622 502 704 536 ergo
722 489 861 525 evidens
885 496 954 528 est,
978 490 1092 535 ipsum
1113 489 1155 522 ad
1179 489 1407 534 apostolatum
1432 489 1535 524 fuisse
1553 495 1730 527 xocatum,
1751 494 1783 522 et

106 551 351 596 mysteriorum
365 550 553 584 Servatoris
571 547 784 583 sacerdotem
803 546 930 580 factum
942 572 950 585 ‚
971 552 1072 591 atque
1091 545 1134 579 ad
1153 552 1271 591 gentes
1289 540 1546 591 praeconem'et
1566 545 1780 591 apostolum,

105 620 316 655 quamquam
343 614 431 642 esset
456 606 644 644 israhelita,
673 610 765 651 patet
790 615 808 638 a
831 606 902 637 Deo
926 604 1097 650 populum
1119 615 1219 637 suum
1246 614 1316 637 non
1342 615 1414 637 esse
1440 603 1670 649 repudiatum„

590 671 640 694 Au
659 671 784 703 nescitis
801 671 836 693 in
850 670 922 693 Elia
938 671 1013 697 quid
1030 670 1115 692 «licat
1130 670 1305 697 scriptura}

203 724 518 770 Opportunissime,
541 733 601 756 ceu
620 721 794 766 quandam
817 731 939 754 eorum
958 732 1045 765 quae
1066 720 1206 754 Israheli
1233 730 1326 754 nunc
1345 720 1561 764 contigerunt
1580 719 1780 763 imaginem,

107 781 240 828 profert
259 780 453 827 temporum
479 780 571 813 Eliae
594 779 783 813 historiam.
812 779 968 824 Namque
991 790 1031 812 ex
1057 778 1198 812 illorum
1223 784 1379 812 veterum
1398 776 1654 822 comparatione
1673 781 1782 821 gesto-

109 851 187 872 rum
206 839 302 873 facile
320 838 552 883 cognoscitur,
572 836 767 870 voluntaria
788 837 914 881 pariter
935 837 1063 869 insania
1088 835 1262 870 laborasse
1282 834 1480 869 Israhelem.
1510 833 1685 878 Siquidem
1706 843 1784 876 reg-

109 902 209 930 nante
234 895 402 929 Samariae
428 893 607 938 Achaabo,
636 893 728 927 idola
756 893 883 927 Israhel
908 893 1055 927 absurde
1082 892 1235 932 colebat,
1263 893 1488 937 victim‘aeque
1506 897 1539 925 et
1562 890 1639 924 fana
1657 888 1784 933 ubique

107 960 216 988 erant.
244 953 383 986 Interim
410 952 497 996 siqui
524 952 596 987 Deo
622 950 871 990 adhaerebant,
901 963 1025 997 magno
1045 952 1081 984 in
1101 962 1227 996 pavore
1250 949 1494 987 versabantur,
1523 955 1555 983 et
1574 946 1784 981 intolerabili

107 1010 351 1056 premebantur
376 1010 632 1055 persecutione;
659 1010 704 1043 ita
730 1015 765 1043 ut
791 1010 826 1043 in
852 1010 958 1043 antris
985 1015 1229 1054 petrarumque
1256 1008 1410 1042 cavernis
1433 1007 1604 1041 latitarent
1631 1004 1784 1051 prophe-

106 1073 176 1106 tae,
199 1073 232 1101 et
251 1068 323 1113 ipse
346 1068 437 1101 Elias
455 1079 533 1101 cum
554 1068 587 1100 in
613 1067 822 1113 profundam
846 1067 1033 1100 secessisset
1060 1077 1232 1105 eremum,
1254 1066 1301 1099 sic
1325 1076 1403 1099 cum
1421 1065 1493 1098 Deo
1513 1063 1657 1109 supplex
1678 1072 1784 1107 expo-

106 1125 250 1160 stularet
271 1126 300 1158 *:
325 1140 340 1158 «
363 1126 479 1159 altaria
507 1133 563 1160 tua
583 1125 828 1163 subfoderunt,
851 1125 1037 1171 prophetas
1056 1130 1129 1158 tuas
1149 1124 1365 1163 occiderunt,
1387 1123 1548 1169 solusque
1563 1132 1627 1166 ego
1646 1120 1785 1154 relictus

106 1189 200 1221 sum,
226 1183 323 1216 cuius
347 1184 429 1216 item
454 1184 565 1217 anima
590 1184 792 1229 exquiritur.
819 1197 833 1214 »
859 1182 923 1216 Sed
950 1182 1043 1215 illico
1070 1193 1274 1227 responsum
1300 1180 1423 1214 audiit:
1451 1193 1467 1211 «
1492 1184 1674 1224 supersunt
1701 1177 1784 1210 mihi

108 1246 239 1285 septem
258 1240 351 1273 milia
370 1241 541 1279 virorum,
562 1241 621 1286 qui
640 1240 731 1274 Baali
750 1252 860 1286 genua
886 1251 956 1273 non
976 1240 1156 1273 flexerunt.
1181 1253 1196 1270 »
1219 1239 1322 1284 Atqui
1345 1244 1381 1271 ut
1398 1237 1460 1271 illo
1482 1243 1637 1282 tempore
1659 1245 1784 1281 nequa-

107 1309 212 1342 quam
237 1299 326 1331 Deus
352 1297 393 1331 ad
420 1304 490 1331 tam
516 1299 621 1343 impia
647 1297 773 1331 scelera
800 1297 935 1342 impulit
963 1296 1165 1334 israhelem,
1194 1295 1253 1329 sed
1279 1296 1332 1329 hic
1359 1295 1472 1341 potius
1498 1305 1558 1327 sua
1578 1293 1714 1327 vesania
1739 1291 1784 1325 ita

110 1355 281 1399 peccaviu
303 1355 349 1388 sic
373 1366 465 1388 nunc
482 1356 554 1388 Deo
579 1361 676 1400 patre
694 1354 840 1388 salutem
859 1365 921 1399 per
945 1353 1117 1386 Christum
1139 1352 1301 1386 omnibus
1325 1351 1526 1389 exhibente,
1547 1350 1788 1394 neminemque

110 1412 316 1457 repellente,
340 1411 455 1445 Iudaei
481 1418 605 1457 sponte
628 1411 670 1445 ad
697 1411 901 1456 apostasiam
927 1410 1205 1448 declinaverunt,
1225 1409 1446 1455 redemptore
1471 1413 1680 1452 contempto.
1709 1407 1787 1440 Non

108 1480 191 1513 ergo
218 1469 345 1513 repulit
370 1469 459 1502 Deus
486 1469 656 1514 populum
682 1480 804 1507 suum,
830 1468 883 1502 cui
910 1467 1043 1513 potiuS,
1072 1473 1109 1501 ut
1136 1467 1224 1507 dixi,
1252 1466 1396 1507 obtulit,
1424 1467 1452 1500 si
1479 1470 1569 1500 certe
1594 1466 1621 1498 is
1647 1463 1785 1498 maluis-

106 1531 172 1563 set,
201 1525 317 1558 salutis
343 1535 431 1570 quae
457 1536 518 1571 per
546 1526 721 1560 Christum
747 1525 849 1559 datur
876 1525 1186 1570 participationem.

505 1590 540 1614 Si
557 1598 632 1620 ergo
648 1590 770 1621 gratia,
786 1591 871 1614 haud
889 1591 953 1613 iam
969 1590 1104 1618 amplius
1120 1597 1156 1613 ex
1173 1590 1320 1617 open-ihus
1335 1591 1392 1612 etc.

202 1641 235 1674 Si
261 1641 386 1686 gratia,
415 1641 543 1687 inquit,
564 1641 657 1676 haud
680 1643 748 1676 iam
774 1641 922 1688 amplius
941 1652 980 1675 ex
1000 1639 1182 1686 operibus;
1205 1640 1333 1686 alioqui
1353 1640 1480 1685 gratia,
1503 1640 1571 1673 iam
1591 1638 1696 1684 gratia
1716 1648 1785 1672 non

107 1691 219 1733 esset.>
236 1699 320 1739 Ubi,
349 1701 478 1746 inquit,
500 1707 598 1746 putat
624 1701 795 1747 quispiam
821 1712 856 1734 se
880 1699 1045 1746 operibus
1064 1700 1134 1733 suis
1159 1699 1244 1744 quid
1270 1698 1479 1745 promereri,
1506 1696 1554 1731 ibi
1575 1707 1716 1742 prorsus
1733 1706 1787 1729 su-

108 1768 359 1802 pervacaneum
385 1769 582 1803 vanumque
609 1759 672 1792 erit
699 1759 827 1804 gratiae
858 1769 984 1791 nomen
1012 1763 1046 1791 et
1067 1757 1178 1791 valor.
1205 1757 1340 1790 Etenim
1368 1755 1541 1802 operanti,
1569 1754 1679 1799 inquit
1705 1752 1788 1785 scri-

110 1819 228 1859 ptura,
250 1826 382 1848 merces
402 1814 564 1849 tribuitur
583 1827 653 1849 non
672 1827 713 1850 ex
732 1815 840 1861 gratia
859 1814 919 1849 sed
938 1826 978 1848 ex
1000 1813 1130 1848 debito.
1154 1815 1270 1859 Itaque
1290 1814 1318 1847 si
1337 1824 1377 1847 ex
1395 1811 1686 1864 operibus‘gratia
1705 1820 1788 1843 con-

112 1872 236 1916 surgit,
258 1873 325 1905 iam
351 1883 420 1905 non
449 1879 497 1906 est
524 1874 643 1918 gratia.
1527 1877 1531 1881 ”

465 1937 549 1964 Quint
567 1939 686 1968 igitur?
702 1938 791 1965 Quod
809 1939 935 1966 quaerit
952 1939 1091 1967 israhel,
1106 1945 1168 1962 non
1185 1940 1232 1962 est
1247 1939 1436 1961 consecutus.

206 1987 361 2025 Dixerat,
390 1997 408 2021 a
431 1988 503 2021 Deo
529 1988 700 2033 populum
721 2000 821 2022 suum
840 2000 909 2022 non
929 1988 1031 2022 fuisse
1057 1988 1289 2034 repudiatum.
1320 1987 1386 2021 Sed
1410 1987 1490 2032 quia
1514 1984 1698 2020 verisimile
1717 1988 1789 2017 erat

110 2043 351 2078 adversaturos
376 2045 565 2091 quosdam,
589 2051 690 2092 atque
717 2046 784 2080 hoc
809 2045 1024 2085 obiecturos,
1046 2058 1190 2092 nempe:
1211 2045 1298 2091 quid
1318 2046 1354 2079 ni
1379 2046 1470 2079 Deus
1494 2043 1663 2090 populum
1689 2053 1789 2075 suum

110 2101 331 2148 repudiavit?
356 2103 526 2149 siquidem
554 2104 681 2138 Israhel
710 2115 829 2150 reapse
855 2116 872 2138 a
899 2094 1160 2143 cultu'defecin
1189 2104 1250 2138 etsi
1278 2114 1348 2137 non
1372 2109 1464 2137 totus
1490 2113 1601 2147 neque
1626 2100 1786 2138 omnino,

111 2158 235 2193 sed‘ex
258 2166 354 2205 parte
381 2167 512 2194 tamen:
542 2162 668 2195 etenim
693 2161 858 2207 reliquiae
883 2162 1014 2207 aliquot
1041 2167 1193 2195 servatae
1219 2167 1314 2200 sunt,
1343 2167 1376 2195 et
1402 2161 1466 2194 hae
1484 2160 1577 2206 ipsae
1601 2157 1789 2192 secundum

111 2217 326 2251 electionem.
355 2219 511 2252 Occurrit
540 2226 653 2253 autem
676 2220 800 2253 Paulus
821 2219 1011 2266 prudenter
1038 2219 1228 2253 admodum
1246 2219 1380 2253 dicens:
1408 2218 1493 2265 quid
1515 2217 1641 2264 igitur?
1667 2225 1790 2259 nempe

113 2273 197 2318 quid
216 2275 270 2307 aio
288 2275 330 2308 ad
348 2275 453 2310 haec?
469 2277 569 2316 Quod
588 2278 721 2323 quaerit
740 2277 887 2316 Israhel,
909 2288 979 2311 non
999 2284 1047 2311 est
1068 2283 1288 2316 consecutus,
1309 2276 1375 2314 sed,
1387 2276 1508 2310 electio
1526 2275 1562 2309 id
1582 2274 1703 2319 adepta
1721 2277 1787 2305 est:

114 2332 217 2365 ceteri
240 2344 323 2366 vero
342 2335 465 2368 caecati
490 2341 580 2368 sunt.
609 2335 803 2376 Quaerebat
830 2336 957 2369 Israhel
984 2334 1259 2369 iustificationem
1285 2335 1437 2380 exlege:
1459 2333 1518 2368 sed
1540 2330 1719 2379 quomodo
1742 2330 1791 2363 iu-

113 2388 252 2423 stificari
280 2396 435 2436 poterat,
463 2392 744 2438 quandoquidem
773 2393 848 2439 lege
875 2405 979 2427 nemo
1007 2392 1207 2439 perficitur?
1233 2394 1324 2439 Ergo
1353 2391 1627 2427 iustificationem
1651 2387 1791 2433 quidem

115 2448 149 2481 in
181 2452 265 2493 typo
290 2447 476 2493 quaerebat
504 2451 649 2490 Israhel,
673 2451 733 2485 sed
757 2463 826 2486 non
854 2458 904 2485 est
930 2457 1148 2485 consecutus:
1169 2451 1230 2485 sed
1255 2451 1314 2496 qui
1342 2449 1540 2495 singillatim
1566 2457 1648 2492 prae
1673 2444 1792 2479 ceteris

113 2504 212 2539 electi
238 2505 395 2544 fuerunt,
425 2513 567 2552 propter
590 2519 685 2542 suam
710 2509 948 2543 credulitatem
967 2520 1042 2542 eam
1066 2508 1216 2542 adsecuti
1235 2515 1332 2546 sunt:
1360 2505 1530 2541 iustificati
1550 2504 1712 2538 nimirum
1732 2512 1792 2547 per

114 2561 231 2596 fidem.
259 2563 369 2597 Ceteri
396 2565 564 2611 excaecati
589 2572 684 2604 sunt,
713 2566 871 2601 videlicet
898 2566 977 2600 duri
1006 2573 1037 2601 et
1065 2573 1294 2601 contumaces.

517 2629 557 2651 Et
577 2629 675 2652 David
692 2631 781 2653 dicit:
799 2631 855 2655 fiat
870 2639 976 2655 mensa
994 2638 1102 2655 eorum
1119 2633 1153 2654 in
1170 2631 1319 2658 laqueum
1334 2631 1391 2652 etc.

208 2677 301 2716 Fiat,
329 2678 455 2722 inquit,
485 2689 602 2712 mensa
626 2690 747 2713 eorum
772 2681 806 2714 in
829 2681 1008 2726 laqueum,
1037 2687 1071 2715 et
1097 2681 1241 2725 reliqua.
1271 2678 1449 2713 Maledicta
1473 2677 1567 2711 enim
1590 2677 1663 2710 iure
1689 2675 1792 2709 meri-

114 2739 218 2780 toque
242 2735 348 2770 evasit
373 2746 490 2769 mensa
513 2735 672 2774 illorum,
700 2737 735 2770 id
758 2744 808 2771 est
834 2738 1084 2784 inhospitalitas
1110 2749 1148 2771 ac
1172 2737 1329 2775 saevitia,
1351 2747 1455 2781 quam
1474 2741 1593 2769 contra
1617 2733 1789 2767 Christum

114 2792 149 2825 in
163 2803 301 2827 crucem
321 2792 496 2828 sublatum
514 2791 820 2840 exprompserunt,
840 2807 918 2830 cum
943 2797 1069 2830 sitienti
1090 2802 1222 2830 acetum
1239 2794 1318 2828 felle
1337 2794 1481 2828 mixtum
1504 2792 1785 2838 propinaverunt.

1820 670 1875 691 CAr.
1891 670 1927 691 Xt.
1944 674 1962 690 2.

1824 1121 1832 1165 ἱ
1841 1117 1879 1140 111.
1890 1118 1944 1143 Rea.
1954 1118 2004 1139 XIX

1837 1148 1855 1165 t.

1826 1423 1862 1443 Gr.
1877 1428 1899 1449 p.
1915 1425 1939 1443 42
