2205 3177
317 244 541 284 NICETAE
568 241 860 282 PRAEFATIO
890 241 962 278 AD
992 240 1243 280 CATENAM
1273 239 1326 277 IN
1355 236 1596 277 PSALMOS.

218 358 270 392 De
290 357 516 404 subsequente
537 357 682 391 Niceme
702 353 932 402 praefatione
953 353 966 395 (
977 364 1083 397 quam
1111 351 1246 384 (liutius
1263 351 1437 384 occultam
1459 349 1495 383 in
1517 357 1587 382 vae.
1611 347 1728 381 codiee
1748 360 1801 381 re-

123 416 280 463 linquere
306 416 427 459 nolui)
455 414 539 448 dioei
556 414 592 448 in
610 424 741 460 graeca
768 409 954 445 voluminis
975 418 1079 455 parte
1097 421 1135 454 l)—
1162 409 1239 442 139.
1263 409 1486 453 Quamquam
1507 418 1584 440 vero
1603 405 1747 440 Nic-ems
1766 405 1801 438 in

122 482 249 507 catena
271 473 446 520 plurimos
472 472 576 505 habet
602 469 750 504 ineditos
776 469 926 502 Parrum
951 467 1059 502 locos,
1088 466 1123 498 in
1152 465 1216 498 hoe
1242 474 1359 498 tamen
1385 465 1532 511 prologo
1558 472 1642 497 nola
1668 462 1801 509 scripta

121 530 282 578 expilat,
311 531 378 564 elsi
399 531 603 577 plerumque
628 526 729 560 haud
750 538 868 573 presse
894 525 947 559 vel
972 523 1022 557 acl
1045 523 1223 559 litteram,
1249 522 1311 556 sed
1335 522 1443 555 libero
1470 530 1714 568 earcerplorum
1741 532 1802 567 ge-

121 601 222 623 nere:
244 598 277 622 e!
293 588 450 636 propriis
470 585 701 633 interposilis:
723 595 834 630 quare
855 592 887 616 el
908 594 997 616 nora
1024 580 1270 628 interpretatio
1289 579 1404 613 latina
1427 579 1554 625 ubique
1573 591 1594 611 (1
1622 578 1721 612 nobis
1734 578 1803 623 sa-

122 644 248 679 cienda
267 646 361 691 suit.
392 645 627 691 Conseruntur
655 641 769 688 igilur
800 640 900 674 Plzilo
927 640 969 673 de
997 641 1115 685 Moyse
1142 638 1204 672 lib.
1234 639 1292 674 II,
1317 636 1476 671 Iustinus
1501 637 1643 682 apolog.
1672 637 1703 669 I.
1735 636 1799 674 31,

123 702 387 749 chrysostomus
407 703 443 736 in
463 701 620 748 psalmos
639 700 693 732 ed.
718 698 846 743 Monts.
872 699 907 732 T.
935 699 970 730 Γ.
990 710 1029 744 p.
1053 697 1134 730 5410.
1155 705 1187 729 c!
1209 694 1313 732 alibi,
1338 693 1556 728 Athanasius
1581 692 1684 726 initio
1709 705 1803 725 eom—

122 760 293 793 mentm-ii
318 761 354 793 in
373 760 531 806 psalmos
557 766 590 791 e!
617 757 653 790 in
678 756 839 803 synopsi,
866 755 1021 789 Basilius
1045 754 1166 788 homil.
1190 753 1226 786 in
1243 752 1402 800 primum
1419 751 1615 798 psalmum,
1645 750 1802 796 Epipha-

121 818 202 851 nius
229 817 272 850 de
291 817 401 864 pond.
424 825 458 849 et
482 827 590 849 mens.
621 827 699 861 cup.
735 816 771 847 1⁷.
804 814 1001 847 Plurimum
1031 811 1207 857 ceteroqui
1229 819 1370 858 partem
1394 807 1597 855 suppeditat
1626 808 1802 853 Nyssenus

121 875 262 922 gemino
284 888 346 909 suo
369 875 412 908 de
439 873 727 921 inscriptionibus
746 872 968 919 psalmorum
995 879 1174 908 tractuum
1196 868 1291 915 quod
1312 867 1377 901 heu
1403 879 1488 914 opus
1514 865 1614 899 valde
1637 865 1803 912 impersc-

121 942 215 966 elum
239 941 289 966 est
316 932 353 966 in
372 932 551 966 codicibus
577 941 683 978 (itque
710 929 940 966 e(lz'!i'0ni'bu5‚
965 929 1092 975 quippe
1119 928 1154 961 in
1178 927 1317 974 psalmo
1338 925 1472 958 LI'III.
1495 936 1562 957 non
1588 932 1663 956 lum
1690 923 1803 956 subsi-

120 999 211 1023 stens
236 1002 344 1036 quam
370 990 574 1037 abruptum.

173 1099 354 1145 Congestio
380 1102 638 1135 enarrationum
665 1112 705 1134 ex
730 1100 875 1133 diversis
900 1099 1024 1132 sanctis
1050 1096 1204 1143 patribus
1231 1101 1332 1141 atque
1359 1094 1530 1140 magistris
1556 1093 1590 1126 in
1617 1091 1745 1125 librum

384 1158 615 1204 psalmorum,
637 1158 780 1191 collecta
808 1169 825 1191 a
852 1156 1079 1190 sacratissimo
1105 1154 1327 1199 metropolita
1353 1151 1538 1186 Heracleae

551 1216 695 1249 domino
720 1216 835 1248 Niceta
861 1215 1039 1247 Serrarum
1066 1217 1163 1246 antea
1189 1212 1366 1256 episcopo.

123 1326 235 1389 Quum
258 1351 428 1385 propositum
448 1351 526 1378 nobis
545 1351 581 1378 sit
600 1359 692 1378 sacros
713 1351 833 1386 psalmos
853 1358 931 1377 enar-

120 1400 193 1425 rare,
212 1394 347 1421 nonnulla
364 1395 392 1421 in
409 1399 582 1422 antecessum
599 1399 705 1429 oportet
721 1402 853 1430 exponere
868 1394 933 1421 huic

119 1442 202 1469 scopo
219 1444 356 1471 congrua,
374 1442 456 1471 atque
477 1438 513 1464 ita
532 1438 565 1464 ad
585 1439 754 1473 psalmorum
775 1438 932 1472 explicatio-

119 1486 181 1505 nem
198 1480 297 1506 venire.
316 1482 365 1507 Est
381 1481 467 1515 igitur
480 1490 576 1516 operae
590 1482 704 1517 pretium
722 1484 862 1517 exquirere
877 1483 932 1516 pri-

120 1529 178 1553 1110,
195 1530 316 1556 (1110113111
330 1528 450 1559 tempore
462 1529 489 1552 et
503 1526 609 1560 quoties
621 1534 653 1553 ex
666 1526 791 1553 hebraica
806 1525 840 1552 ad
855 1534 932 1561 grae-

117 1574 177 1593 cam
198 1567 323 1603 linguam
340 1574 417 1597 vetus
431 1569 522 1597 divina
536 1571 671 1606 scriptura
686 1571 818 1598 translata
832 1570 914 1598 fuerit
924 1592 931 1602 ,

117 1615 144 1638 et
164 1619 315 1646 quamnam
336 1622 367 1640 ex
388 1615 431 1641 his
450 1615 702 1650 interpretationem
721 1624 772 1643 nos
791 1615 933 1643 admiseri-

118 1663 189 1682 mus.
206 1657 348 1691 Secundo,
364 1667 447 1694 quam
460 1660 495 1687 ob
512 1668 621 1687 causam
638 1661 787 1696 prophetici
800 1660 863 1687 libri
878 1661 934 1688 sint

116 1700 236 1728 obscuri.
259 1703 367 1736 Tertio,
389 1703 456 1739 quid
476 1705 511 1731 sit
531 1705 708 1740 psalterium,
730 1706 885 1737 canticum,
907 1709 934 1732 et

117 1744 252 1779 hymnus,
273 1751 299 1773 et
318 1747 394 1780 13115,
414 1752 440 1775 91
460 1750 556 1776 oratio.
578 1751 697 1784 Quarto,
718 1754 812 1776 utrum
835 1749 931 1784 psalmi

116 1796 212 1837 omues
224 1790 280 1817 sint
292 1792 418 1826 DaridiS,
435 1798 461 1820 et
474 1802 522 1821 cur
536 1803 591 1821 non
606 1796 665 1821 sine
681 1795 811 1830 rhythmo
826 1798 853 1821 et
867 1803 932 1821 can-

117 1833 202 1861 tilena
226 1836 367 1870 prophetia
390 1837 456 1864 haec
475 1839 613 1866 recitetur.
635 1840 738 1874 Quinto
762 1839 880 1875 denique
902 1847 933 1867 ae

119 1881 270 1911 postremo,
282 1885 348 1914 quot
361 1881 389 1907 in
403 1886 491 1916 partes
504 1883 673 1917 psalmorum
687 1884 814 1910 volumen
827 1888 931 1911 sectum

118 1920 162 1946 sit.
186 1920 235 1948 His
256 1925 423 1952 enumeratis
444 1926 595 1960 capitibus,
613 1935 661 1962 age
679 1928 734 1954 iam
754 1928 871 1961 primum
892 1936 933 1955 19-

118 1966 266 2001 stigemus,
283 1969 319 1995 ita
341 1970 520 1999 exordientes.

374 2016 497 2043 Philonis
519 2021 545 2043 et
566 2018 673 2044 lustini.

181 2057 237 2084 Soli
259 2058 325 2085 olim
348 2060 441 2088 Iudaei
461 2063 557 2089 veteris
573 2064 729 2090 testamenti
749 2064 833 2091 libros
852 2063 933 2091 habe-

117 2098 185 2148 bant
208 2103 316 2137 propria
340 2103 435 2139 lingua
460 2107 644 2142 conscriptos:
665 2116 715 2135 nos
740 2116 801 2135 1910
825 2108 931 2135 1111113111

117 2143 183 2172 lude
202 2146 351 2174 utilitatem
370 2149 554 2184 capiebamus.
576 2153 668 2186 Quum
684 2156 776 2179 autem
796 2156 856 2187 post
868 2153 931 2180 Ale-

118 2188 253 2217 xandrum
281 2192 457 2220 macedonem
484 2196 657 2223 Ptolemaeus
685 2196 877 2232 philadelphus
902 2197 932 2224 in

118 2232 241 2267 Aegypto
261 2241 400 2270 regnaret,
423 2237 545 2266 iudaicae
566 2240 754 2275 philosophiae
775 2240 866 2268 studio
888 2241 931 2267 in-

117 2283 231 2310 census,
252 2279 280 2305 in
302 2289 430 2315 graecum
452 2291 620 2315 sermonem,
641 2285 669 2312 id
692 2286 767 2321 quod
787 2290 844 2313 erat
863 2287 930 2313 scri-

118 2323 196 2353 ptum
210 2321 366 2358 chaldaieo,
380 2332 535 2355 convertere
547 2328 720 2363 deliberavit3
734 2330 862 2365 misitque
872 2331 932 2357 sine

120 2371 194 2391 mora
215 2366 248 2414 311
268 2370 393 2396 Azariam
412 2379 486 2399 nunc
504 2373 620 2401 Iudaeae
640 2375 797 2409 pontilicem
811 2375 929 2407 legatos,

118 2414 199 2434 suum
215 2411 374 2445 significans
385 2416 529 2443 consilium
539 2439 546 2449 ,
558 2422 638 2453 atque
651 2418 814 2453 adhortans,
826 2408 929 2446 1111110-

117 2459 184 2501 neos
207 2456 323 2483 maxime
342 2457 426 2492 viros,
442 2460 489 2494 qui
504 2461 590 2493 legem
606 2463 865 2498 interpretarentur,
882 2463 929 2491 de-

118 2495 226 2528 lineret.
247 2500 370 2528 Pontifex
390 2507 480 2530 autem
498 2513 529 2531 eo
545 2507 662 2540 nuncio,
676 2508 715 2534 uti
734 2517 782 2543 par
799 2513 870 2542 erat,
884 2508 930 2536 de-

117 2540 248 2575 lectatus,
269 2544 481 2582 existimansque
505 2549 577 2576 haud
602 2551 661 2578 sine
681 2551 773 2579 divino
795 2553 928 2580 instinctu

117 2592 211 2612 curam
232 2587 314 2616 huius
330 2590 366 2617 rei
386 2594 537 2626 suscepisse
555 2602 658 2627 regem,
679 2595 854 2623 considerans
866 2598 928 2632 qui·

117 2637 180 2656 nam
206 2632 279 2665 apud
301 2641 329 2660 se
353 2640 443 2662 9559111
467 2636 652 2664 Hebraeorum
678 2640 856 2673 peritissimi,
881 2641 927 2676 qui

116 2678 223 2708 praeter
244 2677 362 2711 patrium
384 2688 479 2714 graeca
502 2682 582 2708 etiam
605 2683 737 2717 pollerent
758 2684 926 2718 eruditione,

116 2716 236 2747 delectos
255 2729 286 2748 ex
303 2723 419 2758 singulis
435 2725 581 2754 duodecim
601 2728 728 2755 tribubus
739 2729 810 2755 viros
821 2736 880 2763 sex,
895 2730 927 2756 li-

115 2760 211 2811 benter
228 2765 315 2792 misit:
332 2769 380 2802 qui
399 2769 511 2797 (11191515
530 2770 669 2798 distributi
685 2772 790 2799 cellulis
809 2772 881 2807 bini,
896 2778 927 2801 ut

116 2809 154 2831 ait
169 2807 282 2836 iudaeus
296 2811 390 2846 Philo,
407 2818 454 2840 aut
471 2815 649 2849 singillatim,
666 2820 697 2842 111
711 2815 789 2843 divus
803 2816 925 2844 lustinus

116 2855 222 2884 ΠθΓΓ-Ίῐ,
243 2852 336 2889 divisi,
357 2858 386 2884 in
405 2857 494 2885 Pharo
514 2859 693 2887 Alexandriae
711 2860 820 2894 insula,
839 2864 924 2887 totam

987 1349 1107 1376 divinam
1134 1348 1313 1383 scripturam,
1339 1347 1464 1381 ipsosque
1489 1344 1609 1379 psalmos
1633 1342 1801 1377 interpretati

986 1398 1066 1427 sunt,
1085 1393 1231 1428 cunctique
1250 1393 1279 1418 111
1296 1400 1326 1418 93
1346 1390 1536 1418 lucubratione
1554 1389 1670 1415 invicem
1685 1395 1800 1414 consen-

986 1442 1095 1470 serunt,
1113 1437 1182 1463 nihil
1202 1437 1315 1463 omnino
1333 1436 1404 1462 inter
1425 1443 1452 1461 59
1470 1434 1655 1467 discrepantes
1672 1431 1725 1458 5119
1738 1439 1800 1458 5911-

986 1482 1079 1508 tentiis
1099 1482 1153 1508 5119
1174 1480 1327 1512 vocabulis,
1348 1478 1396 1506 sed
1412 1478 1507 1505 eadem
1523 1477 1633 1504 nomina
1655 1484 1685 1502 ac
1704 1475 1798 1506 verba,

986 1530 1128 1560 tamquam
1147 1525 1239 1559 aliquo
1260 1524 1394 1550 monitore
1413 1522 1542 1549 invisibili
1563 1521 1680 1555 singulis
1701 1528 1799 1554 sugge-

986 1574 1078 1602 rente,
1100 1569 1217 1596 narratis
1235 1568 1315 1595 rebus
1334 1565 1622 1597 accon]modaveruut3
1643 1565 1679 1591 ita
1697 1568 1727 1590 ut
1748 1564 1799 1589 mi-

986 1618 1093 1640 raretur
1114 1613 1296 1640 Ptolemaeus.
1319 1612 1402 1638 Facta
1425 1614 1466 1637 est
1488 1613 1579 1636 autem
1604 1609 1669 1635 haec
1690 1611 1799 1642 septua-

986 1659 1062 1693 ginta
1085 1658 1203 1685 duorum
1224 1656 1307 1683 editio
1326 1654 1516 1683 trecentesimo
1537 1657 1564 1681 et
1584 1660 1640 1680 uno
1659 1656 1721 1678 ante
1738 1652 1799 1678 Ser·

986 1703 1086 1731 vatoris
1107 1702 1254 1730 adventum
1276 1708 1358 1727 anno.

1050 1748 1146 1774 Postea
1166 1754 1246 1778 vero,
1268 1744 1436 1779 temporibus
1458 1742 1591 1770 Hadriani
1610 1742 1798 1767 Romanorum

987 1792 1176 1827 imperatoris,
1199 1790 1311 1825 Aquilas
1331 1787 1503 1823 sinopensis,
1528 1795 1558 1813 ex
1581 1785 1690 1813 ethnico
1712 1784 1801 1810 factus

987 1836 1167 1867 christianus,
1181 1834 1280 1862 deinde
1293 1833 1327 1861 ad
1340 1832 1508 1860 iudaismum
1523 1830 1679 1861 declinans,
1693 1832 1798 1863 gratam

988 1880 1096 1908 ludaeis
1114 1879 1200 1907 edidit
1219 1878 1482 1913 interpretationem.
1504 1876 1568 1902 Post
1589 1875 1663 1900 hunc
1681 1872 1732 1899 sub
1753 1872 1798 1898 Se-

986 1934 1047 1952 1910
1066 1924 1248 1961 Symmachus
1267 1923 1352 1958 patria
1369 1921 1566 1952 samaritanus,
1581 1926 1645 1945 cum
1663 1917 1797 1944 haeretico

986 1970 1126 1997 Marcione
1146 1973 1282 2000 versatus,
1303 1971 1330 1994 et
1348 1966 1516 1993 simultatem
1537 1972 1601 1990 cum
1620 1961 1798 1989 Samaritanis

986 2022 1096 2049 gerens,
1113 2018 1309 2049 proptereaque
1326 2011 1488 2038 ludaeorum
1506 2013 1596 2044 partes
1612 2011 1735 2038 secutus,
1753 2005 1799 2032 ob-

986 2059 1051 2085 tulit
1068 2059 1122 2085 illis
1139 2062 1282 2092 corruptae
1298 2056 1449 2083 sententiae
1469 2054 1627 2081 editionem.
1648 2053 1711 2078 Post
1731 2057 1799 2085 quos

986 2102 1037 2130 sub
1050 2102 1200 2129 Commodo
1216 2102 1378 2136 imperatore
1387 2120 1393 2131 ,
1406 2098 1556 2126 Theodotio
1570 2096 1696 2132 ephesius
1708 2102 1799 2122 sacros

986 2146 1070 2173 libros
1090 2154 1169 2181 prave
1184 2152 1361 2180 perversaque
1380 2143 1434 2170 fide
1448 2142 1575 2177 wlf-favit.
1597 2140 1698 2175 Quinta
1716 2139 1797 2165 etiam

986 2194 1012 2217 et
1031 2194 1104 2217 sexta
1117 2190 1251 2217 editiones
1265 2192 1386 2224 repertae
1399 2191 1478 2219 sunt,
1492 2187 1537 2213 illa
1558 2185 1669 2221 quidem
1684 2183 1735 2211 sub
1749 2184 1797 2209 Ca-

986 2236 1086 2263 racalla
1104 2237 1292 2262 Romanorum
1313 2233 1451 2268 principe,
1472 2233 1537 2259 haec
1554 2235 1645 2257 autem
1666 2228 1717 2255 sub
1732 2227 1795 2253 Ale-

986 2281 1088 2308 xandro
1105 2283 1274 2308 Mammaeae
1291 2279 1362 2311 silio,
1382 2283 1498 2313 utraque
1519 2277 1622 2303 incerto
1641 2278 1751 2301 auctore
1770 2277 1795 2299 et

985 2334 1121 2362 anonyma
1130 2347 1136 2359 ,
1151 2329 1246 2352 neutra
1263 2329 1330 2351 tuta.
1345 2323 1402 2350 Sub
1414 2322 1585 2349 Diocletiano
1598 2324 1688 2346 autem
1701 2322 1727 2344 et
1739 2319 1795 2343 Ma-

985 2370 1105 2396 ximiano
1123 2369 1261 2405 tyrannis,
1277 2376 1351 2395 sacer
1366 2371 1468 2402 martyr
1482 2365 1634 2395 Lucianus,
1651 2362 1689 2388 111
1705 2361 1793 2388 1111131-

985 2414 1024 2440 cis
1040 2413 1113 2441 haud
1133 2413 1224 2440 minus
1243 2413 1341 2440 litteris
1360 2419 1443 2447 quam
1457 2410 1560 2445 graecis
1574 2406 1679 2443 estre-gie
1694 2406 1794 2432 instru-

985 2463 1059 2491 ctuS,
1081 2458 1268 2485 Hebraeorum
1289 2457 1374 2484 libros
1396 2456 1423 2482 in
1443 2458 1563 2482 nostram
1586 2450 1727 2479 transtulit
1743 2450 1793 2476 lin-

983 2512 1081 2538 guam,
1102 2504 1204 2538 optime
1227 2511 1257 2529 ac
1278 2502 1425 2528 tutissime.
1446 2501 1500 2526 Nos
1522 2506 1581 2524 1910
1603 2495 1708 2523 etiamsi
1730 2494 1793 2520 huic

983 2556 1092 2583 quoque
1107 2547 1220 2574 editioni
1237 2547 1368 2573 honorem
1387 2543 1533 2571 tribuimus
1542 2563 1548 2573 ,
1561 2541 1635 2568 illam
1648 2544 1740 2566 tamen
1752 2546 1792 2565 se-

984 2592 1126 2626 ptuaginta
1142 2590 1260 2617 duorum
1276 2589 1419 2624 praecipue
1433 2586 1587 2621 sequimur,
1599 2584 1662 2619 (11113
1679 2583 1705 2609 111
1721 2589 1792 2609 seor-

981 2644 1043 2663 sum
1057 2635 1158 2667 singuli
1171 2633 1421 2668 interpretationem
1433 2631 1561 2658 facientes
1570 2650 1576 2662 ,
1587 2636 1674 2655 unum
1684 2627 1713 2653 in
1724 2634 1791 2653 una-

982 2688 1089 2715 quaque
1110 2689 1137 2707 re
1156 2687 1284 2711 sensum,
1305 2678 1452 2711 eademque
1473 2675 1552 2702 verba
1575 2673 1728 2700 ediderunt.

1045 2726 1080 2751 lli
1104 2724 1222 2759 psalmos
1240 2730 1348 2758 quoque
1371 2720 1551 2756 interpretati,
1572 2718 1690 2753 primum
1708 2721 1789 2750 atque

980 2769 1132 2798 secundum
1151 2769 1252 2802 absque
1266 2766 1353 2793 titulis
1370 2769 1533 2801 posuerunt,
1547 2764 1660 2792 Esdram
1679 2767 1789 2798 prorsus

978 2815 1007 2841 in
1024 2815 1075 2841 hoc
1092 2813 1186 2840 secuti.
1208 2812 1315 2838 Etenim
1333 2811 1433 2837 Esdras
1452 2809 1567 2837 iudaeus
1583 2809 1701 2844 diligens
1718 2808 1788 2834 litte-

978 2863 1052 2886 rator
1066 2858 1192 2886 ducentis
1208 2856 1407 2891 quinquaginta
1423 2859 1486 2882 ante
1503 2853 1786 2891 septuagintaxiralcm
