2205 3177
350 273 407 290 1.11

346 796 364 809 1,
383 792 411 810 13.

276 906 313 926 (ἲν,
328 911 349 931 ρ.
366 908 412 927 ⁸2⁸0.

236 2398 242 2403 ¹
259 2395 338 2415 Malui.
355 2396 414 2415 1’,;;Δ

281 2452 317 2472 ur,
332 2458 354 2478 ρ,
370 2456 415 2474 2⁷21.

227 2567 330 2588 ‘ustor
340 2567 415 2589 Vl.1'=.

463 186 527 220 15¹2.
962 194 989 216 S.
1019 194 1145 216 crtum]
1172 194 1391 216 ALExAxnmxt
1417 194 1622 217 eerANATlo

1025 260 1144 283 Divum
1160 263 1313 288 eguerunt
1331 263 1360 284 et
1377 262 1566 284 esur-lerunt.

553 314 727 348 Labuntur
753 314 937 359 aliquando
965 326 1016 347 res
1044 315 1230 352 humanae,
1254 322 1284 349 ct
1312 316 1498 360 insperatas
1525 313 1649 348 liabent
1677 315 1898 351 mutationes.
1921 315 1964 348 ita
1992 320 2026 347 ut
2054 314 2125 349 heri

454 374 565 407 dixes,
587 383 664 404 mox
693 373 726 404 in
752 378 938 404 extremam
965 372 1116 417 inopiam
1143 371 1298 408 decidat:
1319 379 1348 405 ct
1377 373 1436 417 qui
1464 371 1718 407 luxuriabatur,
1739 372 1861 416 exiguo
1887 383 1973 418 pane
1999 379 2123 407 careat.

453 430 542 464 Nihil
570 430 661 463 enim
689 428 827 462 firmum
853 429 887 462 in
914 428 1016 462 rebus
1043 428 1199 462 humanis
1225 435 1287 462 est.

1095 495 1207 517 Ventu-
1225 495 1299 522 fllss,
1315 495 1422 517 audin·
1438 501 1494 517 me.

548 544 784 578 Eruditionem
804 545 955 588 gentium
976 544 1193 589 adgreditur.
1216 546 1311 577 cuius
1330 545 1480 589 primum
1507 545 1550 578 ait
1571 556 1644 578 csse
1670 550 1769 590 caput
1797 545 1955 578 timorem
1974 546 2053 583 Dei;
2075 557 2127 579 se-

451 602 621 637 cundum,
641 601 804 636 fratribus
824 614 892 635 non
913 602 1127 637 obtrectare:
1146 604 1282 636 tertium
1295 628 1302 639 ,
1319 614 1437 646 quemi
1447 603 1473 635 is
1492 602 1612 635 dolum
1633 601 1731 635 labiis
1750 603 1818 635 suis
1837 602 2010 647 ablegare;
2031 614 2127 648 quar-

453 667 543 695 tum,
564 661 658 693 omni
685 659 777 693 malo
797 658 984 695 abstinere.
1005 666 1039 692 et
1065 660 1170 693 cuivis
1190 659 1282 692 bono
1306 659 1461 696 studere:
1483 666 1513 693 et
1541 671 1643 705 super
1669 659 1750 693 haec
1777 660 1908 695 omnia,
1935 671 2050 705 pacem
2075 672 2128 693 se-

451 718 552 751 ctari:
570 729 634 763 pax
654 723 769 751 autem
783 717 936 750 Christus
955 723 1017 751 cst.
1036 718 1163 750 Rerum
1183 716 1305 749 harum
1324 716 1493 755 studium,
1510 717 1613 750 witam
1631 716 1779 762 appellat
1799 722 1831 750 et
1850 716 1921 750 (lies
1939 715 2051 751 bonos
2064 717 2125 762 (1)

1028 782 1107 807 Quis
1123 783 1167 804 es!
1186 782 1274 803 homo
1291 782 1344 808 qui
1363 781 1427 803 vuli
1446 782 1557 804 vitam!

549 834 630 872 Quis
656 839 704 865 cst
734 832 864 865 lionio'?
884 842 1008 876 nempe
1027 832 1103 875 quis
1123 837 1171 864 est
1193 831 1366 864 rationalis
1391 837 1422 864 et
1451 831 1619 876 prudens,
1641 832 1699 876 qui
1719 831 1858 876 quidem
1885 831 1965 865 velit
1990 842 2130 865 mansu-

453 902 525 924 ram
551 889 693 922 infinitis
720 888 864 922 sacculis
884 889 989 921 vitam
1009 888 1154 925 lucrari,
1177 888 1347 933 longaque
1367 894 1399 921 et
1419 889 1489 921 sine
1515 888 1582 921 line
1608 888 1765 922 felicitate
1792 888 1882 922 frui?
1902 888 2048 922 Accedat
2073 888 2130 923 hic

452 948 493 982 ad
522 947 710 981 audiendos
736 957 911 979 sermones
938 957 1051 982 meos,
1073 945 1217 990 explicet
1246 945 1330 989 legis
1355 946 1535 984 volumen,
1561 944 1743 979 salutarem
1769 945 1961 979 doctrinam
1987 945 2127 980 ediscat.

454 1007 570 1039 Parata
597 1010 673 1037 sunt
702 1003 869 1047 regularis
889 1004 977 1036 ritae
1004 1001 1230 1039 amatoribus,
1252 1013 1340 1048 quae
1359 1014 1420 1036 nec
1440 1002 1559 1036 oculus
1584 1002 1686 1042 vidit,
1708 1014 1770 1037 nec
1790 1004 1881 1036 auris
1900 1003 2046 1042 audivit,
2068 1014 2130 1037 ne-

452 1074 518 1109 que
538 1063 570 1095 in
592 1073 650 1095 cor
671 1060 818 1094 hominis
838 1059 1078 1094 ascenderunt.
1098 1059 1200 1093 Modo
1214 1060 1240 1092 is
1259 1071 1362 1105 opera
1380 1060 1495 1098 saciat,
1511 1060 1570 1105 qui
1588 1059 1742 1093 eruditus
1761 1059 1836 1093 fuit.
1854 1061 1939 1093 Nam
1956 1061 2032 1105 qui,
2049 1071 2130 1096 cum

453 1119 627 1156 didicerit,
649 1128 729 1151 mox
756 1117 842 1150 nihil
871 1116 983 1151 bonae
1010 1116 1118 1162 frugis
1143 1118 1228 1162 agit,
1250 1116 1368 1150 similis
1393 1121 1443 1150 est
1468 1117 1602 1162 ineptae
1625 1122 1658 1150 et
1679 1116 1867 1161 uliginosae
1892 1123 2020 1156 terrae,
2041 1128 2130 1162 quae

452 1177 579 1210 semina
598 1175 738 1221 quidem
758 1175 801 1209 ab
821 1175 979 1220 agricolis
998 1175 1138 1220 recipit,
1160 1174 1243 1207 1111111
1265 1181 1378 1207 tamen
1397 1174 1539 1207 omnino
1558 1174 1658 1219 parit.
1686 1174 1786 1207 Secus
1808 1185 1910 1212 vero,
1931 1185 2129 1208 sermonum

453 1233 609 1271 auditor,
630 1240 662 1266 et
689 1233 798 1267 faetor
823 1244 986 1278 operum,
1009 1232 1202 1266 fructuosae
1228 1231 1555 1277 fecundissimaeque
1574 1238 1684 1265 terrae
1708 1233 1832 1265 merito
1858 1231 2125 1278 comparabitur.

452 1312 473 1317 —
493 1292 574 1332 Quis
594 1298 643 1325 est
665 1291 770 1325 homo
791 1291 925 1324 caelesti
946 1290 1063 1324 indole
1083 1289 1256 1335 praeditus
1274 1296 1307 1323 et
1325 1289 1502 1326 cordatus,
1523 1289 1581 1334 qui
1599 1290 1703 1322 vitam
1723 1295 1835 1334 optat,
1857 1301 1926 1323 non
1944 1300 2024 1323 sane
2042 1300 2132 1323 com-

454 1360 593 1382 munem
613 1348 718 1385 lianc,
740 1359 843 1393 quam
863 1348 965 1381 etiam
985 1346 1085 1380 bruta
1106 1347 1264 1380 annnalia
1283 1353 1467 1392 appetunt,
1489 1346 1548 1380 sed
1567 1357 1682 1380 veram
1703 1347 1807 1379 vitam
1825 1357 1928 1391 quam
1946 1357 2041 1379 mors
2059 1357 2129 1380 non

453 1406 633 1452 amputat?
660 1407 717 1439 Est
745 1412 858 1439 autem
884 1416 964 1439 iera
990 1405 1058 1438 vita
1083 1405 1257 1443 Christus;
1277 1416 1347 1450 quo
1373 1403 1412 1438 fit
1436 1410 1473 1438 ut
1499 1410 1615 1438 nostra
1641 1415 1779 1450 quoque
1798 1404 1831 1437 in
1851 1404 1925 1450 ipso
1950 1414 2129 1438 conversa-

455 1464 519 1499 tio,
541 1474 620 1497 vera
647 1464 689 1497 sit
713 1463 795 1497 vita.

1021 1528 1160 1551 Prohibe
1177 1528 1322 1558 linguam
1339 1530 1425 1551 tunm
1442 1535 1459 1550 11
1476 1527 1569 1552 malo.

549 1580 653 1613 Fores
679 1579 858 1624 imponere
885 1578 1038 1623 linguae,
1061 1589 1172 1623 neque
1199 1578 1309 1611 sinere
1335 1583 1371 1611 ut
1397 1588 1571 1612 sermones
1590 1576 1743 1610 indecori
1763 1587 1781 1610 a
1800 1575 1900 1610 nobis
1924 1575 2129 1622 procedant,

453 1636 486 1669 id
513 1636 654 1670 demum
680 1641 770 1669 recte
797 1635 923 1669 factum
937 1661 944 1673 ,
965 1632 1147 1679 bonusque
1174 1634 1304 1668 fructus
1323 1635 1483 1680 sapientis
1502 1640 1533 1668 et
1553 1640 1686 1668 sanctae
1706 1634 1838 1668 animae
1863 1639 1925 1667 est.
1946 1653 1969 1658 —
1987 1633 2132 1678 Oportet

454 1694 609 1739 apprime
634 1694 742 1727 vitare
768 1693 949 1727 maledicta
966 1718 973 1731 ,
1002 1693 1152 1738 periuria
1169 1718 1177 1731 ,
1205 1692 1478 1730 mussitationes,
1506 1691 1791 1729 obtrectationes,
1817 1691 1989 1729 comicia,
2013 1696 2134 1735 turpes

453 1761 603 1784 vanosve.
630 1762 825 1790 sermones,
847 1750 1086 1784 scurrilitates:
1108 1749 1313 1783 benedicere
1338 1750 1452 1795 potius
1478 1760 1548 1783 non
1574 1749 1797 1787 maledicere,
1819 1748 1973 1794 linguam
1996 1747 2133 1781 divinae

454 1807 662 1853 hymnodiae
688 1814 935 1853 attemperare,
957 1808 1123 1841 veraciter
1141 1819 1220 1841 cum
1239 1808 1398 1853 proximo
1418 1807 1532 1852 loqui,
1554 1805 1643 1840 labia
1670 1818 1688 1840 a
1715 1806 1798 1840 dolo
1824 1804 1996 1839 cohibere.
2024 1804 2135 1839 Dolus

458 1872 571 1899 autern
597 1872 676 1899 sunt
702 1865 936 1904 mendacium,
958 1865 1068 1903 fraus,
1089 1865 1279 1903 calumnia,
1301 1865 1557 1898 criminationes
1581 1875 1670 1908 quae
1695 1864 1835 1897 veritate
1861 1869 1988 1897 carent.

1025 1930 1156 1953 Beelina
1174 1938 1192 1953 a
1210 1930 1307 1959 malo,
1323 1933 1353 1953 et
1372 1931 1421 1953 fae
1439 1931 1563 1953 bonum.
1584 1948 1586 1952 .

549 1981 718 2021 Quoniam
747 1981 919 2014 inchoatio
945 1979 1027 2014 boni
1053 1986 1122 2018 est,
1152 1991 1303 2013 recessus
1328 1991 1346 2013 a
1373 1979 1485 2018 malo;
1514 1979 1680 2024 contingit
1711 1978 1915 2023 aliquando,
1944 1984 1982 2012 ut
2009 1976 2133 2022 aliquis

456 2038 545 2072 male
570 2038 710 2083 quidem
737 2050 807 2072 non
834 2045 925 2083 agat,
949 2037 1096 2071 necdum
1123 2044 1234 2071 tamen
1263 2036 1364 2071 bene.

785 2102 876 2126 Ocuu
894 2103 1021 2126 nomini
1037 2110 1130 2130 super
1147 2104 1256 2131 iustos,
1272 2105 1301 2125 61
1319 2109 1411 2125 aures
1426 2103 1492 2125 eius
1510 2103 1544 2125 in
1561 2108 1667 2129 preces
1683 2108 1802 2124 eorum·

551 2154 689 2199 Inspicit
714 2155 820 2187 iustos
845 2155 1028 2190 Dominus,
1050 2160 1083 2187 et
1109 2165 1255 2199 superna
1275 2153 1514 2187 observatione
1540 2153 1700 2198 dignatur
1725 2164 1783 2186 eos
1801 2152 1860 2197 qui
1880 2163 1976 2185 suam
1994 2150 2134 2185 confor-

452 2218 547 2245 mant
573 2223 651 2245 cum
677 2212 752 2256 ipso
777 2212 1004 2245 voluntatem.
1034 2212 1162 2245 Aurem
1188 2223 1325 2257 quoque
1352 2212 1394 2245 ad
1421 2223 1539 2257 preces
1565 2221 1686 2244 eorum
1715 2216 1854 2243 reserat.
1885 2209 1990 2242 Simul
2018 2214 2132 2242 autem

453 2268 587 2302 vultum
614 2269 782 2303 convertit
809 2269 850 2302 ad
878 2269 1047 2314 nequitiae
1073 2275 1288 2314 operatores,
1311 2280 1379 2302 non
1406 2275 1443 2302 ut
1470 2274 1608 2314 aspectu
1634 2279 1696 2301 suo
1722 2267 1791 2300 illis
1817 2267 1944 2313 prosit,
1969 2265 2066 2311 quod
2091 2265 2134 2300 de

452 2326 548 2359 iustis
567 2326 732 2364 diximus,
754 2326 814 2359 sed
833 2332 871 2359 ut
889 2325 1001 2359 deleat
1020 2325 1063 2359 de
1083 2331 1172 2359 terra
1192 2327 1393 2359 memoriam
1414 2327 1589 2371 ipsorum;
1611 2324 1653 2357 de
1674 2330 1782 2363 terra,
1801 2324 1940 2368 inquam
1953 2349 1960 2361 ‚
1981 2334 2052 2356 non
2070 2322 2135 2356 hac

456 2382 601 2429 pedibus
627 2384 751 2417 nostris
776 2384 970 2429 supposita,
991 2383 1051 2416 sed
1077 2383 1134 2416 illa
1162 2385 1275 2429 potius
1295 2383 1337 2416 de
1358 2395 1425 2428 qua
1451 2383 1535 2416 dixit
1563 2384 1722 2415 Seri-ator
1743 2382 1771 2414 ἰ
1792 2381 1881 2415 beati
1908 2382 2023 2419 mites,
2045 2391 2135 2426 quo-

456 2441 549 2474 niam
575 2441 638 2486 ipsi
665 2439 889 2486 possidebunt
910 2446 1048 2474 terram.
1078 2442 1153 2473 Non
1173 2441 1263 2473 enim
1283 2439 1461 2485 gradibilis
1481 2440 1606 2485 iniquis
1625 2445 1675 2472 est
1694 2450 1841 2484 superna
1863 2438 2000 2475 civitas,
2022 2448 2134 2483 neque

456 2505 653 2533 sanctorum
672 2509 747 2532 sors
765 2498 972 2532 attribuetur
998 2498 1157 2543 cuiquam
1176 2499 1233 2543 qui
1257 2504 1397 2543 peccato
1416 2498 1458 2530 sit
1477 2497 1632 2530 deditus:
1655 2496 1748 2530 nulla
1767 2497 1895 2542 quippe
1921 2495 2135 2541 participatio

457 2554 549 2588 fideti
577 2565 654 2590 cum
681 2555 829 2594 infideli,
851 2556 948 2589 sicuti
968 2555 1134 2600 scriptum
1152 2560 1202 2588 est
1221 2555 1244 2587 ¹.
1267 2555 1401 2600 Spectat
1422 2555 1553 2600 itaque,
1576 2554 1704 2599 inquit,
1725 2553 1832 2587 iustos
1851 2553 2016 2586 Dominus
2033 2551 2133 2585 hilari

455 2613 574 2651 oculo,
594 2614 699 2647 veluti
719 2613 870 2647 filiorum
891 2624 1007 2646 amans
1026 2619 1140 2659 pater,
1163 2624 1215 2646 cax
1224 2624 1283 2645 ens
1302 2611 1430 2656 ubique
1450 2623 1493 2645 ne
1512 2613 1544 2645 in
1564 2610 1692 2646 diaboli
1713 2610 1920 2645 offendicula
1940 2611 2130 2646 incurrant,

458 2669 490 2701 id
510 2676 561 2703 est
582 2682 621 2703 ne
641 2671 818 2716 capiantur
838 2671 967 2715 laqueis
993 2670 1102 2703 illius:
1125 2669 1183 2703 sed
1205 2675 1239 2702 ut
1261 2670 1374 2714 potius
1393 2669 1499 2714 gratia
1520 2680 1578 2703 sua
1597 2669 1761 2713 vegetati,
1783 2674 1893 2701 totum
1913 2667 2046 2700 virtutis
2063 2676 2133 2697 cur-

457 2737 532 2759 sum
560 2726 686 2773 absque
714 2727 833 2762 labore
852 2727 1045 2761 conficiant.
1076 2727 1183 2761 Vertit
1202 2732 1314 2759 autem
1341 2726 1475 2759 vultum
1496 2727 1598 2759 etiam
1624 2725 1666 2759 ad
1686 2724 1883 2771 improbos.
1906 2731 2041 2758 torvum
2061 2733 2133 2755 sae-

556 2810 590 2839 11)
610 2810 712 2836 Locum
733 2810 807 2836 hune
826 2810 872 2836 alii
896 2810 963 2836 dant
981 2810 1146 2841 Athanas103
1168 2812 1335 2843 repugnante
1359 2807 1451 2836 codiee
1475 2808 1593 2844 optimo,
1613 2808 1680 2836 olim
1699 2808 1819 2843 Reginae
1843 2813 1947 2836 svecae,
1968 2811 2042 2830 nunc
2064 2804 2131 2831 vati·

458 2858 540 2883 cano,
561 2851 606 2879 ubi
626 2853 721 2887 Cyrilli
740 2861 841 2880 nomen
859 2853 1029 2881 inscribitur.
