2205 3177
169 933 173 947 t
190 934 222 949 u:
241 928 276 948 ,ΧΥ
307 932 312 948 t

187 956 223 974 (ἕν.
240 961 252 978 7.
280 958 312 975 Ut

134 1334 174 1351 (ιι
186 1348 188 1350 ,
200 1331 279 1352 ,mxu
298 1335 319 1351 15-

262 1453 270 1465 ι
300 1449 329 1466 19.

360 158 430 190 272
747 165 775 187 s.
805 164 932 186 crium
958 162 1181 185 „xtsxsxnmxi
1208 161 1414 184 sxpmmmo
1441 161 1473 184 lx
1500 161 1656 185 PSALMOS.

361 242 421 276 per
448 231 513 263 hoe
540 228 773 274 patefacimus,
802 229 862 261 Rei
889 226 990 260 huius
1017 232 1119 272 typus
1137 231 1171 259 et.
1190 227 1304 271 imago
1323 232 1422 265 sunt,
1445 237 1537 271 quae
1555 225 1725 272 proditori
1746 225 1850 261 Iudae
1869 226 2051 262 infeliciter

362 287 572 321 aeciderunt.

932 348 1047 371 lanum
1063 348 1247 371 mundatum
1266 351 1355 371 tuum
1373 348 1477 370 nimis.

455 400 607 445 Requirit
634 400 726 433 enim
752 399 842 432 Deus
868 397 1059 444 spiritalem
1087 397 1345 436 fortitudinem,
1370 397 1633 436 continentiam,
1655 397 1874 442 patientiam,
1897 397 2049 444 aliasque

362 460 501 503 insuper
526 457 690 490 virtutes.v

882 520 999 543 Anium
1015 526 1083 543 men
1101 521 1134 542 in
1153 521 1299 542 manitius
1316 520 1380 542 tuis
1396 526 1526 547 semper.

456 571 575 605 Manus
600 582 673 603 esse
699 569 779 603 dicit
808 571 955 615 practica
981 580 1106 614 opera,
1127 568 1255 614 quibus
1281 568 1323 602 ad
1351 569 1412 602 Dei
1438 569 1607 602 visionem
1633 569 1815 614 pervenire
1839 580 2027 603 meremur.

679 635 732 658 1⁹2⁴.
749 635 865 658 (¹le-
882 635 953 658 lleu
970 635 1065 657 mihi!
1082 635 1158 661 quia
1177 634 1338 657 incolatus
1354 640 1440 656 meus
1456 633 1663 663 prolongatus
1678 635 1734 657 est.

454 686 593 719 Fastidit
621 692 836 731 praesentem
863 686 989 723 vitam3
1011 691 1043 719 ct
1070 685 1150 729 quia
1171 690 1384 729 prorogatur
1409 685 1439 717 ei
1465 684 1520 718 hic
1546 685 1734 723 incolatus,
1755 685 1913 730 queritur
1930 684 2053 731 lugens

360 750 393 778 et
418 743 549 778 eiulans
576 754 613 776 ac
639 742 827 788 deplorans
852 741 1023 775 diutinam
1049 742 1083 775 in
1109 752 1211 775 carne
1237 741 1466 775 mansionem.

875 830 1096 865 CANTICUM
1121 831 1276 864 MOYSlS
1303 831 1346 864 IN
1372 830 1535 864 EXODO.

458 917 606 949 Crixum.
630 916 742 948 Ausus
761 920 809 947 est
829 913 972 959 quidam
991 925 1032 947 ex
1051 913 1195 947 ethnicis
1214 913 1347 952 dicere,
1363 920 1496 958 partem
1515 913 1666 959 aliquam
1683 915 1933 960 Aegyptiorum
1950 914 2054 950 fuisse

364 973 539 1007 Hebraeos
551 1000 558 1009 .
583 984 727 1019 gregum
746 972 874 1005 scilicet
892 972 1049 1017 ipsorum
1069 977 1241 1017 pastores:
1262 972 1322 1017 qui
1349 971 1476 1005 deinde
1495 977 1615 1005 contra
1633 971 1794 1006 dominos
1812 984 1920 1018 quum
1938 972 2054 1007 rebel-

365 1032 508 1069 lassent,
532 1031 690 1075 Aegypto
710 1034 939 1063 excesserunt.
962 1029 1089 1062 Verum
1109 1028 1165 1062 hic
1184 1028 1340 1062 ethnicus
1359 1040 1429 1062 non
1448 1028 1698 1069 consideraxit,
1722 1035 1795 1063 tum
1814 1041 1856 1063 ex
1873 1028 2054 1064 hebraicae

365 1087 500 1133 linguae
520 1088 621 1133 genio
633 1113 640 1125 ,
666 1093 738 1120 tum
757 1087 859 1120 etiam
879 1098 919 1120 ex
939 1085 1182 1120 hebraicorum
1202 1086 1384 1120 nominum
1403 1086 1615 1133 proprietate
1627 1112 1635 1125 ,
1660 1092 1828 1133 quantum
1846 1086 1950 1120 distet
1966 1087 2055 1121 inter

366 1145 541 1180 Hebraeos
567 1151 669 1190 atque
693 1146 881 1191 Aegyptios
906 1145 968 1189 (l).

785 1242 1000 1277 CANTICUM
1026 1244 1181 1277 MOYSIS
1207 1244 1252 1277 IN
1277 1243 1631 1278 DEUI'ERONOMIO.

891 1325 1105 1354 Incrassatus,
1121 1327 1354 1356 impinguatus,
1369 1327 1536 1349 dilatatus.

463 1375 610 1409 (jx-mm.
640 1376 824 1420 Postquam
850 1376 1006 1421 supernis
1031 1376 1163 1409 deliciis
1189 1376 1384 1410 cumulatus
1410 1377 1539 1417 fuerat,
1560 1389 1579 1411 a
1603 1378 1665 1411 Dei
1691 1378 1830 1412 caritate
1855 1378 2005 1413 recessit.

686 1441 776 1464 vidit
795 1440 962 1469 nominas,
979 1443 1010 1464 et
1025 1441 1157 1469 zelavit,
1172 1443 1204 1464 et
1220 1442 1260 1464 ad
1277 1442 1477 1465 iracundiam
1493 1443 1668 1465 concitatus
1683 1446 1739 1465 est.

463 1492 612 1525 cmm.
642 1491 816 1525 Zelantem
842 1493 870 1525 si
895 1492 1015 1525 dicunt
1034 1493 1143 1525 Deum
1169 1503 1283 1525 sacrae
1310 1491 1462 1531 litterae,
1486 1503 1590 1525 nemo
1615 1492 1745 1527 idcirco
1771 1493 1971 1527 scandalum
1995 1504 2057 1539 pa—

369 1549 483 1582 tiatur.
512 1550 590 1582 Non
616 1550 707 1583 enim
733 1550 841 1583 nostri
867 1549 1001 1583 moduli
1027 1555 1077 1582 est
1102 1549 1219 1582 dix-ina
1244 1555 1278 1582 et
1304 1548 1486 1583 ineffabilis
1512 1555 1659 1589 natura3
1687 1549 1747 1583 sed
1773 1550 1861 1584 adeo
1887 1551 1922 1584 in
1948 1549 2058 1584 altum

367 1605 560 1645 extollitur,
582 1613 802 1652 mentemque
828 1613 981 1640 nostram
1007 1606 1146 1651 effugit,
1168 1612 1206 1639 ut
1231 1606 1513 1652 incomparabilis
1539 1606 1732 1641 differentia
1758 1608 1812 1641 sit.
1841 1609 1997 1653 Namque
2021 1608 2058 1641 in

368 1663 468 1697 nobis
493 1663 634 1709 quidem
653 1676 770 1698 rerum
791 1665 1009 1698 actionumve
1035 1665 1180 1698 varietas
1199 1675 1269 1697 non
1289 1665 1360 1698 sine
1381 1665 1540 1710 passione
1566 1664 1616 1698 fit.
1645 1666 1768 1699 Nostra
1787 1666 1917 1711 quippe
1935 1671 2058 1699 natura

370 1720 505 1755 laborat
527 1721 725 1755 infirmitate
751 1721 918 1767 quadam,
939 1727 971 1755 et
992 1727 1132 1767 peccato
1150 1721 1251 1755 valde
1270 1728 1320 1755 est
1339 1720 1504 1755 obnoxia.
1530 1723 1774 1756 Verumtamen
1792 1723 1828 1756 in
1846 1723 1919 1757 Deo
1937 1729 2059 1757 nostro

374 1789 428 1811 res
452 1778 649 1812 huiusmodi
674 1780 810 1812 nonnisi
836 1778 1014 1813 vocabulis
1039 1790 1173 1824 usuque
1198 1779 1367 1812 sermonis
1393 1779 1486 1824 apud
1505 1791 1569 1813 nos
1594 1779 1832 1825 designantur,
1853 1780 1914 1814 sed
1938 1791 2060 1814 revera

374 1846 444 1869 non
462 1836 508 1869 ita
534 1847 568 1869 se
587 1835 714 1869 habere
734 1836 986 1881 intelliguntur.
1015 1836 1113 1869 Caret
1132 1836 1224 1869 enim
1244 1836 1401 1881 passione
1420 1837 1528 1869 Deus:
1548 1836 1656 1870 zelare
1676 1843 1791 1870 autem
1809 1836 1952 1877 dicitur,
1972 1848 2060 1883 qua-

373 1899 470 1926 tenus
490 1894 680 1931 neminem,
701 1894 759 1938 qui
779 1894 852 1927 eius
870 1893 1017 1938 gloriam
1037 1893 1142 1927 semel
1167 1894 1322 1932 noverit,
1345 1893 1389 1926 ad
1408 1894 1521 1939 turpia
1539 1894 1614 1928 vult
1633 1893 1828 1928 deflectere.
1857 1895 1948 1928 Iram
1973 1905 2059 1929 vero

373 1949 455 1984 dicit
473 1962 538 1995 pro
558 1951 791 1984 commotione
811 1950 853 1984 ad
875 1951 1107 1996 puniendum:
1129 1951 1215 1984 sicut
1233 1952 1336 1984 etiam
1353 1950 1500 1985 verbum
1521 1965 1537 1982 «
1556 1952 1720 1986 concitari
1738 1966 1754 1983 »
1774 1952 1944 1998 impetum
1961 1952 2061 1998 signi-

374 2005 453 2041 ficat
477 2013 680 2054 motumque
705 2007 748 2042 ad
774 2007 998 2053 infligendam
1024 2019 1185 2053 poenam.

558 2134 750 2157 EXPLlcltNT
776 2135 861 2161 QUAE
887 2135 1035 2157 REPERTA
1060 2135 1140 2158 SUNT
1165 2136 1206 2158 DE
1232 2136 1360 2158 CYRILLI
1386 2136 1636 2159 EXPLANATIONE
1662 2137 1696 2159 IN
1720 2137 1877 2160 PSALMOS.

473 2264 509 2294 (1)
528 2263 568 2289 De
587 2267 726 2297 pastorum
746 2263 775 2290 in
796 2266 919 2299 Aegypto
943 2264 1068 2299 dynastia
1088 2264 1223 2291 Eusebius
1247 2265 1275 2291 in
1300 2265 1430 2292 chronico
1453 2265 1582 2293 editionis
1605 2270 1714 2293 nostrae
1736 2265 1949 2295 mediolanensis
1968 2266 2017 2293 lib.
2038 2267 2059 2293 1.

377 2314 435 2342 cap.
456 2307 521 2334 XX.
542 2315 573 2334 ex
591 2307 772 2341 Manethone,
792 2311 819 2335 et
838 2316 896 2343 cap.
917 2309 996 2335 XXI.
1019 2316 1049 2335 ex
1070 2309 1194 2344 Iosepho.
1217 2310 1284 2336 Item
1304 2309 1352 2337 lib.
1375 2311 1410 2337 ΙΙ.
1433 2310 1467 2337 ad
1487 2310 1639 2337 Abrahami
1658 2318 1763 2337 annum
1782 2311 1863 2338 CXC.

985 2531 1455 2638 efflafigga
