2205 3177
181 368 188 373 ·
207 366 213 385 l
242 365 292 385 l‘nn.
310 364 316 384 l
342 367 373 383 2⁰.

320 424 327 437 ἱ
357 422 373 437 '=.

317 1347 337 1360 ἱ.
367 1357 370 1360 «

235 1368 266 1385 ις’»
286 1373 307 1393 γ.
327 1370 369 1388 107.

417 160 480 193 10ss
915 171 943 193 S.
972 171 1100 194 et'RtLLt
1126 171 1347 195 ALExANDRiNt
1372 171 1577 196 EXPLANATIO

411 241 598 270 accusator.
627 235 716 280 Ergo
742 241 777 269 ut
806 235 983 274 inimicus,
1006 247 1146 281 peccare
1164 237 1274 282 cogit;
1296 242 1330 270 ut
1359 236 1469 275 ultor,
1491 237 1634 271 traditos
1659 237 1722 271 sibi
1745 239 1854 284 punit.
1882 238 1935 272 Sic
1952 238 2082 283 Hyme-

413 306 535 328 naeum
561 300 661 337 atquc
689 293 923 327 Alexandrum
949 305 1057 338 quum
1085 295 1156 340 ipse
1184 294 1404 341 blasphemos
1429 294 1610 333 effecisset,
1639 301 1756 341 postea
1780 296 1826 330 ob
1854 295 2083 343 blasphemias

413 353 446 385 in
472 352 579 385 Deum
607 351 779 396 castigavit
801 351 824 383 ‘.

922 416 1006 443 (lum
1022 418 1068 440 ost
1084 417 1188 445 homo,
1205 419 1284 445 quod
1302 419 1479 442 meminoris
1495 419 1578 441 eius?

507 464 663 499 Profecto
683 465 765 499 haec
783 466 935 511 cogitans
955 467 1098 500 miratur
1116 467 1242 506 Daxid,
1263 468 1394 513 aitque:
1411 479 1619 513 quamquam
1640 479 1783 514 magnae
1801 469 1987 502 creationes
2007 474 2084 503 tuae

412 529 489 556 sunt
517 523 649 557 caelum
676 529 708 557 et
737 530 826 557 terra
845 529 877 557 et
896 524 1060 569 quicquid
1080 525 1119 558 iis
1138 527 1352 563 continetur,
1373 537 1458 571 quas
1478 538 1532 559 res
1550 531 1585 559 tu
1606 526 1640 558 in
1659 527 1753 559 omni
1774 537 1858 560 aevo
1884 536 2085 572 permanere

410 581 630 617 constituisti,
652 580 744 614 haud
765 587 877 615 tamen
898 593 1040 627 magnae
1063 581 1122 615 tibi
1143 582 1279 616 fuerunt
1301 582 1342 616 ad
1362 583 1568 620 creandum,
1590 583 1650 617 sed
1670 583 1838 617 brevioris
1857 583 2026 628 potentiae
2051 589 2083 616 et

409 638 505 682 quasi
528 637 715 683 digitorum
735 649 862 683 opera;
882 640 929 672 sic
948 640 1039 672 enim
1065 639 1173 672 voluit
1200 639 1374 684 appellare
1399 641 1549 673 minores
1573 641 1631 673 Dei
1649 641 1877 685 operationes.
1906 640 2085 673 Verumta-

409 707 485 728 men
511 706 599 741 quae
624 697 712 729 circa
732 696 907 730 hominem
929 696 1028 732 sacis.
1051 698 1157 741 magis
1183 698 1291 730 miror
1317 698 1569 744 contemplans.
1590 709 1715 743 nempe
1741 697 1837 745 quo-d
1855 697 1927 731 eius
1951 698 1994 731 sis
2012 708 2085 731 me-

410 764 487 786 mor
506 746 605 798 eique
628 753 801 787 consulas:
823 753 858 787 id
878 754 980 799 quod
999 766 1079 787 sane
1105 766 1175 787 non
1202 765 1335 799 ageres,
1357 755 1383 787 si
1409 766 1554 800 parwim
1579 755 1756 800 quoddam
1780 761 1811 788 et
1832 754 1960 788 nullius
1985 753 2084 800 pretii

410 809 534 843 animal
554 816 652 844 essct.
681 830 702 835 —
728 812 765 843 Et
793 811 849 844 alii
875 811 1016 856 quidem
1043 810 1249 844 ludaeorum
1276 812 1448 857 principes
1473 812 1692 852 aberrarunt,
1714 813 1914 857 mysterium
1939 822 2009 844 non
2034 811 2084 844 in-

411 866 620 912 telligentes;
641 879 706 913 ego
731 880 833 905 vero,
856 869 920 907 ait,
942 869 1064 902 mentis
1083 868 1191 902 oculis
1210 869 1417 902 creationem
1435 881 1550 903 rerum
1569 869 1803 915 contemplans
1816 895 1823 908 ,
1844 868 1993 914 singulas
2012 874 2085 902 tuas

410 929 580 957 creaturas
599 926 755 970 inspicio.
784 926 831 957 Tu
858 925 965 958 solem
992 926 1178 970 lunamque
1204 926 1405 963 condidisti,
1425 926 1541 971 eisque
1567 933 1766 972 perpetuam
1790 925 1944 971 regulam
1962 925 2086 959 consti-

411 982 520 1015 tuisti:
541 983 588 1015 sic
607 983 697 1015 enini
724 983 932 1027 interpretor
954 996 968 1013 «
993 983 1144 1016 fundasti
1170 995 1220 1016 ca.
1246 997 1261 1014 »
1284 984 1323 1016 Et
1350 983 1454 1029 paulo
1481 989 1569 1029 post.
1599 984 1715 1028 ltaque
1733 983 1907 1028 quamvis,
1928 993 2015 1016 unus
2041 980 2085 1015 de

410 1038 510 1072 nobis
529 1038 652 1076 factus.
674 1046 705 1073 et
733 1039 885 1073 humano
904 1040 1048 1074 modulo
1067 1052 1128 1086 per
1146 1041 1416 1074 incarnationem
1435 1041 1728 1086 circumscriptus,
1751 1051 1768 1073 a
1791 1039 1997 1085 quibusdam
2015 1049 2086 1072 non

409 1107 445 1128 es
471 1097 625 1141 agnitus,
654 1108 718 1141 ego
743 1103 857 1130 tamen
885 1103 977 1130 tuam
1004 1109 1073 1131 non
1100 1098 1223 1143 ignoro
1249 1098 1418 1143 gloriam:
1446 1098 1527 1131 novi
1553 1108 1722 1131 summam
1746 1097 1945 1141 dignitatem
1968 1102 2083 1130 tuam:

410 1154 565 1197 quamvis
591 1165 692 1187 carne
710 1155 871 1188 vestitum
899 1154 1008 1189 fateor
1027 1161 1059 1188 te
1078 1155 1293 1189 conditorem
1313 1156 1467 1188 omnium
1481 1180 1489 1194 ‚
1511 1155 1581 1187 scio
1607 1161 1639 1187 te
1664 1153 1863 1193 dominum,
1883 1159 1917 1187 et
1941 1153 2087 1187 caducos

411 1221 493 1255 prae
520 1217 552 1243 te
577 1211 687 1244 solem
713 1223 750 1245 ac
777 1199 907 1245 lu'nam.
936 1213 1044 1246 Porro
1069 1212 1158 1246 hane
1182 1212 1302 1246 mundi
1328 1219 1461 1258 partem
1485 1217 1681 1251 enumerat,
1706 1217 1745 1245 ut
1770 1211 1963 1261 universam
1986 1209 2088 1258 intel-

411 1268 494 1313 ligas
520 1275 725 1303 creaturam.

900 1334 1047 1357 Minuisti
1065 1340 1135 1357 eum
1151 1340 1265 1362 parum
1280 1334 1356 1361 qum
1373 1340 1450 1361 prae
1467 1334 1600 1364 angelis.

506 1383 699 1418 Rationales
717 1384 859 1429 quidem
876 1395 1045 1429 supernae
1070 1384 1213 1418 virtutes
1239 1384 1378 1429 longam
1397 1389 1430 1417 et
1448 1382 1738 1417 interminabilem
1763 1388 1867 1428 agunt
1887 1382 2004 1415 vitam.
2026 1382 2089 1415 Ra-

411 1442 547 1475 tionalis
573 1441 728 1475 similiter
747 1442 781 1474 in
801 1447 892 1475 terra
919 1440 1042 1479 homo,
1064 1442 1125 1475 etsi
1146 1442 1278 1487 superis
1297 1452 1367 1474 non
1386 1447 1437 1474 cst
1454 1452 1535 1486 par,
1558 1440 1770 1485 aliquantum
1790 1445 1905 1473 tamen
1922 1438 2010 1472 infra
2029 1449 2090 1472 an-
2113 1465 2115 1468 .

409 1499 566 1545 gelorum
584 1499 786 1545 dignitatem
804 1500 906 1538 iacet,
919 1498 966 1533 ob
984 1510 1081 1533 suam
1097 1510 1175 1532 cum
1194 1505 1332 1532 terreno
1349 1510 1495 1544 corpore
1513 1497 2002 1542 coniunctionem:minorque
2020 1502 2087 1533 est,

409 1563 576 1603 quatenus
600 1558 704 1591 morti
729 1564 763 1591 et
788 1557 1005 1603 corruptelae
1031 1556 1220 1595 obnoxius,
1242 1557 1346 1602 idque
1372 1563 1450 1603 post
1475 1557 1796 1602 transgressionem:
1822 1567 1862 1590 ex
1888 1555 1952 1589 hac
1978 1555 2086 1591 enim,

409 1621 441 1648 et
460 1615 658 1662 corruptela
677 1622 709 1649 et
728 1627 822 1649 mors
841 1616 1040 1649 extiterunt.
1063 1615 1268 1650 Imminutus
1286 1616 1401 1660 itaque
1420 1614 1507 1649 infra
1528 1615 1669 1660 angelos
1687 1614 1813 1648 dicitur
1832 1613 1985 1647 Christus
2007 1623 2090 1658 pro-

410 1679 486 1717 pter
511 1674 632 1713 mortis
658 1674 933 1718 perpessionem:
962 1673 1031 1718 pati
1057 1674 1150 1706 enim
1176 1683 1277 1706 carne
1304 1673 1446 1718 propria
1473 1673 1649 1711 sustinuit,
1678 1681 1888 1717 quamquam
1912 1671 1948 1704 in
1973 1670 2089 1704 divina

413 1737 533 1764 natura
559 1732 683 1764 mansit
708 1729 938 1777 impassibilis.

563 1796 708 1825 Domine,
724 1797 867 1819 «lominus
885 1798 1006 1824 noster,
1022 1803 1116 1824 quam
1133 1795 1321 1819 admirabile
1337 1798 1381 1819 est
1400 1802 1507 1819 nomen
1526 1797 1615 1818 tuum
1631 1796 1666 1818 in
1683 1796 1829 1817 universa
1846 1794 1947 1817 terra!

508 1845 781 1879 Admirationem
800 1848 941 1891 repetit,
962 1846 1147 1891 denuoque
1166 1846 1258 1879 idem
1278 1846 1520 1891 prohoemium
1539 1847 1574 1879 in
1593 1845 1662 1879 fine
1682 1845 1794 1891 ponit,
1816 1844 1978 1878 attonitus
1995 1842 2089 1888 quod

412 1902 609 1936 hominibus
634 1904 724 1937 Deus
750 1904 952 1937 innotuerit.
982 1904 1022 1936 Et
1048 1909 1120 1936 tum
1147 1910 1241 1940 ante,
1263 1909 1336 1936 tum
1355 1904 1457 1936 etiam
1482 1908 1559 1948 post
1585 1903 1657 1936 eius
1675 1903 1724 1936 rei
1743 1901 2088 1935 demonstrationem.

411 1961 531 1995 eadem
556 1960 661 1994 verba
689 1961 840 2006 profert,
863 1967 895 1994 et
923 1967 1095 2006 tamquam
1122 1962 1348 1995 admiratione
1373 1961 1571 2006 compulsus
1597 1960 1639 1994 ad
1664 1961 1726 1994 Dei
1752 1959 1983 1993 laudationem
2009 1969 2092 2003 pro-

411 2018 583 2063 greditur:
606 2018 850 2063 ‹lilatatamque
877 2030 1018 2051 cernens
1045 2030 1106 2064 per
1133 2020 1329 2052 universum
1355 2018 1477 2052 orbem
1502 2018 1691 2051 Servatoris
1716 2018 1882 2062 gloriam,
1905 2025 2092 2062 propemo-

412 2075 494 2108 dum
520 2076 648 2113 exsilit,
671 2087 838 2120 suumque
864 2087 1058 2109 sermonem
1086 2088 1261 2110 resumens
1287 2077 1350 2109 ait:
1373 2077 1536 2112 Domine,
1559 2076 1720 2109 dominus
1746 2081 1879 2112 noster,
1900 2084 2005 2121 quam
2030 2072 2092 2106 ad-

413 2131 569 2166 mirabile
595 2139 645 2166 est
671 2144 797 2166 nomen
823 2139 921 2166 tuum
946 2134 981 2166 in
1008 2134 1165 2167 universa
1193 2134 1300 2167 terra!

1089 2230 1319 2268 PSALMUS
1349 2232 1415 2268 IX.

1017 2315 1057 2338 111
1074 2316 1182 2343 finem,
1198 2323 1255 2343 pro
1271 2317 1400 2339 occultis
1417 2316 1487 2339 mii.

510 2365 690 2411 Inscriptio
712 2379 727 2396 «
750 2365 784 2397 in
812 2363 915 2398 finem
939 2379 954 2395 »
981 2365 1193 2399 demonstrat
1219 2368 1449 2412 compositum
1476 2365 1578 2399 fuisse
1603 2376 1621 2399 a
1647 2364 1776 2399 Davide
1802 2363 1973 2409 psalmum
1998 2360 2091 2394 haud

415 2422 457 2455 de
484 2422 656 2468 aliquibus
674 2423 740 2456 iam
761 2422 905 2467 peractis
925 2420 1046 2459 rebus,
1069 2422 1127 2455 sed
1147 2422 1190 2455 de
1211 2423 1334 2457 futuris
1352 2424 1386 2456 in
1407 2423 1531 2457 saeculi
1551 2422 1857 2456 consummatione.
1886 2420 1994 2453 Porro
2013 2423 2090 2450 sunt

415 2480 498 2513 haec
524 2479 584 2513 filii
611 2479 764 2518 occulta,
787 2479 822 2512 id
846 2485 895 2513 est
914 2479 1037 2513 Christi
1057 2480 1278 2524 mysterium,
1298 2480 1394 2526 quod
1420 2492 1437 2524 a
1464 2482 1588 2514 sanctis
1612 2479 1753 2524 quidem
1779 2476 1957 2523 prophetis
1975 2474 2093 2521 provi-

414 2549 489 2570 sum
517 2537 598 2576 fuit,
618 2538 748 2583 Spiritu
765 2544 882 2571 sancto
901 2538 1072 2571 revelante
1085 2563 1093 2575 ,
1115 2539 1264 2583 propriis
1282 2545 1397 2572 autem
1416 2537 1631 2584 temporibus
1650 2538 1778 2570 exitum
1797 2534 1929 2569 habuit.
1951 2533 2091 2568 Occu’lta

416 2595 518 2639 igitur
537 2594 598 2628 filii
619 2603 697 2629 sunt
716 2607 755 2629 ea
773 2607 861 2640 quae
880 2595 1014 2629 occulte
1033 2596 1204 2629 servatori
1225 2603 1430 2630 evenerunt:
1452 2607 1559 2641 eaque
1578 2595 1686 2629 multa
1705 2600 1800 2632 sunt,
1822 2603 1946 2638 nempe
1964 2603 2005 2625 ex
2022 2590 2092 2624 Vir—

416 2653 492 2697 gine
513 2664 574 2697 per
593 2654 756 2698 Spiritum
775 2660 930 2687 sanctum
956 2653 1101 2687 carnalis
1120 2654 1293 2691 nativitas,
1314 2655 1396 2687 item
1421 2653 1604 2692 miracula,
1625 2659 1657 2687 et
1675 2664 1770 2686 mors
1787 2653 1878 2698 ipsa,
1899 2657 1933 2685 et
1950 2649 2091 2683 descen-

415 2720 473 2741 sus
498 2710 540 2742 ad
566 2710 710 2749 inferos,
739 2717 770 2744 et
797 2723 815 2744 a
841 2712 986 2745 mortuis
1012 2711 1236 2747 resurrectio.
1265 2716 1297 2744 et
1323 2712 1518 2746 summatim
1543 2710 1788 2745 incarnationis
1812 2709 1919 2745 ratio,
1947 2713 1981 2740 et
2003 2717 2091 2751 quae

417 2764 497 2799 hinc
522 2767 654 2801 mundo
680 2767 771 2801 bona
797 2775 997 2802 evenerunt.
1027 2770 1118 2802 Haec
1143 2769 1234 2802 enim
1261 2769 1375 2802 omnia
1402 2769 1536 2802 occulte
1561 2767 1604 2802 ab
1630 2779 1672 2802 eo
1702 2767 1789 2801 facta
1819 2771 1914 2800 sunt:
1943 2774 2090 2808 namque

418 2821 499 2855 haec
524 2823 616 2867 ipsos
641 2825 760 2858 mundi
788 2825 889 2859 liuius
915 2826 1086 2872 principes
1106 2825 1299 2859 latuerunt:
1320 2826 1539 2870 mysterium,
1560 2825 1688 2870 inquit,
1710 2822 1950 2858 absconditum
1975 2831 1993 2855 a
2018 2831 2092 2854 sae-
