2205 3177
721 191 754 213 nt
782 191 932 212 rsALMUM
958 191 1075 213 xrvnl.
1105 192 1143 213 ET
1172 192 1262 214 xtlx.
1760 183 1828 214 215

502 258 586 281 Mors
602 261 706 286 pasce-t
721 266 785 286 eos,
801 260 832 281 et
848 259 1095 281 dominabuntur
1111 260 1156 282 eis
1172 261 1249 282 recti
1266 260 1299 282 in
1318 261 1482 282 matutino.

255 314 401 347 Mortem
429 324 487 346 eos
514 319 708 358 pascentem
736 312 903 357 intelliges
923 313 1135 357 punitionem
1157 315 1191 346 111
1214 320 1334 347 morte.
1364 316 1518 359 Namque
1544 314 1637 347 omni
1658 316 1688 347 vi
1709 316 1834 359 gloria—

157 381 224 415 que
251 371 390 407 amissa,
415 370 574 404 dominos
592 377 629 403 ut
649 372 692 402 ita
713 369 821 402 dicam
848 370 1067 414 experientur
1093 377 1226 403 sanctos
1245 383 1321 404 cum
1341 382 1440 404 mane
1459 373 1606 410 orietur,
1630 372 1664 404 id
1684 379 1731 405 est
1752 384 1827 406 cum

156 428 287 473 gloriae
313 428 436 461 Christi
462 435 595 474 tempus
621 428 807 461 advenerit.
837 428 971 460 Etenim
990 428 1017 460 is
1036 427 1078 460 de
1105 428 1198 461 caelo
1225 427 1405 461 descendet
1432 441 1509 462 eum
1536 431 1659 463 sanctis
1685 430 1828 475 angelis,

157 498 236 520 cum
261 487 365 531 patris
393 487 442 519 sui
469 487 577 531 gloria
591 512 598 523 ,
621 486 743 519 sanctis
763 484 903 530 quidem
924 491 1040 530 parata
1060 486 1140 530 ipsis
1163 486 1309 529 praemia
1329 486 1541 523 conlaturus.
1564 493 1758 532 peccatores
1778 499 1834 521 au-

157 549 227 576 tem
255 545 375 588 poenis
401 550 433 577 et
459 544 580 577 ultioni
608 543 818 576 addicturus.
849 544 941 575 Tunc
968 549 998 575 et
1028 542 1151 575 horum
1180 543 1343 576 auxilium
1363 544 1615 589 antiquabitur,
1639 545 1672 578 id
1699 551 1746 578 est
1776 556 1835 578 au-

159 600 307 638 feretur:
329 612 477 645 namque
503 600 735 645 antiquatum,
757 600 886 644 inquit,
908 612 967 633 seu
987 610 1162 633 senescens
1183 600 1376 644 proximum
1398 607 1445 633 est
1465 601 1699 635 destructioni.
1729 602 1757 635 A
1777 614 1834 635 sua

158 669 242 691 vero
268 658 442 692 mundana
468 657 577 703 gloria
603 657 646 690 ad
672 658 896 702 ignominiam
923 656 1183 690 transferentur.

305 722 529 745 Verumtamen
548 722 631 745 Deus
647 723 779 745 redimet
795 723 934 745 animam
950 729 1049 745 meam
1065 723 1103 744 de
1120 729 1214 744 manu
1232 722 1344 750 inferi,
1361 729 1429 745 cunt
1446 724 1614 750 susceperit
1631 730 1687 746 me.

253 774 338 806 Nam
363 778 559 805 sanctorum
586 772 718 804 animae
739 772 772 804 in
792 783 913 805 manus
933 771 1167 805 convolabunt
1187 772 1264 805 Dei:
1287 772 1382 816 quod
1402 771 1502 805 nobis
1521 772 1748 805 diversorium
1769 774 1833 806 iam

158 836 257 863 antea
283 831 414 875 paravit
440 829 641 863 universalis
667 836 821 863 servator
840 842 877 863 ac
897 830 1057 863 dominus
1077 842 1154 863 eum
1176 830 1209 862 in
1229 830 1422 863 veneranda
1444 842 1542 863 cruce
1563 830 1742 875 penderet,
1765 832 1834 864 Deo

157 888 245 932 patri
272 887 407 921 caelesti
433 887 550 920 dicens
571 887 601 920 't
624 894 737 932 pater,
760 888 794 920 in
814 898 935 920 manus
954 893 1029 920 tuas
1049 886 1299 920 commendabo
1320 888 1365 932 (xl)
1386 888 1542 932 spiritum
1566 899 1693 920 meum.
1725 888 1835 921 Idem-

157 955 224 988 que
243 944 445 989 gradibilem
466 943 622 977 humanis
641 943 819 978 animabus
840 944 917 977 fecit
936 944 1132 990 paradisum
1145 970 1152 981 ,
1174 944 1259 977 dum
1278 945 1353 990 prin
1371 956 1409 977 us
1429 945 1598 981 introivit,
1620 950 1650 977 et
1672 945 1834 978 crucitixo

157 1013 272 1035 secum
299 1002 423 1035 latroni
450 1003 511 1035 ait:
532 1001 635 1035 hodie
662 1013 796 1035 mecum
823 1003 889 1035 eris
909 1003 942 1034 111
963 1002 1134 1047 paradiso.
1165 1003 1346 1047 Propterea
1373 1002 1473 1035 etiam
1500 1001 1619 1035 beatus
1644 1002 1834 1046 Stephanus

157 1070 235 1093 cum
255 1059 465 1105 lapidaretur
484 1059 594 1094 aiebat
615 1060 641 1092 ἰ
663 1060 803 1093 domine
824 1061 899 1093 lesu
918 1060 1065 1095 Christe.
1087 1060 1218 1105 suscipe
1238 1061 1396 1105 spiritum
1416 1071 1542 1093 meum.
1563 1061 1639 1093 Non
1658 1061 1748 1093 enim
1767 1060 1833 1092 iam

156 1116 317 1163 deinceps
336 1117 378 1151 ad
399 1118 527 1151 inferos
554 1117 678 1151 abeunt
707 1124 904 1151 sanctorum
924 1118 1075 1155 animae,
1101 1123 1134 1150 ut
1156 1117 1232 1151 illae
1255 1124 1472 1162 peccatorum
1494 1118 1552 1162 (2).
1583 1118 1688 1162 quue
1707 1129 1723 1151 a
1744 1117 1834 1162 psal—

156 1174 254 1207 mista
281 1174 347 1208 dici
373 1174 522 1208 arbitror
549 1174 600 1208 his
626 1174 759 1207 verbis:
789 1181 1024 1207 xerumtamen
1051 1175 1141 1207 Deus
1171 1174 1318 1207 animam
1351 1186 1460 1207 meam
1491 1174 1637 1208 redimet
1663 1175 1705 1208 de
1731 1186 1831 1208 manu

158 1232 276 1270 inferi,
299 1244 375 1265 cum
402 1234 586 1278 susceperit
614 1244 680 1266 me.

256 1298 407 1321 {ntroibit
425 1305 520 1326 usque
537 1300 570 1321 in
589 1300 752 1329 progenies
769 1301 897 1325 pan-um
914 1305 1055 1325 suorum,
1073 1304 1168 1325 usque
1186 1299 1218 1320 in
1237 1300 1399 1321 aeternum
1417 1305 1477 1321 nou
1495 1299 1611 1321 videbit
1627 1299 1742 1322 lumen.

252 1348 317 1388 Qui
343 1348 511 1381 eiusmodi
538 1355 604 1386 est,
631 1348 761 1382 lumine
787 1347 933 1387 carebit,
959 1360 1036 1381 cum
1063 1349 1102 1381 iis
1127 1348 1186 1392 qui
1213 1348 1435 1381 similitudine
1462 1360 1598 1381 morum
1625 1354 1738 1394 patres
1763 1350 1833 1382 eius

156 1404 307 1438 fuerunt.
336 1406 421 1439 Nam
448 1406 506 1451 qui
529 1405 748 1439 tenebrarum
769 1416 874 1450 opera
902 1404 1061 1443 fecerint,
1086 1405 1119 1437 in
1141 1403 1299 1438 tenebras
1325 1403 1467 1438 abibunt
1487 1406 1688 1444 exteriores,
1711 1417 1834 1451 nempe

156 1463 178 1495 ii
204 1463 262 1507 qui
289 1461 463 1496 beluinam
489 1463 594 1496 vitam
623 1462 850 1496 traduxerint.

796 1558 1025 1597 PSALMUS
1053 1559 1106 1596 XI
1113 1560 1139 1596 ,1
1144 1560 1190 1596 Χ

579 1644 711 1667 Vocavit
728 1646 846 1667 terram
862 1645 902 1667 ab
919 1646 991 1667 ortu
1008 1644 1082 1667 solis
1098 1651 1194 1671 usque
1210 1645 1251 1667 ml
1267 1651 1415 1667 occasum.

251 1695 367 1729 Vocati
388 1695 527 1729 fuerunt
547 1708 565 1729 a
584 1696 656 1729 Deo
676 1696 781 1729 sancti
794 1721 802 1733 ‚
825 1707 904 1728 cum
925 1695 1032 1729 faetus
1051 1695 1156 1728 homo
1176 1695 1311 1728 locutus
1329 1701 1398 1732 est,
1421 1701 1521 1740 atque
1539 1696 1733 1729 universam
1752 1707 1834 1729 eon-

155 1753 289 1785 vocavit
308 1758 446 1786 terram.
478 1754 547 1786 lam
565 1753 649 1798 quid
674 1753 759 1786 dixit
780 1753 815 1786 ⁶?
836 1753 955 1786 docete
975 1764 1095 1786 omnes
1116 1759 1232 1797 gentes
1253 1753 1275 1785 '.
1308 1753 1466 1797 Insuper,
1487 1758 1625 1798 oportet
1645 1752 1832 1798 praedicari

154 1810 371 1855 evangelium
398 1810 463 1843 hoc
484 1811 517 1843 in
537 1811 699 1844 universo
724 1810 856 1844 mundo
877 1812 901 1844 ‘.
931 1811 988 1844 Est
1013 1811 1102 1844 enim
1122 1810 1274 1844 Christus
1299 1821 1420 1855 magna
1446 1816 1479 1843 et
1506 1810 1648 1844 altisone
1674 1810 1834 1855 clangens

154 1866 292 1901 bucina.
314 1869 400 1901 Nam
419 1868 465 1901 sic
485 1868 781 1913 praedicationum
800 1869 872 1902 eius
890 1868 1046 1901 meminit
1064 1869 1163 1901 lsaias
1184 1868 1353 1914 propheta
1372 1868 1400 1899 ἐ
1425 1881 1440 1898 «
1463 1874 1496 1901 et
1515 1868 1577 1901 erit
1597 1868 1651 1901 die
1670 1868 1727 1901 illa
1747 1868 1834 1901 clan—

155 1933 233 1971 gent
254 1925 379 1960 bucina
405 1927 539 1971 grandi.
568 1941 583 1958 »
607 1928 747 1961 Voeavit
774 1929 877 1973 igitur
904 1939 973 1960 non
1001 1928 1047 1960 uti
1075 1926 1139 1960 sub
1164 1926 1391 1972 hierophanta
1412 1927 1528 1971 Moyse
1554 1926 1753 1962 Israhelem.
1775 1927 1834 1960 secl

154 1996 275 2018 omnes
302 1985 415 2030 potius
441 1984 484 2018 ab
510 1991 590 2018 ortu
615 1985 697 2018 solis
723 1997 830 2032 usque
850 1985 893 2018 ad
916 1996 1087 2018 occasum.
1117 1985 1195 2018 Alio
1220 1996 1359 2029 quoque
1385 1996 1485 2018 sensu
1512 1983 1691 2029 intelliges.
1722 1985 1833 2018 Unum

155 2043 288 2076 vocaxit
308 2042 491 2075 lsrahelem
512 2042 612 2075 divus
629 2044 779 2087 Moyses,
800 2043 880 2087 quia
899 2048 928 2075 et
951 2042 1063 2075 serxili
1084 2041 1280 2075 conditione
1300 2042 1575 2087 circumscriptus
1593 2047 1684 2078 erat,
1702 2047 1735 2074 et
1753 2041 1830 2074 exili

153 2110 238 2134 voce
264 2100 496 2146 impeditaque
523 2100 639 2145 lingua
660 2100 846 2145 praeditus.
877 2099 1008 2133 Idcirco
1031 2099 1219 2132 secundum
1246 2099 1374 2144 psaltae
1400 2099 1529 2132 dictum
1551 2099 1579 2137 '‚
1603 2104 1704 2132 notus
1722 2099 1756 2131 in
1776 2099 1833 2132 Iu-

154 2157 238 2191 daea
265 2159 354 2191 Deus
380 2164 469 2194 erat,
493 2164 526 2190 et
553 2158 585 2190 in
614 2157 761 2190 lsrahele
787 2168 949 2202 magnum
974 2168 1098 2189 nomeu
1125 2156 1208 2189 eius.
1239 2157 1280 2189 At
1309 2156 1507 2189 universalis
1534 2162 1687 2189 servator
1712 2167 1750 2189 ac
1768 2155 1832 2189 do-

154 2216 287 2253 minus,
317 2221 437 2260 utpote
463 2216 553 2247 Deus
579 2215 621 2247 de
647 2216 739 2253 Deo,
765 2214 865 2248 nobis
891 2227 962 2248 sese
988 2214 1171 2251 revelavit,
1195 2221 1231 2247 ut
1260 2215 1455 2247 universum
1480 2220 1616 2247 vocaret
1644 2214 1829 2249 mundum.

152 2273 318 2318 quiequid
346 2273 507 2305 nimirum
534 2272 726 2306 incolarum
746 2279 795 2306 est
815 2272 858 2306 ab
877 2279 957 2307 ortu
983 2272 1063 2306 solis
1089 2283 1196 2316 usque
1216 2272 1257 2305 ad
1278 2283 1448 2305 occasum.
1477 2271 1533 2304 Ait
1558 2272 1649 2305 enim
1671 2272 1697 2303 't
1721 2272 1831 2304 venite

153 2342 274 2364 omnes
300 2331 359 2376 qui
386 2329 549 2363 laboratis
574 2336 607 2363 et
633 2332 762 2364 onerati
791 2331 887 2368 estis,
911 2337 943 2363 et
970 2342 1033 2375 ego
1060 2329 1211 2363 reficiant
1238 2341 1311 2363 vos.
1340 2344 1354 2359 »
1379 2329 1514 2362 Cunctis
1539 2329 1639 2362 etiam
1660 2328 1833 2361 mandavit

155 2389 279 2421 sanctis
304 2387 499 2432 discipulis:
525 2402 539 2417 «
564 2394 682 2421 euntes
708 2387 828 2421 docete
854 2399 974 2421 omnes
1000 2393 1129 2432 gentes.
1157 2401 1171 2417 »

746 2454 790 2476 Ex
808 2453 884 2476 sion
901 2454 1015 2480 species
1031 2454 1150 2476 decoris·-
1166 2454 1242 2476 eius.

252 2504 347 2541 Fuit,
368 2509 401 2537 et
427 2510 494 2541 est,
515 2504 605 2537 Deus
624 2504 774 2537 Verbum
801 2504 1088 2538 consubstantiale
1108 2504 1214 2549 patri,
1239 2509 1267 2535 et
1293 2502 1493 2536 ‹immimoda
1513 2502 1714 2547 aequalitate
1733 2513 1830 2547 prae-

155 2560 266 2594 ditum
286 2560 345 2605 (3).
376 2561 423 2593 Ita
451 2567 563 2593 tamen
582 2573 691 2605 quum
716 2567 803 2595 esset
830 2568 948 2595 natura
976 2567 1231 2606 comparatum,
1253 2560 1389 2593 demisit
1416 2572 1450 2592 se
1477 2559 1519 2593 ad
1546 2560 1829 2596 exinanitionem,

254 2686 288 2715 (1)
308 2682 436 2717 Sequitur
460 2683 578 2718 Cyrillus
602 2691 729 2718 graecum
754 2685 969 2712 communiorem
994 2688 1096 2711 textum
1122 2683 1307 2718 mpabn'casma
1338 2686 1374 2709 At
1398 2683 1498 2710 latinus
1522 2682 1650 2715 vulgatus
1669 2682 1769 2708 variam
1790 2691 1828 2708 ar.

157 2728 300 2755 lectionem
322 2727 512 2763 παρατίθεμαι,
531 2728 703 2754 commendo.

253 2775 288 2804 (2)
312 2772 388 2799 Nihil
412 2771 565 2799 evidentius
589 2772 638 2798 hac
663 2772 823 2799 auctoritate
846 2774 942 2809 Cyrilti
966 2777 1058 2800 contra
1084 2772 1279 2799 hodiernorum
1304 2772 1470 2799 Graecorum
1494 2779 1631 2803 errorem,
1658 2771 1701 2806 qui
1727 2771 1832 2797 animas

155 2817 236 2844 etiam
256 2817 391 2844 iustorum
412 2817 523 2844 nonnisi
543 2821 603 2851 post
622 2817 748 2851 generale
767 2817 901 2844 iudiciuin
922 2817 994 2853 apud
1014 2819 1103 2844 Deum
1122 2816 1215 2843 beatas
1234 2816 1290 2843 sore
1310 2816 1414 2843 dieuntv

255 2864 290 2891 (3)
310 2862 441 2896 Perpetua
457 2861 523 2888 haee
538 2860 610 2897 apud
624 2862 757 2897 Cyrillum
774 2862 939 2897 praedicatio
953 2867 1007 2891 est,
1021 2862 1094 2897 quod
1109 2869 1188 2888 verus
1202 2863 1291 2893 Deus,
1307 2861 1431 2896 patrique
1445 2860 1686 2888 consubstantialis
1700 2860 1771 2887 1111115
1786 2859 1816 2885 sit

1870 443 1907 461 (ir.
1923 448 1943 468 p.
1961 445 1982 462 ,Ἧι
1989 450 1996 463 ’1

1876 732 1892 743 ¹..
1913 728 1933 744 lb

1874 888 1950 933 41111.
1968 889 2046 909 >Autv

1887 919 1904 933 [ἱΔ

1872 1076 1880 1080 ’
1907 1074 1941 1093 &ct
1968 1072 2015 1093 xtl.
2032 1077 2056 1090 311

1872 1650 1891 1663 Υ.
1910 1648 1925 1663 1Δ

1895 1753 1901 1759 “
1919 1750 1998 1770 11111111.

1873 1776 1973 1797 XXVIII.
1992 1780 2020 1797 tu.

1874 1805 1881 1812 ’
1891 1803 2024 1823 νῐωτκΧΙΠ,
2035 1807 2063 1823 n).

1875 1829 2019 1850 ·ts.xxv11.
2034 1833 2062 1850 12'·v

1871 1884 1909 1902 (ιν.
1924 1890 1946 1908 μ.
1962 1885 2006 1903 313,

1874 2117 1879 2122 “
1896 2113 2029 2135 Ρ>.1,ΧΧ1.
2044 2120 2055 2135 ·.’

1873 2288 1877 2294 ’
1893 2285 1964 2305 naith
1985 2286 2055 2306 λἸκ-’Ὰ
