2205 3177
684 188 715 211 ΙΝ
743 187 921 211 EPISTOLAM
948 188 990 209 AD
1016 188 1166 210 ROMANOS
1193 189 1263 211 CAP.
1293 190 1326 212 V.
1822 183 1839 212 Ἀ

167 262 250 292 tam,
274 252 370 287 cuius
388 264 496 298 quum
518 253 612 286 radix
634 255 747 287 xitiata
767 254 898 289 fuisset,
921 252 1020 297 plane
1041 264 1174 286 necesse
1196 260 1267 287 erat
1289 255 1516 299 germinantes
1537 266 1674 300 quoque
1691 254 1841 288 indidem

162 311 318 345 surculos
337 310 588 345 contabescere.
611 313 695 345 Dicit
724 318 835 344 autem
863 309 966 343 futuri
991 316 1109 354 typum
1135 322 1206 343 esse
1231 311 1421 349 Adamum,
1443 312 1476 344 i‹l
1497 318 1543 345 cst
1564 312 1704 349 Christi,
1725 324 1843 358 quam-

161 381 264 415 quam
290 369 344 402 hic
368 369 434 402 iam
456 370 633 406 extitisset,
658 376 689 403 et
713 368 954 402 incarnationis
979 368 1178 412 mysterium
1206 370 1400 413 peregisset.
1428 369 1568 414 Rogahit
1597 381 1679 415 ergo
1704 370 1844 404 fortasse

160 428 299 471 aliquis,
325 427 504 471 quomodo
532 427 685 460 futurum
713 426 883 458 Christum
910 424 1021 457 dicat?
1045 425 1224 469 Proposito
1251 427 1341 458 enim
1368 426 1466 459 nobis
1493 427 1604 472 primo
1630 427 1787 465 homine,
1812 435 1843 462 et

160 490 350 518 memorato
377 485 653 527 transgressionis
674 490 843 527 tempore.
864 481 1035 514 Christum
1053 482 1229 527 deinceps,
1257 489 1430 527 tamquam
1453 491 1568 529 postea
1588 491 1845 529 extremumque

158 548 361 577 venturum.
384 542 506 575 Adami
529 543 667 575 nomine
694 540 896 585 indigitavit.
922 539 1195 572 l'ractlestinatus
1222 541 1313 573 enim
1336 540 1443 573 fuerat
1464 542 1523 574 Dei
1546 543 1651 587 patris
1671 542 1845 577 voluntate

159 610 197 632 ac
224 599 440 644 prmidentia
466 611 527 633 ceu
546 604 698 632 servator
720 609 756 630 ac
775 596 958 632 liberator:
982 598 1137 643 apparuit
1161 604 1273 630 tamen
1295 599 1443 643 propriis
1464 599 1694 644 temporibus,
1720 601 1845 645 quibus

159 667 283 701 nempe
303 657 429 693 xoluit,
450 662 567 701 utpote
584 653 763 688 Dominus.
783 655 863 687 Sunt
886 661 997 687 autem
1017 661 1169 700 tempora
1189 655 1273 688 haec
1292 661 1480 700 postrema,
1501 662 1531 688 et
1555 663 1727 701 tamquam
1744 659 1846 692 huius

159 713 282 745 saeculi
313 714 354 746 ad
382 722 541 747 occasum
567 712 749 756 xergentis.
781 711 939 744 Secundo
966 712 1068 755 igitur
1095 712 1137 745 ad
1166 712 1265 756 primi
1297 723 1453 745 normam
1484 713 1680 757 proposito,
1709 714 1844 748 videtur

157 771 417 815 quodammodo
438 769 631 815 percontari
654 769 866 805 audientem,
887 775 917 802 et
941 781 1017 802 cum
1038 769 1186 814 quadam
1210 770 1373 802 orationis
1392 769 1666 814 interpunctione
1685 782 1721 803 ac
1740 772 1842 805 veluti

158 828 388 873 int‹r=rrogans.
411 828 587 871 sequentia
613 826 692 860 dicit
718 826 777 871 (l).

635 892 695 914 Sed
714 899 774 914 non
793 893 871 914 sicut
891 892 1054 919 delictum,
1070 894 1114 914 im
1132 895 1162 915 et
1179 893 1294 929 donum
1312 895 1368 915 etc.

253 944 381 988 Nempe
405 942 504 976 dicit:
534 949 646 976 morte
671 942 822 976 damnati
849 942 992 979 fuinms,
1020 943 1100 987 quia
1125 949 1265 988 propter
1291 943 1412 976 Adami
1436 943 1572 989 culpam
1599 945 1754 978 universa
1784 945 1844 978 ho-

156 1001 288 1033 minum
311 1006 430 1033 natura
452 1000 539 1034 hanc
559 999 671 1033 labem
696 1012 773 1033 cum
793 1012 834 1033 eo
858 1000 1015 1036 incurrit.
1044 1001 1101 1044 qui
1122 1001 1254 1045 generis
1277 1001 1374 1045 origo
1396 1000 1470 1034 fuit.
1495 1002 1735 1036 Verumtamen
1754 1002 1845 1037 vicis-

156 1058 219 1090 sim
246 1058 279 1090 in
303 1058 436 1091 Christo
461 1058 500 1091 ad
526 1059 632 1091 vitam
659 1057 890 1091 rcssoruimus.
914 1058 1028 1103 Typus
1054 1064 1125 1090 erat
1147 1058 1257 1090 Adam
1284 1058 1408 1092 futuri.
1435 1058 1467 1091 id
1490 1065 1538 1091 est
1562 1059 1702 1096 Christi,
1727 1072 1842 1106 parem

156 1115 416 1159 progenitorum
444 1115 591 1148 malitiae
618 1116 761 1159 gratiam
789 1114 887 1148 nohis
914 1115 1131 1148 conferentis.
1162 1115 1245 1148 Dicit
1275 1126 1374 1160 ergo:
1398 1127 1439 1148 an
1463 1128 1526 1160 ego
1552 1117 1691 1150 veritate
1714 1118 1843 1151 excidi?

156 1182 173 1204 a
194 1178 287 1205 recto
307 1173 473 1205 sermonis
492 1173 627 1206 tramite
648 1171 795 1206 aberro?
818 1184 932 1206 nonne
956 1173 1040 1206 sicut
1067 1172 1247 1207 delictum.
1271 1173 1315 1206 ita
1333 1179 1364 1206 et
1390 1173 1543 1207 dommi?
1563 1175 1650 1214 Quid
1676 1174 1721 1207 ob
1745 1177 1844 1209 unius

156 1229 292 1273 culpam
320 1241 413 1262 mors
438 1230 549 1262 valida
576 1230 636 1263 fuit
651 1256 658 1264 ,
681 1230 815 1262 inlirma
842 1241 923 1263 vero
946 1230 1006 1263 erit
1035 1236 1176 1274 propter
1197 1241 1304 1262 unuin
1323 1231 1414 1263 x'ita‘?
1434 1231 1547 1270 Quid‘?
1567 1232 1600 1264 ni
1623 1233 1735 1277 potius
1757 1233 1841 1266 illud

157 1286 310 1320 dicetur?
331 1289 356 1320 si
377 1286 422 1320 ob
444 1289 544 1321 unius
563 1288 697 1333 lapsum
717 1288 817 1321 multi
840 1294 916 1320 sunt
939 1288 1084 1325 mortui,
1105 1289 1238 1332 potiore
1257 1289 1330 1321 iure
1349 1289 1407 1321 Dei
1426 1290 1532 1333 gratia
1551 1289 1749 1335 donumque
1769 1303 1842 1337 gra-

158 1345 280 1377 tuitum
302 1346 400 1377 unius
419 1346 566 1378 hominis
581 1346 656 1378 Iesu
671 1345 793 1377 Christi
813 1345 855 1377 ad
875 1345 1065 1378 multorum
1084 1345 1263 1378 utilitatem
1279 1346 1496 1380 redundaxit.
1514 1349 1630 1392 Neque
1646 1349 1736 1381 enim
1758 1361 1844 1383 crea-

158 1402 239 1433 toris
266 1401 454 1446 benignitas
482 1403 647 1446 patietur,
676 1408 713 1434 ut
739 1403 840 1434 unius
865 1402 1005 1446 quidem
1033 1414 1131 1436 causa
1158 1414 1251 1436 mors
1278 1404 1520 1448 praeraluerit.
1545 1406 1612 1438 vita
1636 1418 1718 1439 xero
1743 1407 1842 1440 unius

155 1459 282 1502 pariter
304 1470 402 1492 causa
428 1460 516 1492 vires
542 1470 611 1492 non
633 1465 761 1492 sumat:
788 1460 894 1492 immo
916 1471 1000 1493 vero
1023 1461 1091 1493 irae
1116 1461 1185 1493 vim
1210 1462 1316 1505 gratia
1341 1461 1527 1507 superabit.

547 1524 587 1547 Et
605 1531 667 1546 non
684 1525 767 1546 sicut
784 1531 839 1551 per
858 1531 954 1547 unum
972 1526 1026 1552 qui
1044 1526 1196 1552 peccavit,
1213 1527 1257 1548 ita
1276 1528 1305 1548 et
1323 1528 1447 1549 donum.

249 1573 307 1606 Rei
334 1579 547 1606 momentum
569 1579 601 1606 et
625 1574 791 1606 ratiocinii
818 1574 885 1606 xim
912 1574 944 1606 in
968 1586 1027 1611 eo.
1056 1575 1151 1619 quod
1176 1575 1284 1609 Deum
1309 1576 1443 1613 deceat.
1473 1577 1658 1610 constituit.
1688 1579 1772 1612 Nam
1797 1580 1841 1615 si.

153 1630 280 1674 inquit.
309 1630 484 1664 damnatio
511 1630 553 1664 ab
580 1642 651 1664 uno
678 1630 831 1669 Adamo,
860 1632 929 1665 sive
953 1633 1058 1678 ipsius
1086 1639 1219 1666 tantum
1246 1645 1344 1667 causa
1371 1641 1513 1679 propter
1536 1637 1667 1679 generis
1690 1636 1843 1670 similitu-

153 1687 269 1721 dinem
296 1689 337 1722 ad
362 1701 481 1723 omnes
504 1688 711 1727 dimanaxit,
743 1690 899 1734 (nostrae
922 1691 1013 1723 enim
1038 1691 1152 1736 stirpis
1176 1691 1325 1724 radicem
1351 1693 1546 1738 corruptio,
1570 1700 1605 1726 ut
1628 1693 1715 1731 dixi,
1745 1696 1844 1728 corri-

154 1746 294 1791 puerat)
322 1747 405 1791 quid
436 1747 469 1779 ni
498 1753 528 1780 et
560 1746 724 1781 credibile
752 1748 793 1780 sit
824 1753 854 1780 et
883 1748 954 1781 Deo
983 1748 1165 1793 placitum,
1200 1756 1237 1782 ut
1264 1748 1310 1782 ob
1337 1750 1438 1783 unius
1465 1750 1645 1787 iustitiam.
1674 1752 1772 1786 multi
1803 1764 1840 1786 ex

153 1803 272 1836 multis
298 1803 498 1837 criminibus
516 1804 769 1839 iustificentur‘?
796 1805 970 1850 Numquid
990 1807 1082 1839 enim
1101 1806 1195 1840 haud
1218 1808 1326 1852 magis
1344 1808 1414 1841 Deo
1433 1808 1541 1853 placet
1561 1820 1711 1846 servare.
1740 1822 1842 1855 quam

155 1860 323 1904 perdere?
349 1862 438 1894 Sicut
465 1862 570 1905 igitur
596 1862 844 1895 condemnatus
872 1863 933 1896 fuit
962 1863 1089 1901 Adam,
1114 1865 1263 1910 itemque
1290 1866 1414 1910 Moysis
1441 1866 1635 1900 maledictio
1659 1868 1728 1900 xim
1754 1867 1842 1901 obti-

155 1918 246 1952 nuit.
277 1924 313 1951 ut
335 1929 454 1951 omnes
479 1919 636 1952 homines
661 1921 873 1965 corruptioni
901 1920 1090 1959 addiceret,
1118 1923 1164 1955 ita
1189 1923 1269 1967 quia
1294 1923 1463 1957 secundus
1486 1924 1596 1958 Adam
1622 1925 1773 1958 Christus
1798 1926 1842 1958 iu-

155 1973 318 2007 stificatus
350 1974 433 2011 suit.
467 1976 587 2009 eodem
618 1978 761 2010 omnino
791 1979 922 2011 tramite
950 1979 992 2011 ad
1021 1991 1083 2012 nos
1114 1992 1253 2025 quoque
1282 1980 1475 2015 iustificatio
1501 1981 1702 2027 permeabit.
1735 1984 1842 2016 Porro

156 2031 376 2065 iustificatum
401 2033 571 2067 Christum
601 2034 762 2070 dicimus.
792 2047 861 2068 non
885 2036 977 2080 quod
1007 2043 1103 2071 antea
1131 2039 1275 2072 iniustus
1304 2038 1420 2074 fuerit.
1449 2045 1633 2085 posteaque
1660 2041 1693 2073 in
1720 2041 1841 2074 melius

157 2089 341 2134 proficiens
361 2090 402 2123 ad
420 2091 695 2125 iustificationcm
714 2094 925 2138 pervenerit:
949 2094 1008 2127 sed
1034 2095 1112 2139 quia
1139 2097 1270 2141 primus
1295 2097 1366 2142 ipse
1389 2097 1551 2142 solusque
1577 2093 1624 2131 ex'
1644 2098 1840 2131 hominihus

155 2154 332 2192 peccatum
359 2149 393 2181 in
420 2155 507 2183 terra
534 2162 604 2184 nou
631 2152 854 2189 commiserit,
886 2163 995 2197 neque
1022 2153 1123 2187 dolus
1151 2155 1184 2187 in
1211 2165 1271 2187 ore
1298 2155 1370 2188 eius
1393 2156 1553 2189 inventus
1580 2156 1692 2189 suerit.

550 2216 585 2238 Si
603 2217 686 2240 enim
704 2218 798 2239 unius
814 2217 927 2240 delicto
945 2224 1026 2240 mors
1044 2220 1187 2246 regnavit
1205 2226 1261 2246 pel·
1277 2226 1374 2242 unum
1391 2223 1448 2243 etc.

252 2262 495 2298 Animadxerte
517 2277 651 2302 rursus,
680 2273 809 2311 quanto
835 2267 1037 2300 xalidiorom
1064 2268 1248 2302 damnante
1273 2270 1511 2303 maledictione
1535 2270 1653 2304 desinit
1678 2282 1748 2304 esse
1771 2281 1841 2315 gra-

155 2320 236 2352 tiam
264 2320 516 2355 iustiticantem.
545 2324 662 2368 Neque
687 2325 777 2358 enim
802 2325 971 2370 quispiam
995 2324 1208 2365 adfirmabit,
1238 2327 1299 2365 ait,
1329 2339 1476 2372 aequum
1497 2340 1567 2361 esse
1593 2335 1627 2361 ut
1651 2327 1841 2373 praevaleat

154 2377 188 2409 in
211 2376 295 2411 orbe
313 2379 415 2412 unius
434 2390 531 2413 causa
550 2392 661 2419 mors,
684 2388 802 2416 contra
821 2394 904 2416 xero
925 2384 991 2416 xita
1012 2395 1129 2429 parem
1149 2385 1218 2418 xim
1239 2397 1308 2418 non
1330 2384 1465 2419 habeat.
1486 2387 1570 2419 Nam
1590 2385 1689 2430 longe
1710 2385 1843 2430 potiore

154 2435 228 2467 iure
255 2436 313 2480 qui
340 2437 481 2480 gratiam
510 2437 631 2471 Christi
657 2437 802 2477 habent,
831 2446 862 2473 et
889 2452 1057 2486 supernae
1081 2441 1288 2486 dignationis
1312 2443 1406 2476 dono
1434 2443 1594 2476 iustitiam
1621 2448 1699 2475 sunt
1725 2452 1841 2475 conse-

154 2493 240 2528 cuti.
267 2495 387 2527 mortis
410 2495 597 2539 potentiam
621 2507 638 2529 a
662 2508 696 2529 se
720 2497 903 2543 repellent,
929 2505 961 2532 et
985 2511 1063 2532 cum
1088 2500 1281 2533 rixiiicante
1306 2502 1420 2534 omnia
1444 2501 1578 2533 Christo
1605 2498 1817 2545 regnabunt.¹

398 2560 506 2587 lenun-
524 2562 604 2583 sicut
621 2563 714 2585 unius
730 2563 844 2586 delicto
861 2565 893 2586 in
912 2572 1016 2588 omnes
1034 2566 1172 2588 homines
1190 2567 1224 2588 in
1242 2567 1527 2589 condemnationem
1545 2568 1601 2589 eie.

248 2610 458 2655 Supradictis
483 2613 656 2645 sententiis
680 2613 784 2646 veluti
803 2615 1001 2649 coronidem
1029 2617 1174 2661 imponit
1195 2617 1246 2650 dix
1256 2629 1295 2649 us
1314 2617 1454 2653 Paulus,
1484 2617 1528 2650 ita
1556 2617 1729 2661 inquiens:
1759 2628 1840 2662 ergo

151 2667 234 2700 sicut
257 2668 358 2701 unius
386 2667 500 2714 lapsu,
529 2676 561 2702 et
580 2669 722 2715 reliqua.
751 2671 906 2705 Damnati
933 2674 1101 2718 siquidem
1123 2674 1265 2710 fuimus.
1295 2681 1331 2707 ut
1351 2681 1448 2708 antea
1467 2673 1535 2707 dixi
1549 2701 1556 2710 ,
1582 2675 1614 2707 in
1636 2675 1787 2712 A‹la1no;
1808 2681 1841 2708 et

248 2766 283 2796 (Ι)
306 2764 524 2800 Subsequentem
540 2766 618 2793 Pauli
633 2766 796 2794 versiculum
818 2768 1007 2802 interrogative
1028 2770 1269 2805 pronunciandum
1290 2778 1361 2803 esse,
1377 2770 1491 2798 suadere
1510 2770 1618 2798 videtur
1632 2771 1764 2807 Cyrillus:
1780 2779 1839 2798 scn-

153 2807 234 2834 tentia
255 2812 349 2835 tamen
366 2809 407 2835 rix
422 2809 557 2845 discrepat
576 2819 590 2837 a
610 2812 760 2838 communi.
781 2813 927 2848 Ceteroqui
946 2822 1003 2841 reni
1024 2815 1053 2842 in
1075 2814 1165 2842 medio
1181 2814 1318 2849 relinquo.
1340 2815 1408 2842 Nam
1425 2816 1453 2841 in
1466 2815 1600 2842 versiculo
1620 2820 1691 2842 certe
1706 2819 1746 2842 16.
1764 2815 1838 2843 nulla

156 2851 183 2877 fit
204 2853 395 2883 interi-(matio.

1881 903 1936 924 (ἰΑν.
1953 904 1977 923 ν,
1998 906 2019 924 13

1880 1543 1901 1557 Υ.
1920 1540 1949 1557 113.

1883 1564 1920 1584 Gr.
1934 1569 1956 1589 p.
1973 1567 1983 1580 *ἒ
