<?xml version="1.0" encoding="UTF-8"?>
<!DOCTYPE html PUBLIC "-//W3C//DTD XHTML 1.0 Transitional//EN"
    "http://www.w3.org/TR/xhtml1/DTD/xhtml1-transitional.dtd">
<html xmlns="http://www.w3.org/1999/xhtml" xml:lang="en" lang="en">
 <head>
  <title>
</title>
<meta http-equiv="Content-Type" content="text/html;charset=utf-8" />
  <meta name='ocr-system' content='tesseract 3.04.00' />
  <meta name='ocr-capabilities' content='ocr_page ocr_carea ocr_par ocr_line ocrx_word'/>
</head>
<body>
  <div class='ocr_page' id='page_1' title='image "./novaepatrumbibli03maiauoft/novaepatrumbibli03maiauoft_0521.png"; bbox 0 0 2205 3177; ppageno 0'>
   <div class='ocr_carea' id='block_1_1' title="bbox 560 168 1848 205">
    <p class='ocr_par' dir='ltr' id='par_1_1' title="bbox 560 168 1848 205">
     <span class='ocr_line' id='line_1_1' title="bbox 560 168 1848 205; baseline -0.004 1"><span class='ocrx_word' id='word_1_1' title='bbox 560 184 592 205; x_wconf 72' lang='lat' dir='ltr'>lx</span> <span class='ocrx_word' id='word_1_2' title='bbox 618 182 796 205; x_wconf 74' lang='lat' dir='ltr'>EPISTOLAM</span> <span class='ocrx_word' id='word_1_3' title='bbox 822 182 845 204; x_wconf 94' lang='lat' dir='ltr'>I.</span> <span class='ocrx_word' id='word_1_4' title='bbox 874 182 917 203; x_wconf 73' lang='lat' dir='ltr'>AI)</span> <span class='ocrx_word' id='word_1_5' title='bbox 943 179 1133 203; x_wconf 74' lang='lat' dir='ltr'>CORINTHIOS</span> <span class='ocrx_word' id='word_1_6' title='bbox 1159 181 1231 203; x_wconf 75' lang='lat' dir='ltr'><strong>CAP.</strong></span> <span class='ocrx_word' id='word_1_7' title='bbox 1258 181 1306 202; x_wconf 77' lang='lat' dir='ltr'>XI.</span> <span class='ocrx_word' id='word_1_8' title='bbox 1336 180 1375 203; x_wconf 82' lang='lat' dir='ltr'>ET</span> <span class='ocrx_word' id='word_1_9' title='bbox 1400 180 1462 202; x_wconf 74' lang='grc' dir='ltr'>ΧΠ.</span> <span class='ocrx_word' id='word_1_10' title='bbox 1805 168 1848 201; x_wconf 51' lang='grc'>43</span> 
     </span>
    </p>
   </div>
   <div class='ocr_carea' id='block_1_2' title="bbox 178 242 1869 1788">
    <p class='ocr_par' dir='ltr' id='par_1_2' title="bbox 178 242 1857 575">
     <span class='ocr_line' id='line_1_2' title="bbox 179 242 1850 296; baseline -0.005 -13"><span class='ocrx_word' id='word_1_11' title='bbox 179 256 254 296; x_wconf 88' lang='lat' dir='ltr'>pter</span> <span class='ocrx_word' id='word_1_12' title='bbox 271 249 396 281; x_wconf 89' lang='lat' dir='ltr'>virum.</span> <span class='ocrx_word' id='word_1_13' title='bbox 425 247 556 280; x_wconf 84' lang='lat' dir='ltr'>Deinde</span> <span class='ocrx_word' id='word_1_14' title='bbox 576 247 795 293; x_wconf 80' lang='lat' dir='ltr'>supprimens</span> <span class='ocrx_word' id='word_1_15' title='bbox 820 250 897 290; x_wconf 97' lang='lat' dir='ltr'>apte</span> <span class='ocrx_word' id='word_1_16' title='bbox 923 243 1113 277; x_wconf 84' lang='lat' dir='ltr'>admodum</span> <span class='ocrx_word' id='word_1_17' title='bbox 1136 244 1301 289; x_wconf 84' lang='lat' dir='ltr'>quicquid</span> <span class='ocrx_word' id='word_1_18' title='bbox 1324 244 1488 278; x_wconf 88' lang='lat' dir='ltr'>feminam</span> <span class='ocrx_word' id='word_1_19' title='bbox 1513 242 1695 277; x_wconf 84' lang='lat' dir='ltr'>videbatur</span> <span class='ocrx_word' id='word_1_20' title='bbox 1721 243 1850 276; x_wconf 88' lang='lat' dir='ltr'>contri-</span> 
     </span>
     <span class='ocr_line' id='line_1_3' title="bbox 178 299 1848 346; baseline -0.004 -7"><span class='ocrx_word' id='word_1_21' title='bbox 178 312 346 340; x_wconf 76' lang='lat' dir='ltr'>staturum</span> <span class='ocrx_word' id='word_1_22' title='bbox 359 330 367 342; x_wconf 93' lang='lat'>,</span> <span class='ocrx_word' id='word_1_23' title='bbox 389 303 482 337; x_wconf 80' lang='lat' dir='ltr'>addit</span> <span class='ocrx_word' id='word_1_24' title='bbox 503 304 638 338; x_wconf 85' lang='lat' dir='ltr'>dicens:</span> <span class='ocrx_word' id='word_1_25' title='bbox 660 308 898 336; x_wconf 70' lang='lat' dir='ltr'>verumtamen</span> <span class='ocrx_word' id='word_1_26' title='bbox 916 312 1027 345; x_wconf 86' lang='lat' dir='ltr'>neque</span> <span class='ocrx_word' id='word_1_27' title='bbox 1048 301 1171 334; x_wconf 89' lang='lat' dir='ltr'>mulier</span> <span class='ocrx_word' id='word_1_28' title='bbox 1189 302 1261 334; x_wconf 90' lang='lat' dir='ltr'>sine</span> <span class='ocrx_word' id='word_1_29' title='bbox 1284 302 1378 338; x_wconf 81' lang='lat' dir='ltr'>viro.</span> <span class='ocrx_word' id='word_1_30' title='bbox 1400 312 1511 346; x_wconf 89' lang='lat' dir='ltr'>neque</span> <span class='ocrx_word' id='word_1_31' title='bbox 1529 301 1600 333; x_wconf 89' lang='lat' dir='ltr'>sine</span> <span class='ocrx_word' id='word_1_32' title='bbox 1620 299 1764 333; x_wconf 84' lang='lat' dir='ltr'>muliere</span> <span class='ocrx_word' id='word_1_33' title='bbox 1784 301 1848 333; x_wconf 88' lang='lat' dir='ltr'>vir.</span> 
     </span>
     <span class='ocr_line' id='line_1_4' title="bbox 180 357 1855 402; baseline -0.004 -6"><span class='ocrx_word' id='word_1_34' title='bbox 180 363 297 396; x_wconf 82' lang='lat' dir='ltr'>Extitit</span> <span class='ocrx_word' id='word_1_35' title='bbox 323 363 414 396; x_wconf 92' lang='lat' dir='ltr'>enim</span> <span class='ocrx_word' id='word_1_36' title='bbox 441 363 512 396; x_wconf 86' lang='lat' dir='ltr'>sine</span> <span class='ocrx_word' id='word_1_37' title='bbox 537 361 645 395; x_wconf 86' lang='lat' dir='ltr'>dubio</span> <span class='ocrx_word' id='word_1_38' title='bbox 669 372 710 394; x_wconf 76' lang='lat' dir='ltr'>ex</span> <span class='ocrx_word' id='word_1_39' title='bbox 735 361 810 393; x_wconf 86' lang='lat' dir='ltr'>viro</span> <span class='ocrx_word' id='word_1_40' title='bbox 836 357 979 396; x_wconf 85' lang='lat' dir='ltr'>mulier,</span> <span class='ocrx_word' id='word_1_41' title='bbox 1005 363 1039 391; x_wconf 90' lang='lat' dir='ltr'>et</span> <span class='ocrx_word' id='word_1_42' title='bbox 1062 358 1128 391; x_wconf 91' lang='lat' dir='ltr'>hoc</span> <span class='ocrx_word' id='word_1_43' title='bbox 1154 370 1273 392; x_wconf 88' lang='lat' dir='ltr'>verum</span> <span class='ocrx_word' id='word_1_44' title='bbox 1300 365 1362 392; x_wconf 85' lang='lat' dir='ltr'>est.</span> <span class='ocrx_word' id='word_1_45' title='bbox 1391 359 1500 391; x_wconf 89' lang='lat' dir='ltr'>Porro</span> <span class='ocrx_word' id='word_1_46' title='bbox 1527 357 1569 391; x_wconf 87' lang='lat' dir='ltr'>ad</span> <span class='ocrx_word' id='word_1_47' title='bbox 1596 358 1660 391; x_wconf 93' lang='lat' dir='ltr'>viri</span> <span class='ocrx_word' id='word_1_48' title='bbox 1686 358 1855 402; x_wconf 77' lang='lat' dir='ltr'>originem</span> 
     </span>
     <span class='ocr_line' id='line_1_5' title="bbox 178 415 1856 462; baseline -0.004 -9"><span class='ocrx_word' id='word_1_49' title='bbox 178 420 262 453; x_wconf 85' lang='lat' dir='ltr'>nihil</span> <span class='ocrx_word' id='word_1_50' title='bbox 290 431 359 454; x_wconf 93' lang='lat' dir='ltr'>non</span> <span class='ocrx_word' id='word_1_51' title='bbox 384 420 539 454; x_wconf 84' lang='lat' dir='ltr'>confert:</span> <span class='ocrx_word' id='word_1_52' title='bbox 562 426 682 453; x_wconf 78' lang='lat' dir='ltr'>natura</span> <span class='ocrx_word' id='word_1_53' title='bbox 710 418 801 451; x_wconf 90' lang='lat' dir='ltr'>enim</span> <span class='ocrx_word' id='word_1_54' title='bbox 830 415 951 449; x_wconf 87' lang='lat' dir='ltr'>ambos</span> <span class='ocrx_word' id='word_1_55' title='bbox 977 416 1012 449; x_wconf 92' lang='lat' dir='ltr'>in</span> <span class='ocrx_word' id='word_1_56' title='bbox 1039 427 1146 449; x_wconf 87' lang='lat' dir='ltr'>unum</span> <span class='ocrx_word' id='word_1_57' title='bbox 1173 416 1370 454; x_wconf 83' lang='lat' dir='ltr'>conferens,</span> <span class='ocrx_word' id='word_1_58' title='bbox 1393 416 1435 449; x_wconf 88' lang='lat' dir='ltr'>ad</span> <span class='ocrx_word' id='word_1_59' title='bbox 1462 428 1560 449; x_wconf 81' lang='lat' dir='ltr'>usum</span> <span class='ocrx_word' id='word_1_60' title='bbox 1588 421 1856 462; x_wconf 38' lang='lat' dir='ltr'>mutuum‘pru-</span> 
     </span>
     <span class='ocr_line' id='line_1_6' title="bbox 178 472 1857 515; baseline -0.004 -4"><span class='ocrx_word' id='word_1_61' title='bbox 178 477 300 512; x_wconf 87' lang='lat' dir='ltr'>denter</span> <span class='ocrx_word' id='word_1_62' title='bbox 326 477 470 515; x_wconf 78' lang='lat' dir='ltr'>direxit,</span> <span class='ocrx_word' id='word_1_63' title='bbox 498 488 615 510; x_wconf 80' lang='lat' dir='ltr'>amore</span> <span class='ocrx_word' id='word_1_64' title='bbox 642 479 859 508; x_wconf 65' lang='lat' dir='ltr'>connectens</span> <span class='ocrx_word' id='word_1_65' title='bbox 889 472 990 513; x_wconf 87' lang='lat' dir='ltr'>Quod</span> <span class='ocrx_word' id='word_1_66' title='bbox 1016 484 1100 506; x_wconf 88' lang='lat' dir='ltr'>vero</span> <span class='ocrx_word' id='word_1_67' title='bbox 1126 473 1216 505; x_wconf 86' lang='lat' dir='ltr'>Deus</span> <span class='ocrx_word' id='word_1_68' title='bbox 1241 473 1397 506; x_wconf 86' lang='lat' dir='ltr'>omnium</span> <span class='ocrx_word' id='word_1_69' title='bbox 1426 474 1468 505; x_wconf 82' lang='lat' dir='ltr'>sit</span> <span class='ocrx_word' id='word_1_70' title='bbox 1493 478 1645 511; x_wconf 81' lang='lat' dir='ltr'>creator,</span> <span class='ocrx_word' id='word_1_71' title='bbox 1675 472 1857 506; x_wconf 71' lang='lat' dir='ltr'>confirmat</span> 
     </span>
     <span class='ocr_line' id='line_1_7' title="bbox 178 529 1453 575; baseline -0.005 -6"><span class='ocrx_word' id='word_1_72' title='bbox 178 535 312 568; x_wconf 80' lang='lat' dir='ltr'>dicens:</span> <span class='ocrx_word' id='word_1_73' title='bbox 335 536 449 568; x_wconf 88' lang='lat' dir='ltr'>omnia</span> <span class='ocrx_word' id='word_1_74' title='bbox 477 546 517 567; x_wconf 80' lang='lat' dir='ltr'>ex</span> <span class='ocrx_word' id='word_1_75' title='bbox 544 535 637 570; x_wconf 88' lang='lat' dir='ltr'>Deo;</span> <span class='ocrx_word' id='word_1_76' title='bbox 657 537 777 565; x_wconf 81' lang='lat' dir='ltr'>cuncta</span> <span class='ocrx_word' id='word_1_77' title='bbox 803 531 895 564; x_wconf 89' lang='lat' dir='ltr'>enim</span> <span class='ocrx_word' id='word_1_78' title='bbox 922 536 1034 563; x_wconf 85' lang='lat' dir='ltr'>creata</span> <span class='ocrx_word' id='word_1_79' title='bbox 1060 541 1121 575; x_wconf 88' lang='lat' dir='ltr'>per</span> <span class='ocrx_word' id='word_1_80' title='bbox 1147 529 1319 563; x_wconf 77' lang='lat' dir='ltr'>Christum</span> <span class='ocrx_word' id='word_1_81' title='bbox 1346 530 1453 563; x_wconf 86' lang='lat' dir='ltr'>fuere.</span> 
     </span>
    </p>

    <p class='ocr_par' dir='ltr' id='par_1_3' title="bbox 545 594 1484 623">
     <span class='ocr_line' id='line_1_8' title="bbox 545 594 1484 623; baseline -0.002 -4"><span class='ocrx_word' id='word_1_82' title='bbox 545 598 639 621; x_wconf 62' lang='lat' dir='ltr'>Nemo</span> <span class='ocrx_word' id='word_1_83' title='bbox 655 597 689 618; x_wconf 84' lang='lat' dir='ltr'>in</span> <span class='ocrx_word' id='word_1_84' title='bbox 705 596 822 623; x_wconf 81' lang='lat' dir='ltr'>spirim</span> <span class='ocrx_word' id='word_1_85' title='bbox 839 595 898 618; x_wconf 79' lang='lat' dir='ltr'>Dei</span> <span class='ocrx_word' id='word_1_86' title='bbox 915 595 1044 621; x_wconf 80' lang='lat' dir='ltr'>loquens</span> <span class='ocrx_word' id='word_1_87' title='bbox 1060 595 1137 617; x_wconf 73' lang='lat' dir='ltr'>«licit</span> <span class='ocrx_word' id='word_1_88' title='bbox 1155 595 1322 617; x_wconf 69' lang='lat' dir='ltr'>anathema</span> <span class='ocrx_word' id='word_1_89' title='bbox 1339 594 1410 617; x_wconf 77' lang='lat' dir='ltr'>lesu</span> <span class='ocrx_word' id='word_1_90' title='bbox 1427 597 1484 617; x_wconf 80' lang='lat' dir='ltr'>etc.</span> 
     </span>
    </p>

    <p class='ocr_par' dir='ltr' id='par_1_4' title="bbox 179 643 1869 1788">
     <span class='ocr_line' id='line_1_9' title="bbox 273 643 1859 690; baseline -0.003 -8"><span class='ocrx_word' id='word_1_91' title='bbox 273 649 442 683; x_wconf 85' lang='lat' dir='ltr'>Dominus</span> <span class='ocrx_word' id='word_1_92' title='bbox 470 654 586 682; x_wconf 89' lang='lat' dir='ltr'>noster</span> <span class='ocrx_word' id='word_1_93' title='bbox 615 647 707 679; x_wconf 84' lang='lat' dir='ltr'>lesus</span> <span class='ocrx_word' id='word_1_94' title='bbox 733 645 887 679; x_wconf 90' lang='lat' dir='ltr'>Christus</span> <span class='ocrx_word' id='word_1_95' title='bbox 916 645 1121 690; x_wconf 77' lang='lat' dir='ltr'>promiserat</span> <span class='ocrx_word' id='word_1_96' title='bbox 1149 643 1329 678; x_wconf 78' lang='lat' dir='ltr'>discedens</span> <span class='ocrx_word' id='word_1_97' title='bbox 1357 645 1543 678; x_wconf 89' lang='lat' dir='ltr'>missurum</span> <span class='ocrx_word' id='word_1_98' title='bbox 1571 657 1604 678; x_wconf 86' lang='lat' dir='ltr'>se</span> <span class='ocrx_word' id='word_1_99' title='bbox 1631 643 1733 678; x_wconf 90' lang='lat' dir='ltr'>nobis</span> <span class='ocrx_word' id='word_1_100' title='bbox 1760 646 1859 678; x_wconf 82' lang='lat' dir='ltr'>Para-</span> 
     </span>
     <span class='ocr_line' id='line_1_10' title="bbox 180 701 1859 750; baseline -0.002 -11"><span class='ocrx_word' id='word_1_101' title='bbox 180 706 318 745; x_wconf 89' lang='lat' dir='ltr'>clitum‚</span> <span class='ocrx_word' id='word_1_102' title='bbox 347 706 602 750; x_wconf 80' lang='lat' dir='ltr'>adieceratque:</span> <span class='ocrx_word' id='word_1_103' title='bbox 631 702 689 737; x_wconf 90' lang='lat' dir='ltr'>ille</span> <span class='ocrx_word' id='word_1_104' title='bbox 710 714 766 736; x_wconf 92' lang='lat' dir='ltr'>me</span> <span class='ocrx_word' id='word_1_105' title='bbox 792 701 1012 748; x_wconf 79' lang='lat' dir='ltr'>glorificabit.</span> <span class='ocrx_word' id='word_1_106' title='bbox 1041 703 1111 736; x_wconf 81' lang='lat' dir='ltr'>Nos</span> <span class='ocrx_word' id='word_1_107' title='bbox 1135 713 1219 735; x_wconf 83' lang='lat' dir='ltr'>vero</span> <span class='ocrx_word' id='word_1_108' title='bbox 1243 702 1432 735; x_wconf 86' lang='lat' dir='ltr'>rectissime</span> <span class='ocrx_word' id='word_1_109' title='bbox 1451 702 1692 747; x_wconf 76' lang='lat' dir='ltr'>intelligimus,</span> <span class='ocrx_word' id='word_1_110' title='bbox 1720 708 1859 735; x_wconf 88' lang='lat' dir='ltr'>eatenus</span> 
     </span>
     <span class='ocr_line' id='line_1_11' title="bbox 179 759 1859 808; baseline -0.004 -10"><span class='ocrx_word' id='word_1_111' title='bbox 179 764 352 798; x_wconf 87' lang='lat' dir='ltr'>Christum</span> <span class='ocrx_word' id='word_1_112' title='bbox 379 775 395 796; x_wconf 90' lang='lat' dir='ltr'>a</span> <span class='ocrx_word' id='word_1_113' title='bbox 423 763 551 808; x_wconf 87' lang='lat' dir='ltr'>Spiritu</span> <span class='ocrx_word' id='word_1_114' title='bbox 579 762 651 795; x_wconf 72' lang='lat' dir='ltr'>eius</span> <span class='ocrx_word' id='word_1_115' title='bbox 681 759 885 806; x_wconf 77' lang='lat' dir='ltr'>glorificari,</span> <span class='ocrx_word' id='word_1_116' title='bbox 914 767 1083 805; x_wconf 83' lang='lat' dir='ltr'>quatenus</span> <span class='ocrx_word' id='word_1_117' title='bbox 1112 760 1282 805; x_wconf 83' lang='lat' dir='ltr'>sapientes</span> <span class='ocrx_word' id='word_1_118' title='bbox 1307 759 1423 793; x_wconf 85' lang='lat' dir='ltr'>reddit</span> <span class='ocrx_word' id='word_1_119' title='bbox 1447 771 1507 793; x_wconf 91' lang='lat' dir='ltr'>eos</span> <span class='ocrx_word' id='word_1_120' title='bbox 1532 759 1658 804; x_wconf 86' lang='lat' dir='ltr'>quibus</span> <span class='ocrx_word' id='word_1_121' title='bbox 1684 759 1798 797; x_wconf 83' lang='lat' dir='ltr'>adest,</span> <span class='ocrx_word' id='word_1_122' title='bbox 1827 765 1859 792; x_wconf 89' lang='lat' dir='ltr'>et</span> 
     </span>
     <span class='ocr_line' id='line_1_12' title="bbox 179 815 1861 864; baseline -0.003 -10"><span class='ocrx_word' id='word_1_123' title='bbox 179 821 352 855; x_wconf 87' lang='lat' dir='ltr'>Christum</span> <span class='ocrx_word' id='word_1_124' title='bbox 379 820 457 853; x_wconf 85' lang='lat' dir='ltr'>facit</span> <span class='ocrx_word' id='word_1_125' title='bbox 485 822 591 864; x_wconf 75' lang='lat' dir='ltr'>opera</span> <span class='ocrx_word' id='word_1_126' title='bbox 618 821 677 851; x_wconf 77' lang='lat' dir='ltr'>sua</span> <span class='ocrx_word' id='word_1_127' title='bbox 705 819 739 851; x_wconf 93' lang='lat' dir='ltr'>in</span> <span class='ocrx_word' id='word_1_128' title='bbox 760 818 883 851; x_wconf 85' lang='lat' dir='ltr'>sanctis</span> <span class='ocrx_word' id='word_1_129' title='bbox 908 816 1081 855; x_wconf 85' lang='lat' dir='ltr'>habitare;</span> <span class='ocrx_word' id='word_1_130' title='bbox 1110 823 1160 851; x_wconf 76' lang='lat' dir='ltr'>est</span> <span class='ocrx_word' id='word_1_131' title='bbox 1185 818 1277 851; x_wconf 88' lang='lat' dir='ltr'>enim</span> <span class='ocrx_word' id='word_1_132' title='bbox 1305 828 1423 862; x_wconf 85' lang='lat' dir='ltr'>reapse</span> <span class='ocrx_word' id='word_1_133' title='bbox 1441 817 1474 850; x_wconf 91' lang='lat' dir='ltr'>in</span> <span class='ocrx_word' id='word_1_134' title='bbox 1497 815 1597 850; x_wconf 86' lang='lat' dir='ltr'>nobis</span> <span class='ocrx_word' id='word_1_135' title='bbox 1621 816 1773 849; x_wconf 89' lang='lat' dir='ltr'>Christus</span> <span class='ocrx_word' id='word_1_136' title='bbox 1799 827 1861 861; x_wconf 91' lang='lat' dir='ltr'>per</span> 
     </span>
     <span class='ocr_line' id='line_1_13' title="bbox 180 874 1861 924; baseline -0.003 -12"><span class='ocrx_word' id='word_1_137' title='bbox 180 879 357 924; x_wconf 90' lang='lat' dir='ltr'>Spiritum.</span> <span class='ocrx_word' id='word_1_138' title='bbox 387 877 452 910; x_wconf 86' lang='lat' dir='ltr'>Sed</span> <span class='ocrx_word' id='word_1_139' title='bbox 481 882 516 909; x_wconf 87' lang='lat' dir='ltr'>et</span> <span class='ocrx_word' id='word_1_140' title='bbox 543 876 610 909; x_wconf 86' lang='lat' dir='ltr'>alio</span> <span class='ocrx_word' id='word_1_141' title='bbox 639 875 745 909; x_wconf 90' lang='lat' dir='ltr'>modo</span> <span class='ocrx_word' id='word_1_142' title='bbox 775 874 966 921; x_wconf 74' lang='lat' dir='ltr'>glorificat,</span> <span class='ocrx_word' id='word_1_143' title='bbox 996 886 1074 909; x_wconf 88' lang='lat' dir='ltr'>nam</span> <span class='ocrx_word' id='word_1_144' title='bbox 1103 875 1249 920; x_wconf 82' lang='lat' dir='ltr'>gloriam</span> <span class='ocrx_word' id='word_1_145' title='bbox 1280 875 1352 908; x_wconf 90' lang='lat' dir='ltr'>eius</span> <span class='ocrx_word' id='word_1_146' title='bbox 1377 881 1541 920; x_wconf 84' lang='lat' dir='ltr'>operatur</span> <span class='ocrx_word' id='word_1_147' title='bbox 1571 886 1633 919; x_wconf 90' lang='lat' dir='ltr'>per</span> <span class='ocrx_word' id='word_1_148' title='bbox 1664 880 1861 907; x_wconf 85' lang='lat' dir='ltr'>sanctorum</span> 
     </span>
     <span class='ocr_line' id='line_1_14' title="bbox 180 931 1862 979; baseline -0.003 -10"><span class='ocrx_word' id='word_1_149' title='bbox 180 947 315 969; x_wconf 87' lang='lat' dir='ltr'>manus.</span> <span class='ocrx_word' id='word_1_150' title='bbox 345 936 417 968; x_wconf 87' lang='lat' dir='ltr'>Iam</span> <span class='ocrx_word' id='word_1_151' title='bbox 443 935 469 968; x_wconf 91' lang='lat' dir='ltr'>si</span> <span class='ocrx_word' id='word_1_152' title='bbox 497 933 607 967; x_wconf 84' lang='lat' dir='ltr'>filium</span> <span class='ocrx_word' id='word_1_153' title='bbox 629 932 799 979; x_wconf 71' lang='lat' dir='ltr'>glorificat</span> <span class='ocrx_word' id='word_1_154' title='bbox 824 934 970 979; x_wconf 86' lang='lat' dir='ltr'>Spiritus</span> <span class='ocrx_word' id='word_1_155' title='bbox 989 934 1082 971; x_wconf 88' lang='lat' dir='ltr'>eius,</span> <span class='ocrx_word' id='word_1_156' title='bbox 1110 932 1289 978; x_wconf 88' lang='lat' dir='ltr'>quomodo</span> <span class='ocrx_word' id='word_1_157' title='bbox 1316 934 1351 966; x_wconf 91' lang='lat' dir='ltr'>in</span> <span class='ocrx_word' id='word_1_158' title='bbox 1369 943 1449 966; x_wconf 88' lang='lat' dir='ltr'>eum</span> <span class='ocrx_word' id='word_1_159' title='bbox 1474 943 1634 978; x_wconf 84' lang='lat' dir='ltr'>perverse</span> <span class='ocrx_word' id='word_1_160' title='bbox 1653 931 1784 977; x_wconf 78' lang='lat' dir='ltr'>aliquid</span> <span class='ocrx_word' id='word_1_161' title='bbox 1811 932 1862 965; x_wconf 90' lang='lat' dir='ltr'>di-</span> 
     </span>
     <span class='ocr_line' id='line_1_15' title="bbox 180 989 1864 1037; baseline -0.002 -12"><span class='ocrx_word' id='word_1_162' title='bbox 180 998 231 1026; x_wconf 90' lang='lat' dir='ltr'>cet</span> <span class='ocrx_word' id='word_1_163' title='bbox 256 993 411 1037; x_wconf 87' lang='lat' dir='ltr'>quisquis</span> <span class='ocrx_word' id='word_1_164' title='bbox 437 992 472 1024; x_wconf 88' lang='lat' dir='ltr'>in</span> <span class='ocrx_word' id='word_1_165' title='bbox 497 992 626 1037; x_wconf 88' lang='lat' dir='ltr'>Spiritu</span> <span class='ocrx_word' id='word_1_166' title='bbox 649 991 827 1035; x_wconf 69' lang='lat' dir='ltr'>loquitur?</span> <span class='ocrx_word' id='word_1_167' title='bbox 853 991 951 1024; x_wconf 85' lang='lat' dir='ltr'>Dices</span> <span class='ocrx_word' id='word_1_168' title='bbox 976 991 1068 1023; x_wconf 90' lang='lat' dir='ltr'>enim</span> <span class='ocrx_word' id='word_1_169' title='bbox 1095 990 1209 1036; x_wconf 89' lang='lat' dir='ltr'>potius</span> <span class='ocrx_word' id='word_1_170' title='bbox 1234 989 1416 1024; x_wconf 85' lang='lat' dir='ltr'>dominum</span> <span class='ocrx_word' id='word_1_171' title='bbox 1440 1001 1514 1023; x_wconf 88' lang='lat' dir='ltr'>esse</span> <span class='ocrx_word' id='word_1_172' title='bbox 1532 990 1658 1023; x_wconf 90' lang='lat' dir='ltr'>Iesum.</span> <span class='ocrx_word' id='word_1_173' title='bbox 1688 990 1778 1034; x_wconf 84' lang='lat' dir='ltr'>Ergo</span> <span class='ocrx_word' id='word_1_174' title='bbox 1805 989 1864 1034; x_wconf 85' lang='lat' dir='ltr'>qui</span> 
     </span>
     <span class='ocr_line' id='line_1_16' title="bbox 179 1048 1864 1094; baseline -0.002 -11"><span class='ocrx_word' id='word_1_175' title='bbox 179 1050 301 1084; x_wconf 87' lang='lat' dir='ltr'>creatis</span> <span class='ocrx_word' id='word_1_176' title='bbox 325 1049 429 1083; x_wconf 89' lang='lat' dir='ltr'>rebus</span> <span class='ocrx_word' id='word_1_177' title='bbox 457 1054 707 1083; x_wconf 79' lang='lat' dir='ltr'>connumerant</span> <span class='ocrx_word' id='word_1_178' title='bbox 733 1048 834 1082; x_wconf 91' lang='lat' dir='ltr'>illum</span> <span class='ocrx_word' id='word_1_179' title='bbox 859 1048 926 1094; x_wconf 57' lang='lat' dir='ltr'>tl),</span> <span class='ocrx_word' id='word_1_180' title='bbox 956 1059 1018 1094; x_wconf 90' lang='lat' dir='ltr'>per</span> <span class='ocrx_word' id='word_1_181' title='bbox 1042 1059 1145 1094; x_wconf 91' lang='lat' dir='ltr'>quem</span> <span class='ocrx_word' id='word_1_182' title='bbox 1172 1048 1288 1081; x_wconf 87' lang='lat' dir='ltr'>omnia</span> <span class='ocrx_word' id='word_1_183' title='bbox 1314 1053 1426 1081; x_wconf 86' lang='lat' dir='ltr'>creata</span> <span class='ocrx_word' id='word_1_184' title='bbox 1453 1053 1552 1085; x_wconf 83' lang='lat' dir='ltr'>sunt,</span> <span class='ocrx_word' id='word_1_185' title='bbox 1579 1053 1695 1081; x_wconf 83' lang='lat' dir='ltr'>carent</span> <span class='ocrx_word' id='word_1_186' title='bbox 1722 1058 1864 1093; x_wconf 90' lang='lat' dir='ltr'>prorsus</span> 
     </span>
     <span class='ocr_line' id='line_1_17' title="bbox 179 1105 1865 1154; baseline -0.002 -13"><span class='ocrx_word' id='word_1_187' title='bbox 179 1108 307 1154; x_wconf 90' lang='lat' dir='ltr'>Spiritu</span> <span class='ocrx_word' id='word_1_188' title='bbox 334 1113 463 1141; x_wconf 86' lang='lat' dir='ltr'>sancto.</span> <span class='ocrx_word' id='word_1_189' title='bbox 493 1107 559 1147; x_wconf 87' lang='lat' dir='ltr'>Qui</span> <span class='ocrx_word' id='word_1_190' title='bbox 587 1112 701 1140; x_wconf 87' lang='lat' dir='ltr'>autem</span> <span class='ocrx_word' id='word_1_191' title='bbox 729 1107 785 1152; x_wconf 89' lang='lat' dir='ltr'>pie</span> <span class='ocrx_word' id='word_1_192' title='bbox 814 1106 963 1140; x_wconf 85' lang='lat' dir='ltr'>fatentur</span> <span class='ocrx_word' id='word_1_193' title='bbox 989 1107 1099 1140; x_wconf 91' lang='lat' dir='ltr'>Deum</span> <span class='ocrx_word' id='word_1_194' title='bbox 1126 1118 1199 1139; x_wconf 83' lang='lat' dir='ltr'>esse</span> <span class='ocrx_word' id='word_1_195' title='bbox 1225 1112 1258 1139; x_wconf 91' lang='lat' dir='ltr'>et</span> <span class='ocrx_word' id='word_1_196' title='bbox 1284 1106 1486 1145; x_wconf 89' lang='lat' dir='ltr'>dominum,</span> <span class='ocrx_word' id='word_1_197' title='bbox 1510 1118 1549 1140; x_wconf 76' lang='lat' dir='ltr'>ex</span> <span class='ocrx_word' id='word_1_198' title='bbox 1578 1105 1644 1139; x_wconf 84' lang='lat' dir='ltr'>hoc</span> <span class='ocrx_word' id='word_1_199' title='bbox 1672 1106 1746 1151; x_wconf 91' lang='lat' dir='ltr'>ipso</span> <span class='ocrx_word' id='word_1_200' title='bbox 1773 1106 1865 1138; x_wconf 87' lang='lat' dir='ltr'>testi-</span> 
     </span>
     <span class='ocr_line' id='line_1_18' title="bbox 181 1163 1865 1210; baseline -0.001 -12"><span class='ocrx_word' id='word_1_201' title='bbox 181 1166 335 1198; x_wconf 89' lang='lat' dir='ltr'>monium</span> <span class='ocrx_word' id='word_1_202' title='bbox 364 1164 532 1204; x_wconf 88' lang='lat' dir='ltr'>referent,</span> <span class='ocrx_word' id='word_1_203' title='bbox 560 1164 656 1210; x_wconf 92' lang='lat' dir='ltr'>quod</span> <span class='ocrx_word' id='word_1_204' title='bbox 684 1164 819 1198; x_wconf 89' lang='lat' dir='ltr'>divinae</span> <span class='ocrx_word' id='word_1_205' title='bbox 845 1165 1005 1198; x_wconf 76' lang='lat' dir='ltr'>scientiae</span> <span class='ocrx_word' id='word_1_206' title='bbox 1034 1165 1192 1198; x_wconf 86' lang='lat' dir='ltr'>notitiam</span> <span class='ocrx_word' id='word_1_207' title='bbox 1217 1175 1233 1197; x_wconf 83' lang='lat' dir='ltr'>a</span> <span class='ocrx_word' id='word_1_208' title='bbox 1259 1164 1387 1209; x_wconf 89' lang='lat' dir='ltr'>Spiritu</span> <span class='ocrx_word' id='word_1_209' title='bbox 1414 1163 1527 1198; x_wconf 86' lang='lat' dir='ltr'>edocti</span> <span class='ocrx_word' id='word_1_210' title='bbox 1550 1163 1688 1197; x_wconf 84' lang='lat' dir='ltr'>fuerint.</span> <span class='ocrx_word' id='word_1_211' title='bbox 1720 1163 1865 1208; x_wconf 87' lang='lat' dir='ltr'>Spiritus</span> 
     </span>
     <span class='ocr_line' id='line_1_19' title="bbox 180 1222 1862 1268; baseline -0.001 -12"><span class='ocrx_word' id='word_1_212' title='bbox 180 1224 272 1257; x_wconf 89' lang='lat' dir='ltr'>enim</span> <span class='ocrx_word' id='word_1_213' title='bbox 298 1224 415 1257; x_wconf 89' lang='lat' dir='ltr'>omnia</span> <span class='ocrx_word' id='word_1_214' title='bbox 433 1229 624 1261; x_wconf 87' lang='lat' dir='ltr'>scrutatur,</span> <span class='ocrx_word' id='word_1_215' title='bbox 645 1224 748 1257; x_wconf 88' lang='lat' dir='ltr'>etiam</span> <span class='ocrx_word' id='word_1_216' title='bbox 775 1222 950 1268; x_wconf 90' lang='lat' dir='ltr'>profunda</span> <span class='ocrx_word' id='word_1_217' title='bbox 975 1223 1050 1256; x_wconf 86' lang='lat' dir='ltr'>Dei.</span> <span class='ocrx_word' id='word_1_218' title='bbox 1080 1223 1188 1255; x_wconf 89' lang='lat' dir='ltr'>Porro</span> <span class='ocrx_word' id='word_1_219' title='bbox 1215 1223 1362 1267; x_wconf 84' lang='lat' dir='ltr'>Spiritus</span> <span class='ocrx_word' id='word_1_220' title='bbox 1382 1234 1588 1256; x_wconf 82' lang='lat' dir='ltr'>arcanorum</span> <span class='ocrx_word' id='word_1_221' title='bbox 1606 1222 1667 1255; x_wconf 90' lang='lat' dir='ltr'>Dei</span> <span class='ocrx_word' id='word_1_222' title='bbox 1687 1222 1862 1259; x_wconf 90' lang='lat' dir='ltr'>conscius,</span> 
     </span>
     <span class='ocr_line' id='line_1_20' title="bbox 181 1279 1863 1325; baseline -0.001 -11"><span class='ocrx_word' id='word_1_223' title='bbox 181 1293 220 1315; x_wconf 87' lang='lat' dir='ltr'>ea</span> <span class='ocrx_word' id='word_1_224' title='bbox 246 1287 443 1315; x_wconf 87' lang='lat' dir='ltr'>sanctorum</span> <span class='ocrx_word' id='word_1_225' title='bbox 464 1282 695 1315; x_wconf 83' lang='lat' dir='ltr'>communicat</span> <span class='ocrx_word' id='word_1_226' title='bbox 718 1280 919 1318; x_wconf 81' lang='lat' dir='ltr'>animabus,</span> <span class='ocrx_word' id='word_1_227' title='bbox 941 1281 1178 1325; x_wconf 85' lang='lat' dir='ltr'>sinceramque</span> <span class='ocrx_word' id='word_1_228' title='bbox 1205 1280 1244 1312; x_wconf 82' lang='lat' dir='ltr'>iis</span> <span class='ocrx_word' id='word_1_229' title='bbox 1269 1286 1301 1313; x_wconf 89' lang='lat' dir='ltr'>et</span> <span class='ocrx_word' id='word_1_230' title='bbox 1328 1279 1509 1313; x_wconf 88' lang='lat' dir='ltr'>indubiam</span> <span class='ocrx_word' id='word_1_231' title='bbox 1531 1281 1706 1313; x_wconf 88' lang='lat' dir='ltr'>scientiam</span> <span class='ocrx_word' id='word_1_232' title='bbox 1726 1280 1863 1325; x_wconf 83' lang='lat' dir='ltr'>ingerit.</span> 
     </span>
     <span class='ocr_line' id='line_1_21' title="bbox 181 1337 1867 1384; baseline -0.001 -12"><span class='ocrx_word' id='word_1_233' title='bbox 181 1340 241 1373; x_wconf 91' lang='lat' dir='ltr'>Rei</span> <span class='ocrx_word' id='word_1_234' title='bbox 262 1340 354 1372; x_wconf 92' lang='lat' dir='ltr'>testis</span> <span class='ocrx_word' id='word_1_235' title='bbox 373 1339 473 1372; x_wconf 85' lang='lat' dir='ltr'>divus</span> <span class='ocrx_word' id='word_1_236' title='bbox 492 1339 615 1373; x_wconf 89' lang='lat' dir='ltr'>Paulus</span> <span class='ocrx_word' id='word_1_237' title='bbox 634 1340 693 1384; x_wconf 89' lang='lat' dir='ltr'>qui</span> <span class='ocrx_word' id='word_1_238' title='bbox 714 1339 827 1372; x_wconf 88' lang='lat' dir='ltr'>addit:</span> <span class='ocrx_word' id='word_1_239' title='bbox 850 1338 1037 1371; x_wconf 90' lang='lat' dir='ltr'>divisiones</span> <span class='ocrx_word' id='word_1_240' title='bbox 1057 1338 1198 1382; x_wconf 86' lang='lat' dir='ltr'>quidem</span> <span class='ocrx_word' id='word_1_241' title='bbox 1219 1338 1407 1382; x_wconf 80' lang='lat' dir='ltr'>gratiarum</span> <span class='ocrx_word' id='word_1_242' title='bbox 1427 1345 1523 1377; x_wconf 84' lang='lat' dir='ltr'>sunt,</span> <span class='ocrx_word' id='word_1_243' title='bbox 1546 1338 1638 1371; x_wconf 81' lang='lat' dir='ltr'>idem</span> <span class='ocrx_word' id='word_1_244' title='bbox 1660 1345 1775 1371; x_wconf 84' lang='lat' dir='ltr'>tamen</span> <span class='ocrx_word' id='word_1_245' title='bbox 1794 1337 1867 1382; x_wconf 90' lang='lat' dir='ltr'>Spi-</span> 
     </span>
     <span class='ocr_line' id='line_1_22' title="bbox 181 1393 1865 1441; baseline -0.001 -12"><span class='ocrx_word' id='word_1_246' title='bbox 181 1397 284 1429; x_wconf 86' lang='lat' dir='ltr'>ritus:</span> <span class='ocrx_word' id='word_1_247' title='bbox 304 1403 338 1429; x_wconf 88' lang='lat' dir='ltr'>et</span> <span class='ocrx_word' id='word_1_248' title='bbox 356 1395 542 1429; x_wconf 75' lang='lat' dir='ltr'>divisiones</span> <span class='ocrx_word' id='word_1_249' title='bbox 561 1396 850 1432; x_wconf 83' lang='lat' dir='ltr'>ministeriorum,</span> <span class='ocrx_word' id='word_1_250' title='bbox 870 1393 930 1427; x_wconf 78' lang='lat' dir='ltr'>sed</span> <span class='ocrx_word' id='word_1_251' title='bbox 948 1393 1041 1427; x_wconf 85' lang='lat' dir='ltr'>idem</span> <span class='ocrx_word' id='word_1_252' title='bbox 1060 1393 1240 1427; x_wconf 86' lang='lat' dir='ltr'>domiuus:</span> <span class='ocrx_word' id='word_1_253' title='bbox 1259 1400 1291 1427; x_wconf 90' lang='lat' dir='ltr'>et</span> <span class='ocrx_word' id='word_1_254' title='bbox 1307 1394 1494 1428; x_wconf 72' lang='lat' dir='ltr'>divisiones</span> <span class='ocrx_word' id='word_1_255' title='bbox 1509 1396 1752 1441; x_wconf 85' lang='lat' dir='ltr'>operationum</span> <span class='ocrx_word' id='word_1_256' title='bbox 1768 1400 1865 1433; x_wconf 90' lang='lat' dir='ltr'>sunt,</span> 
     </span>
     <span class='ocr_line' id='line_1_23' title="bbox 181 1451 1867 1499; baseline -0.001 -13"><span class='ocrx_word' id='word_1_257' title='bbox 181 1454 241 1487; x_wconf 86' lang='lat' dir='ltr'>sed</span> <span class='ocrx_word' id='word_1_258' title='bbox 265 1453 360 1487; x_wconf 90' lang='lat' dir='ltr'>idem</span> <span class='ocrx_word' id='word_1_259' title='bbox 383 1453 474 1486; x_wconf 88' lang='lat' dir='ltr'>Deus</span> <span class='ocrx_word' id='word_1_260' title='bbox 493 1463 641 1498; x_wconf 85' lang='lat' dir='ltr'>operans</span> <span class='ocrx_word' id='word_1_261' title='bbox 665 1453 782 1485; x_wconf 88' lang='lat' dir='ltr'>omnia</span> <span class='ocrx_word' id='word_1_262' title='bbox 807 1452 844 1485; x_wconf 91' lang='lat' dir='ltr'>in</span> <span class='ocrx_word' id='word_1_263' title='bbox 863 1451 1038 1485; x_wconf 88' lang='lat' dir='ltr'>omnibus.</span> <span class='ocrx_word' id='word_1_264' title='bbox 1068 1452 1159 1485; x_wconf 83' lang='lat' dir='ltr'>Sicut</span> <span class='ocrx_word' id='word_1_265' title='bbox 1187 1452 1279 1485; x_wconf 90' lang='lat' dir='ltr'>enim</span> <span class='ocrx_word' id='word_1_266' title='bbox 1297 1453 1413 1497; x_wconf 89' lang='lat' dir='ltr'>quiin</span> <span class='ocrx_word' id='word_1_267' title='bbox 1431 1453 1564 1487; x_wconf 90' lang='lat' dir='ltr'>mundo</span> <span class='ocrx_word' id='word_1_268' title='bbox 1591 1453 1738 1499; x_wconf 88' lang='lat' dir='ltr'>publicis</span> <span class='ocrx_word' id='word_1_269' title='bbox 1764 1451 1867 1487; x_wconf 90' lang='lat' dir='ltr'>rebus</span> 
     </span>
     <span class='ocr_line' id='line_1_24' title="bbox 181 1509 1869 1557; baseline 0.001 -13"><span class='ocrx_word' id='word_1_270' title='bbox 181 1511 378 1557; x_wconf 88' lang='lat' dir='ltr'>potiuntur,</span> <span class='ocrx_word' id='word_1_271' title='bbox 400 1516 433 1544; x_wconf 89' lang='lat' dir='ltr'>et</span> <span class='ocrx_word' id='word_1_272' title='bbox 460 1511 557 1556; x_wconf 83' lang='lat' dir='ltr'>regni</span> <span class='ocrx_word' id='word_1_273' title='bbox 585 1509 731 1543; x_wconf 88' lang='lat' dir='ltr'>thronos</span> <span class='ocrx_word' id='word_1_274' title='bbox 758 1515 946 1555; x_wconf 83' lang='lat' dir='ltr'>occupant,</span> <span class='ocrx_word' id='word_1_275' title='bbox 975 1509 1169 1555; x_wconf 83' lang='lat' dir='ltr'>honoribus</span> <span class='ocrx_word' id='word_1_276' title='bbox 1193 1511 1296 1544; x_wconf 86' lang='lat' dir='ltr'>variis</span> <span class='ocrx_word' id='word_1_277' title='bbox 1322 1510 1485 1544; x_wconf 91' lang='lat' dir='ltr'>meliores</span> <span class='ocrx_word' id='word_1_278' title='bbox 1510 1522 1667 1557; x_wconf 87' lang='lat' dir='ltr'>quosque</span> <span class='ocrx_word' id='word_1_279' title='bbox 1695 1511 1738 1545; x_wconf 90' lang='lat' dir='ltr'>de</span> <span class='ocrx_word' id='word_1_280' title='bbox 1765 1512 1869 1557; x_wconf 87' lang='lat' dir='ltr'>stipa-</span> 
     </span>
     <span class='ocr_line' id='line_1_25' title="bbox 180 1565 1868 1614; baseline -0.001 -13"><span class='ocrx_word' id='word_1_281' title='bbox 180 1566 314 1602; x_wconf 88' lang='lat' dir='ltr'>toribus</span> <span class='ocrx_word' id='word_1_282' title='bbox 334 1568 402 1601; x_wconf 89' lang='lat' dir='ltr'>suis</span> <span class='ocrx_word' id='word_1_283' title='bbox 421 1573 563 1606; x_wconf 84' lang='lat' dir='ltr'>ornant,</span> <span class='ocrx_word' id='word_1_284' title='bbox 585 1568 632 1601; x_wconf 88' lang='lat' dir='ltr'>ita</span> <span class='ocrx_word' id='word_1_285' title='bbox 657 1572 772 1601; x_wconf 83' lang='lat' dir='ltr'>sancta</span> <span class='ocrx_word' id='word_1_286' title='bbox 793 1573 826 1601; x_wconf 90' lang='lat' dir='ltr'>et</span> <span class='ocrx_word' id='word_1_287' title='bbox 845 1565 1148 1601; x_wconf 86' lang='lat' dir='ltr'>consubstantialis</span> <span class='ocrx_word' id='word_1_288' title='bbox 1166 1568 1329 1606; x_wconf 81' lang='lat' dir='ltr'>Trinitas,</span> <span class='ocrx_word' id='word_1_289' title='bbox 1350 1567 1404 1601; x_wconf 91' lang='lat' dir='ltr'>his</span> <span class='ocrx_word' id='word_1_290' title='bbox 1429 1568 1488 1613; x_wconf 85' lang='lat' dir='ltr'>qui</span> <span class='ocrx_word' id='word_1_291' title='bbox 1515 1580 1598 1602; x_wconf 90' lang='lat' dir='ltr'>sano</span> <span class='ocrx_word' id='word_1_292' title='bbox 1624 1568 1729 1602; x_wconf 90' lang='lat' dir='ltr'>corde</span> <span class='ocrx_word' id='word_1_293' title='bbox 1755 1567 1868 1614; x_wconf 87' lang='lat' dir='ltr'>perfe-</span> 
     </span>
     <span class='ocr_line' id='line_1_26' title="bbox 180 1623 1869 1672; baseline -0.001 -12"><span class='ocrx_word' id='word_1_294' title='bbox 180 1632 302 1671; x_wconf 89' lang='lat' dir='ltr'>ctaque</span> <span class='ocrx_word' id='word_1_295' title='bbox 322 1631 437 1659; x_wconf 88' lang='lat' dir='ltr'>mente</span> <span class='ocrx_word' id='word_1_296' title='bbox 456 1637 532 1660; x_wconf 91' lang='lat' dir='ltr'>eam</span> <span class='ocrx_word' id='word_1_297' title='bbox 548 1625 715 1671; x_wconf 85' lang='lat' dir='ltr'>diligunt,</span> <span class='ocrx_word' id='word_1_298' title='bbox 732 1625 879 1670; x_wconf 82' lang='lat' dir='ltr'>largitur</span> <span class='ocrx_word' id='word_1_299' title='bbox 899 1623 1044 1659; x_wconf 88' lang='lat' dir='ltr'>uberem</span> <span class='ocrx_word' id='word_1_300' title='bbox 1064 1636 1298 1671; x_wconf 85' lang='lat' dir='ltr'>supernorum</span> <span class='ocrx_word' id='word_1_301' title='bbox 1312 1624 1489 1660; x_wconf 87' lang='lat' dir='ltr'>bonorum</span> <span class='ocrx_word' id='word_1_302' title='bbox 1509 1628 1661 1672; x_wconf 89' lang='lat' dir='ltr'>copiam,</span> <span class='ocrx_word' id='word_1_303' title='bbox 1680 1638 1742 1672; x_wconf 89' lang='lat' dir='ltr'>per</span> <span class='ocrx_word' id='word_1_304' title='bbox 1760 1637 1869 1660; x_wconf 90' lang='lat' dir='ltr'>unum</span> 
     </span>
     <span class='ocr_line' id='line_1_27' title="bbox 180 1682 1868 1731; baseline 0.001 -15"><span class='ocrx_word' id='word_1_305' title='bbox 180 1683 362 1729; x_wconf 87' lang='lat' dir='ltr'>Spiritum,</span> <span class='ocrx_word' id='word_1_306' title='bbox 385 1695 447 1717; x_wconf 88' lang='lat' dir='ltr'>ceu</span> <span class='ocrx_word' id='word_1_307' title='bbox 473 1695 536 1730; x_wconf 88' lang='lat' dir='ltr'>per</span> <span class='ocrx_word' id='word_1_308' title='bbox 554 1682 746 1722; x_wconf 86' lang='lat' dir='ltr'>Christum,</span> <span class='ocrx_word' id='word_1_309' title='bbox 769 1689 866 1729; x_wconf 88' lang='lat' dir='ltr'>patre</span> <span class='ocrx_word' id='word_1_310' title='bbox 887 1682 1062 1717; x_wconf 88' lang='lat' dir='ltr'>donorum</span> <span class='ocrx_word' id='word_1_311' title='bbox 1083 1689 1235 1717; x_wconf 84' lang='lat' dir='ltr'>auctore.</span> <span class='ocrx_word' id='word_1_312' title='bbox 1260 1684 1388 1718; x_wconf 90' lang='lat' dir='ltr'>Cuncta</span> <span class='ocrx_word' id='word_1_313' title='bbox 1407 1684 1499 1718; x_wconf 88' lang='lat' dir='ltr'>enim</span> <span class='ocrx_word' id='word_1_314' title='bbox 1521 1696 1538 1718; x_wconf 87' lang='lat' dir='ltr'>a</span> <span class='ocrx_word' id='word_1_315' title='bbox 1558 1690 1654 1731; x_wconf 90' lang='lat' dir='ltr'>patre</span> <span class='ocrx_word' id='word_1_316' title='bbox 1676 1696 1739 1730; x_wconf 84' lang='lat' dir='ltr'>per</span> <span class='ocrx_word' id='word_1_317' title='bbox 1756 1683 1868 1717; x_wconf 83' lang='lat' dir='ltr'>filium</span> 
     </span>
     <span class='ocr_line' id='line_1_28' title="bbox 181 1742 384 1788; baseline 0 -13"><span class='ocrx_word' id='word_1_318' title='bbox 181 1743 216 1775; x_wconf 92' lang='lat' dir='ltr'>in</span> <span class='ocrx_word' id='word_1_319' title='bbox 243 1742 384 1788; x_wconf 87' lang='lat' dir='ltr'>Spiritu.</span> 
     </span>
    </p>
   </div>
   <div class='ocr_carea' id='block_1_3' title="bbox 326 1815 1729 1889">
    <p class='ocr_par' dir='ltr' id='par_1_5' title="bbox 326 1815 1729 1889">
     <span class='ocr_line' id='line_1_29' title="bbox 326 1815 1729 1845; baseline 0.001 -6"><span class='ocrx_word' id='word_1_320' title='bbox 326 1817 504 1844; x_wconf 74' lang='lat' dir='ltr'>tuicuique</span> <span class='ocrx_word' id='word_1_321' title='bbox 520 1815 616 1839; x_wconf 75' lang='lat' dir='ltr'>datur</span> <span class='ocrx_word' id='word_1_322' title='bbox 632 1818 848 1840; x_wconf 75' lang='lat' dir='ltr'>manifestatio</span> <span class='ocrx_word' id='word_1_323' title='bbox 864 1818 997 1844; x_wconf 78' lang='lat' dir='ltr'>spiritus</span> <span class='ocrx_word' id='word_1_324' title='bbox 1014 1818 1053 1840; x_wconf 80' lang='lat' dir='ltr'>ad</span> <span class='ocrx_word' id='word_1_325' title='bbox 1071 1818 1256 1841; x_wconf 73' lang='lat' dir='ltr'>utilitatem.</span> <span class='ocrx_word' id='word_1_326' title='bbox 1272 1817 1340 1841; x_wconf 67' lang='lat' dir='ltr'>Alii</span> <span class='ocrx_word' id='word_1_327' title='bbox 1357 1818 1483 1845; x_wconf 77' lang='lat' dir='ltr'>quidem</span> <span class='ocrx_word' id='word_1_328' title='bbox 1499 1825 1554 1845; x_wconf 68' lang='lat' dir='ltr'>pen·</span> <span class='ocrx_word' id='word_1_329' title='bbox 1571 1818 1729 1845; x_wconf 71' lang='lat' dir='ltr'>spiritum</span> 
     </span>
     <span class='ocr_line' id='line_1_30' title="bbox 785 1862 1265 1889; baseline 0 -5"><span class='ocrx_word' id='word_1_330' title='bbox 785 1862 881 1884; x_wconf 77' lang='lat' dir='ltr'>(latur</span> <span class='ocrx_word' id='word_1_331' title='bbox 897 1868 998 1885; x_wconf 76' lang='lat' dir='ltr'>sermo</span> <span class='ocrx_word' id='word_1_332' title='bbox 1015 1862 1190 1889; x_wconf 69' lang='lat' dir='ltr'>sapientiae</span> <span class='ocrx_word' id='word_1_333' title='bbox 1207 1864 1265 1885; x_wconf 80' lang='lat' dir='ltr'>etc.</span> 
     </span>
    </p>
   </div>
   <div class='ocr_carea' id='block_1_4' title="bbox 182 1915 1877 2802">
    <p class='ocr_par' dir='ltr' id='par_1_6' title="bbox 182 1915 1877 2713">
     <span class='ocr_line' id='line_1_31' title="bbox 278 1915 1872 1964; baseline 0.003 -16"><span class='ocrx_word' id='word_1_334' title='bbox 278 1916 379 1949; x_wconf 76' lang='lat' dir='ltr'>Novit</span> <span class='ocrx_word' id='word_1_335' title='bbox 399 1916 492 1948; x_wconf 89' lang='lat' dir='ltr'>enim</span> <span class='ocrx_word' id='word_1_336' title='bbox 513 1916 626 1954; x_wconf 84' lang='lat' dir='ltr'>novit,</span> <span class='ocrx_word' id='word_1_337' title='bbox 644 1916 802 1961; x_wconf 82' lang='lat' dir='ltr'>inquam,</span> <span class='ocrx_word' id='word_1_338' title='bbox 820 1921 979 1962; x_wconf 87' lang='lat' dir='ltr'>tempora</span> <span class='ocrx_word' id='word_1_339' title='bbox 998 1916 1141 1962; x_wconf 82' lang='lat' dir='ltr'>siugulis</span> <span class='ocrx_word' id='word_1_340' title='bbox 1160 1915 1265 1950; x_wconf 91' lang='lat' dir='ltr'>rebus</span> <span class='ocrx_word' id='word_1_341' title='bbox 1284 1928 1372 1961; x_wconf 86' lang='lat' dir='ltr'>quae</span> <span class='ocrx_word' id='word_1_342' title='bbox 1391 1927 1409 1950; x_wconf 83' lang='lat' dir='ltr'>a</span> <span class='ocrx_word' id='word_1_343' title='bbox 1427 1928 1462 1950; x_wconf 86' lang='lat' dir='ltr'>se</span> <span class='ocrx_word' id='word_1_344' title='bbox 1482 1916 1566 1950; x_wconf 79' lang='lat' dir='ltr'>fiunt</span> <span class='ocrx_word' id='word_1_345' title='bbox 1587 1917 1710 1952; x_wconf 87' lang='lat' dir='ltr'>idonea</span> <span class='ocrx_word' id='word_1_346' title='bbox 1725 1931 1732 1956; x_wconf 89' lang='lat'>;</span> <span class='ocrx_word' id='word_1_347' title='bbox 1747 1919 1783 1951; x_wconf 93' lang='lat' dir='ltr'>in</span> <span class='ocrx_word' id='word_1_348' title='bbox 1801 1929 1872 1964; x_wconf 90' lang='lat' dir='ltr'>quo</span> 
     </span>
     <span class='ocr_line' id='line_1_32' title="bbox 182 1973 1869 2020; baseline 0.002 -14"><span class='ocrx_word' id='word_1_349' title='bbox 182 1979 261 2007; x_wconf 86' lang='lat' dir='ltr'>sunt</span> <span class='ocrx_word' id='word_1_350' title='bbox 281 1985 401 2007; x_wconf 87' lang='lat' dir='ltr'>omnes</span> <span class='ocrx_word' id='word_1_351' title='bbox 423 1973 574 2007; x_wconf 85' lang='lat' dir='ltr'>thesauri</span> <span class='ocrx_word' id='word_1_352' title='bbox 597 1974 784 2020; x_wconf 83' lang='lat' dir='ltr'>sapientiae</span> <span class='ocrx_word' id='word_1_353' title='bbox 803 1980 835 2007; x_wconf 91' lang='lat' dir='ltr'>et</span> <span class='ocrx_word' id='word_1_354' title='bbox 854 1974 1014 2008; x_wconf 89' lang='lat' dir='ltr'>scientiae</span> <span class='ocrx_word' id='word_1_355' title='bbox 1035 1973 1247 2012; x_wconf 86' lang='lat' dir='ltr'>absconditi,</span> <span class='ocrx_word' id='word_1_356' title='bbox 1270 1975 1369 2008; x_wconf 90' lang='lat' dir='ltr'>sicuti</span> <span class='ocrx_word' id='word_1_357' title='bbox 1389 1976 1555 2020; x_wconf 90' lang='lat' dir='ltr'>scriptum</span> <span class='ocrx_word' id='word_1_358' title='bbox 1577 1981 1626 2009; x_wconf 84' lang='lat' dir='ltr'>est</span> <span class='ocrx_word' id='word_1_359' title='bbox 1648 1976 1670 2009; x_wconf 89' lang='lat'>&#39;.</span> <span class='ocrx_word' id='word_1_360' title='bbox 1693 1976 1869 2016; x_wconf 86' lang='lat' dir='ltr'>Quaenam</span> 
     </span>
     <span class='ocr_line' id='line_1_33' title="bbox 182 2032 1871 2079; baseline 0.002 -15"><span class='ocrx_word' id='word_1_361' title='bbox 182 2043 267 2066; x_wconf 87' lang='lat' dir='ltr'>vero</span> <span class='ocrx_word' id='word_1_362' title='bbox 286 2032 351 2065; x_wconf 89' lang='lat' dir='ltr'>sint</span> <span class='ocrx_word' id='word_1_363' title='bbox 372 2033 517 2077; x_wconf 85' lang='lat' dir='ltr'>gratiae,</span> <span class='ocrx_word' id='word_1_364' title='bbox 539 2038 572 2065; x_wconf 90' lang='lat' dir='ltr'>et</span> <span class='ocrx_word' id='word_1_365' title='bbox 590 2044 678 2078; x_wconf 88' lang='lat' dir='ltr'>quae</span> <span class='ocrx_word' id='word_1_366' title='bbox 698 2032 977 2071; x_wconf 87' lang='lat' dir='ltr'>distributiones,</span> <span class='ocrx_word' id='word_1_367' title='bbox 999 2044 1087 2078; x_wconf 88' lang='lat' dir='ltr'>quae</span> <span class='ocrx_word' id='word_1_368' title='bbox 1106 2032 1247 2066; x_wconf 89' lang='lat' dir='ltr'>demum</span> <span class='ocrx_word' id='word_1_369' title='bbox 1266 2033 1434 2067; x_wconf 88' lang='lat' dir='ltr'>virtutum</span> <span class='ocrx_word' id='word_1_370' title='bbox 1454 2035 1692 2079; x_wconf 83' lang='lat' dir='ltr'>operationes.</span> <span class='ocrx_word' id='word_1_371' title='bbox 1715 2034 1871 2068; x_wconf 86' lang='lat' dir='ltr'>enucleat</span> 
     </span>
     <span class='ocr_line' id='line_1_34' title="bbox 183 2089 1871 2137; baseline 0.002 -15"><span class='ocrx_word' id='word_1_372' title='bbox 183 2089 319 2123; x_wconf 89' lang='lat' dir='ltr'>dicens:</span> <span class='ocrx_word' id='word_1_373' title='bbox 343 2089 400 2123; x_wconf 91' lang='lat' dir='ltr'>alii</span> <span class='ocrx_word' id='word_1_374' title='bbox 425 2090 517 2123; x_wconf 89' lang='lat' dir='ltr'>enim</span> <span class='ocrx_word' id='word_1_375' title='bbox 541 2101 603 2135; x_wconf 78' lang='lat' dir='ltr'>per</span> <span class='ocrx_word' id='word_1_376' title='bbox 631 2090 797 2135; x_wconf 82' lang='lat' dir='ltr'>Spiritum</span> <span class='ocrx_word' id='word_1_377' title='bbox 823 2089 926 2124; x_wconf 86' lang='lat' dir='ltr'>datur</span> <span class='ocrx_word' id='word_1_378' title='bbox 946 2102 1061 2124; x_wconf 88' lang='lat' dir='ltr'>sermo</span> <span class='ocrx_word' id='word_1_379' title='bbox 1080 2092 1279 2136; x_wconf 83' lang='lat' dir='ltr'>sapientiae.</span> <span class='ocrx_word' id='word_1_380' title='bbox 1310 2092 1418 2125; x_wconf 82' lang='lat' dir='ltr'>Porro</span> <span class='ocrx_word' id='word_1_381' title='bbox 1444 2093 1631 2137; x_wconf 88' lang='lat' dir='ltr'>sapientiae</span> <span class='ocrx_word' id='word_1_382' title='bbox 1658 2104 1790 2131; x_wconf 90' lang='lat' dir='ltr'>sermo,</span> <span class='ocrx_word' id='word_1_383' title='bbox 1811 2092 1871 2126; x_wconf 93' lang='lat' dir='ltr'>ille</span> 
     </span>
     <span class='ocr_line' id='line_1_35' title="bbox 184 2147 1872 2194; baseline 0.002 -14"><span class='ocrx_word' id='word_1_384' title='bbox 184 2147 269 2181; x_wconf 84' lang='lat' dir='ltr'>mihi</span> <span class='ocrx_word' id='word_1_385' title='bbox 287 2147 445 2186; x_wconf 86' lang='lat' dir='ltr'>videtur,</span> <span class='ocrx_word' id='word_1_386' title='bbox 467 2149 527 2193; x_wconf 87' lang='lat' dir='ltr'>qui</span> <span class='ocrx_word' id='word_1_387' title='bbox 555 2149 701 2194; x_wconf 87' lang='lat' dir='ltr'>pertinet</span> <span class='ocrx_word' id='word_1_388' title='bbox 724 2148 766 2182; x_wconf 82' lang='lat' dir='ltr'>ad</span> <span class='ocrx_word' id='word_1_389' title='bbox 786 2149 856 2182; x_wconf 91' lang='lat' dir='ltr'>oris</span> <span class='ocrx_word' id='word_1_390' title='bbox 883 2148 1078 2182; x_wconf 79' lang='lat' dir='ltr'>facundiam</span> <span class='ocrx_word' id='word_1_391' title='bbox 1105 2149 1241 2182; x_wconf 85' lang='lat' dir='ltr'>facilem</span> <span class='ocrx_word' id='word_1_392' title='bbox 1266 2155 1299 2182; x_wconf 87' lang='lat' dir='ltr'>et</span> <span class='ocrx_word' id='word_1_393' title='bbox 1319 2150 1508 2194; x_wconf 84' lang='lat' dir='ltr'>copiosam.</span> <span class='ocrx_word' id='word_1_394' title='bbox 1538 2149 1604 2183; x_wconf 76' lang='lat' dir='ltr'>Alii</span> <span class='ocrx_word' id='word_1_395' title='bbox 1625 2156 1739 2184; x_wconf 89' lang='lat' dir='ltr'>autem</span> <span class='ocrx_word' id='word_1_396' title='bbox 1758 2161 1872 2184; x_wconf 86' lang='lat' dir='ltr'>sermo</span> 
     </span>
     <span class='ocr_line' id='line_1_36' title="bbox 186 2206 1873 2255; baseline 0.001 -17"><span class='ocrx_word' id='word_1_397' title='bbox 186 2206 362 2255; x_wconf 78' lang='lat' dir='ltr'>scientiae:</span> <span class='ocrx_word' id='word_1_398' title='bbox 386 2212 464 2239; x_wconf 90' lang='lat' dir='ltr'>sunt</span> <span class='ocrx_word' id='word_1_399' title='bbox 490 2207 582 2239; x_wconf 90' lang='lat' dir='ltr'>enim</span> <span class='ocrx_word' id='word_1_400' title='bbox 603 2207 692 2239; x_wconf 83' lang='lat' dir='ltr'>inter</span> <span class='ocrx_word' id='word_1_401' title='bbox 714 2218 777 2240; x_wconf 91' lang='lat' dir='ltr'>nos</span> <span class='ocrx_word' id='word_1_402' title='bbox 796 2206 976 2245; x_wconf 90' lang='lat' dir='ltr'>nonnulli,</span> <span class='ocrx_word' id='word_1_403' title='bbox 998 2207 1057 2252; x_wconf 91' lang='lat' dir='ltr'>qui</span> <span class='ocrx_word' id='word_1_404' title='bbox 1083 2206 1222 2240; x_wconf 86' lang='lat' dir='ltr'>dicendi</span> <span class='ocrx_word' id='word_1_405' title='bbox 1247 2207 1405 2241; x_wconf 82' lang='lat' dir='ltr'>facundia</span> <span class='ocrx_word' id='word_1_406' title='bbox 1426 2214 1562 2245; x_wconf 85' lang='lat' dir='ltr'>carent,</span> <span class='ocrx_word' id='word_1_407' title='bbox 1584 2219 1695 2253; x_wconf 82' lang='lat' dir='ltr'>neque</span> <span class='ocrx_word' id='word_1_408' title='bbox 1715 2208 1873 2253; x_wconf 74' lang='lat' dir='ltr'>expedite</span> 
     </span>
     <span class='ocr_line' id='line_1_37' title="bbox 187 2259 1874 2311; baseline 0.002 -16"><span class='ocrx_word' id='word_1_409' title='bbox 187 2262 308 2296; x_wconf 89' lang='lat' dir='ltr'>orandi</span> <span class='ocrx_word' id='word_1_410' title='bbox 334 2262 494 2297; x_wconf 85' lang='lat' dir='ltr'>fiduciam</span> <span class='ocrx_word' id='word_1_411' title='bbox 515 2259 660 2302; x_wconf 86' lang='lat' dir='ltr'>habent,</span> <span class='ocrx_word' id='word_1_412' title='bbox 683 2270 715 2298; x_wconf 89' lang='lat' dir='ltr'>et</span> <span class='ocrx_word' id='word_1_413' title='bbox 735 2264 962 2298; x_wconf 90' lang='lat' dir='ltr'>nihilominus</span> <span class='ocrx_word' id='word_1_414' title='bbox 987 2264 1161 2311; x_wconf 79' lang='lat' dir='ltr'>profunda</span> <span class='ocrx_word' id='word_1_415' title='bbox 1182 2266 1323 2299; x_wconf 87' lang='lat' dir='ltr'>scicntia</span> <span class='ocrx_word' id='word_1_416' title='bbox 1343 2266 1494 2311; x_wconf 80' lang='lat' dir='ltr'>pollent,</span> <span class='ocrx_word' id='word_1_417' title='bbox 1517 2273 1551 2299; x_wconf 87' lang='lat' dir='ltr'>et</span> <span class='ocrx_word' id='word_1_418' title='bbox 1570 2267 1604 2300; x_wconf 92' lang='lat' dir='ltr'>in</span> <span class='ocrx_word' id='word_1_419' title='bbox 1624 2267 1727 2299; x_wconf 85' lang='lat' dir='ltr'>sacris</span> <span class='ocrx_word' id='word_1_420' title='bbox 1751 2266 1874 2300; x_wconf 89' lang='lat' dir='ltr'>litteris</span> 
     </span>
     <span class='ocr_line' id='line_1_38' title="bbox 187 2321 1874 2369; baseline 0.002 -17"><span class='ocrx_word' id='word_1_421' title='bbox 187 2326 367 2354; x_wconf 68' lang='lat' dir='ltr'>versantur</span> <span class='ocrx_word' id='word_1_422' title='bbox 391 2321 712 2367; x_wconf 82' lang='lat' dir='ltr'>intelligentissime.</span> <span class='ocrx_word' id='word_1_423' title='bbox 742 2323 853 2368; x_wconf 76' lang='lat' dir='ltr'>Atque</span> <span class='ocrx_word' id='word_1_424' title='bbox 874 2324 920 2357; x_wconf 90' lang='lat' dir='ltr'>ita</span> <span class='ocrx_word' id='word_1_425' title='bbox 945 2335 980 2357; x_wconf 88' lang='lat' dir='ltr'>se</span> <span class='ocrx_word' id='word_1_426' title='bbox 1000 2323 1103 2357; x_wconf 84' lang='lat' dir='ltr'>habet</span> <span class='ocrx_word' id='word_1_427' title='bbox 1123 2324 1227 2357; x_wconf 86' lang='lat' dir='ltr'>etiam</span> <span class='ocrx_word' id='word_1_428' title='bbox 1253 2335 1400 2369; x_wconf 68' lang='lat' dir='ltr'>sequens</span> <span class='ocrx_word' id='word_1_429' title='bbox 1419 2335 1550 2358; x_wconf 81' lang='lat' dir='ltr'>sermo:</span> <span class='ocrx_word' id='word_1_430' title='bbox 1572 2323 1762 2357; x_wconf 87' lang='lat' dir='ltr'>secundum</span> <span class='ocrx_word' id='word_1_431' title='bbox 1789 2335 1874 2357; x_wconf 87' lang='lat' dir='ltr'>eun-</span> 
     </span>
     <span class='ocr_line' id='line_1_39' title="bbox 187 2378 1875 2428; baseline 0.003 -18"><span class='ocrx_word' id='word_1_432' title='bbox 187 2378 268 2412; x_wconf 87' lang='lat' dir='ltr'>dem</span> <span class='ocrx_word' id='word_1_433' title='bbox 293 2379 458 2424; x_wconf 86' lang='lat' dir='ltr'>Spiritum</span> <span class='ocrx_word' id='word_1_434' title='bbox 486 2381 525 2413; x_wconf 89' lang='lat' dir='ltr'>iis</span> <span class='ocrx_word' id='word_1_435' title='bbox 545 2382 604 2425; x_wconf 92' lang='lat' dir='ltr'>qui</span> <span class='ocrx_word' id='word_1_436' title='bbox 629 2382 783 2427; x_wconf 80' lang='lat' dir='ltr'>accipere</span> <span class='ocrx_word' id='word_1_437' title='bbox 809 2382 904 2427; x_wconf 78' lang='lat' dir='ltr'>digni</span> <span class='ocrx_word' id='word_1_438' title='bbox 925 2387 1023 2421; x_wconf 87' lang='lat' dir='ltr'>sunt,</span> <span class='ocrx_word' id='word_1_439' title='bbox 1047 2381 1149 2415; x_wconf 85' lang='lat' dir='ltr'>datur</span> <span class='ocrx_word' id='word_1_440' title='bbox 1177 2394 1195 2416; x_wconf 86' lang='lat' dir='ltr'>a</span> <span class='ocrx_word' id='word_1_441' title='bbox 1222 2388 1320 2428; x_wconf 89' lang='lat' dir='ltr'>patre</span> <span class='ocrx_word' id='word_1_442' title='bbox 1347 2394 1409 2428; x_wconf 91' lang='lat' dir='ltr'>per</span> <span class='ocrx_word' id='word_1_443' title='bbox 1432 2382 1561 2419; x_wconf 77' lang='lat' dir='ltr'>filium,</span> <span class='ocrx_word' id='word_1_444' title='bbox 1581 2382 1640 2426; x_wconf 83' lang='lat' dir='ltr'>qui</span> <span class='ocrx_word' id='word_1_445' title='bbox 1667 2380 1875 2415; x_wconf 79' lang='lat' dir='ltr'>distribuere</span> 
     </span>
     <span class='ocr_line' id='line_1_40' title="bbox 188 2437 1876 2486; baseline 0.003 -18"><span class='ocrx_word' id='word_1_446' title='bbox 188 2437 250 2470; x_wconf 84' lang='lat' dir='ltr'>scit</span> <span class='ocrx_word' id='word_1_447' title='bbox 268 2437 467 2470; x_wconf 86' lang='lat' dir='ltr'>ministeria.</span> <span class='ocrx_word' id='word_1_448' title='bbox 498 2438 593 2472; x_wconf 74' lang='lat' dir='ltr'>Alios</span> <span class='ocrx_word' id='word_1_449' title='bbox 616 2440 709 2473; x_wconf 86' lang='lat' dir='ltr'>enim</span> <span class='ocrx_word' id='word_1_450' title='bbox 729 2447 926 2474; x_wconf 88' lang='lat' dir='ltr'>sanctorum</span> <span class='ocrx_word' id='word_1_451' title='bbox 948 2440 1188 2486; x_wconf 89' lang='lat' dir='ltr'>apostolorum</span> <span class='ocrx_word' id='word_1_452' title='bbox 1211 2440 1410 2486; x_wconf 82' lang='lat' dir='ltr'>praedicare</span> <span class='ocrx_word' id='word_1_453' title='bbox 1432 2441 1526 2473; x_wconf 88' lang='lat' dir='ltr'>iussit</span> <span class='ocrx_word' id='word_1_454' title='bbox 1549 2441 1694 2485; x_wconf 85' lang='lat' dir='ltr'>posteris</span> <span class='ocrx_word' id='word_1_455' title='bbox 1714 2439 1876 2473; x_wconf 76' lang='lat' dir='ltr'>israhelis</span> 
     </span>
     <span class='ocr_line' id='line_1_41' title="bbox 188 2493 1875 2543; baseline 0.002 -17"><span class='ocrx_word' id='word_1_456' title='bbox 188 2493 269 2527; x_wconf 78' lang='lat' dir='ltr'>fidei</span> <span class='ocrx_word' id='word_1_457' title='bbox 296 2493 463 2531; x_wconf 80' lang='lat' dir='ltr'>verbum,</span> <span class='ocrx_word' id='word_1_458' title='bbox 489 2496 562 2529; x_wconf 84' lang='lat' dir='ltr'>aliis</span> <span class='ocrx_word' id='word_1_459' title='bbox 589 2496 807 2532; x_wconf 83' lang='lat' dir='ltr'>ethnicorum</span> <span class='ocrx_word' id='word_1_460' title='bbox 834 2498 1026 2543; x_wconf 73' lang='lat' dir='ltr'>adsignavit</span> <span class='ocrx_word' id='word_1_461' title='bbox 1054 2499 1232 2543; x_wconf 79' lang='lat' dir='ltr'>regiones:</span> <span class='ocrx_word' id='word_1_462' title='bbox 1261 2498 1364 2543; x_wconf 87' lang='lat' dir='ltr'>idque</span> <span class='ocrx_word' id='word_1_463' title='bbox 1391 2497 1501 2531; x_wconf 75' lang='lat' dir='ltr'>effecit</span> <span class='ocrx_word' id='word_1_464' title='bbox 1531 2509 1591 2542; x_wconf 88' lang='lat' dir='ltr'>per</span> <span class='ocrx_word' id='word_1_465' title='bbox 1618 2502 1772 2531; x_wconf 82' lang='lat' dir='ltr'>sanctum</span> <span class='ocrx_word' id='word_1_466' title='bbox 1799 2498 1875 2542; x_wconf 87' lang='lat' dir='ltr'>Spi-</span> 
     </span>
     <span class='ocr_line' id='line_1_42' title="bbox 191 2552 1877 2602; baseline 0.003 -18"><span class='ocrx_word' id='word_1_467' title='bbox 191 2553 306 2585; x_wconf 88' lang='lat' dir='ltr'>ritum.</span> <span class='ocrx_word' id='word_1_468' title='bbox 334 2553 373 2585; x_wconf 88' lang='lat' dir='ltr'>Et</span> <span class='ocrx_word' id='word_1_469' title='bbox 399 2552 541 2597; x_wconf 82' lang='lat' dir='ltr'>quidem</span> <span class='ocrx_word' id='word_1_470' title='bbox 561 2554 595 2586; x_wconf 87' lang='lat' dir='ltr'>in</span> <span class='ocrx_word' id='word_1_471' title='bbox 615 2554 746 2588; x_wconf 87' lang='lat' dir='ltr'>actibus</span> <span class='ocrx_word' id='word_1_472' title='bbox 772 2556 1013 2601; x_wconf 86' lang='lat' dir='ltr'>apostolorum</span> <span class='ocrx_word' id='word_1_473' title='bbox 1037 2557 1203 2602; x_wconf 81' lang='lat' dir='ltr'>scriptum</span> <span class='ocrx_word' id='word_1_474' title='bbox 1224 2556 1455 2601; x_wconf 80' lang='lat' dir='ltr'>reperiemus,</span> <span class='ocrx_word' id='word_1_475' title='bbox 1479 2555 1573 2600; x_wconf 87' lang='lat' dir='ltr'>quod</span> <span class='ocrx_word' id='word_1_476' title='bbox 1600 2554 1877 2589; x_wconf 84' lang='lat' dir='ltr'>ministrantibus</span> 
     </span>
     <span class='ocr_line' id='line_1_43' title="bbox 189 2610 1873 2659; baseline 0.002 -17"><span class='ocrx_word' id='word_1_477' title='bbox 189 2610 272 2655; x_wconf 85' lang='lat' dir='ltr'>ipsis</span> <span class='ocrx_word' id='word_1_478' title='bbox 295 2610 444 2643; x_wconf 85' lang='lat' dir='ltr'>Domino</span> <span class='ocrx_word' id='word_1_479' title='bbox 468 2616 500 2643; x_wconf 91' lang='lat' dir='ltr'>et</span> <span class='ocrx_word' id='word_1_480' title='bbox 525 2611 774 2650; x_wconf 84' lang='lat' dir='ltr'>ieiunantibus,</span> <span class='ocrx_word' id='word_1_481' title='bbox 796 2613 881 2646; x_wconf 78' lang='lat' dir='ltr'>dixit</span> <span class='ocrx_word' id='word_1_482' title='bbox 900 2614 1046 2659; x_wconf 85' lang='lat' dir='ltr'>Spiritus</span> <span class='ocrx_word' id='word_1_483' title='bbox 1071 2619 1208 2647; x_wconf 68' lang='lat' dir='ltr'>sanctus</span> <span class='ocrx_word' id='word_1_484' title='bbox 1229 2614 1257 2645; x_wconf 84' lang='lat'>&#39;:</span> <span class='ocrx_word' id='word_1_485' title='bbox 1284 2627 1298 2644; x_wconf 90' lang='lat'>«</span> <span class='ocrx_word' id='word_1_486' title='bbox 1322 2619 1497 2658; x_wconf 80' lang='lat' dir='ltr'>segregate</span> <span class='ocrx_word' id='word_1_487' title='bbox 1521 2611 1605 2645; x_wconf 87' lang='lat' dir='ltr'>mihi</span> <span class='ocrx_word' id='word_1_488' title='bbox 1625 2611 1817 2646; x_wconf 79' lang='lat' dir='ltr'>Bai-naham</span> <span class='ocrx_word' id='word_1_489' title='bbox 1842 2619 1873 2646; x_wconf 91' lang='lat' dir='ltr'>et</span> 
     </span>
     <span class='ocr_line' id='line_1_44' title="bbox 188 2666 1876 2713; baseline 0.004 -15"><span class='ocrx_word' id='word_1_490' title='bbox 188 2666 348 2704; x_wconf 72' lang='lat' dir='ltr'>Saulum.</span> <span class='ocrx_word' id='word_1_491' title='bbox 371 2667 414 2701; x_wconf 86' lang='lat' dir='ltr'>ad</span> <span class='ocrx_word' id='word_1_492' title='bbox 439 2679 527 2713; x_wconf 85' lang='lat' dir='ltr'>opus</span> <span class='ocrx_word' id='word_1_493' title='bbox 553 2667 595 2701; x_wconf 89' lang='lat' dir='ltr'>ad</span> <span class='ocrx_word' id='word_1_494' title='bbox 621 2669 716 2712; x_wconf 83' lang='lat' dir='ltr'>quod</span> <span class='ocrx_word' id='word_1_495' title='bbox 740 2671 859 2703; x_wconf 89' lang='lat' dir='ltr'>vocavi</span> <span class='ocrx_word' id='word_1_496' title='bbox 886 2683 958 2705; x_wconf 88' lang='lat' dir='ltr'>eos.</span> <span class='ocrx_word' id='word_1_497' title='bbox 984 2686 998 2703; x_wconf 83' lang='lat'>»</span> <span class='ocrx_word' id='word_1_498' title='bbox 1026 2671 1193 2704; x_wconf 79' lang='lat' dir='ltr'>Addictus</span> <span class='ocrx_word' id='word_1_499' title='bbox 1220 2670 1281 2703; x_wconf 88' lang='lat' dir='ltr'>fuit</span> <span class='ocrx_word' id='word_1_500' title='bbox 1308 2676 1421 2703; x_wconf 87' lang='lat' dir='ltr'>autem</span> <span class='ocrx_word' id='word_1_501' title='bbox 1442 2670 1543 2703; x_wconf 90' lang='lat' dir='ltr'>divus</span> <span class='ocrx_word' id='word_1_502' title='bbox 1569 2670 1692 2704; x_wconf 84' lang='lat' dir='ltr'>Paulus</span> <span class='ocrx_word' id='word_1_503' title='bbox 1721 2670 1876 2705; x_wconf 84' lang='lat' dir='ltr'>ethnico—</span> 
     </span>
    </p>

    <p class='ocr_par' dir='ltr' id='par_1_7' title="bbox 287 2758 1873 2802">
     <span class='ocr_line' id='line_1_45' title="bbox 287 2758 1873 2802; baseline 0.001 -11"><span class='ocrx_word' id='word_1_504' title='bbox 287 2768 321 2796; x_wconf 58' lang='lat'>(19</span> <span class='ocrx_word' id='word_1_505' title='bbox 342 2765 451 2791; x_wconf 85' lang='lat' dir='ltr'>Priscus</span> <span class='ocrx_word' id='word_1_506' title='bbox 470 2770 565 2791; x_wconf 75' lang='lat' dir='ltr'>auctor</span> <span class='ocrx_word' id='word_1_507' title='bbox 578 2765 758 2792; x_wconf 84' lang='lat' dir='ltr'>Luculentius</span> <span class='ocrx_word' id='word_1_508' title='bbox 777 2766 850 2801; x_wconf 81' lang='lat' dir='ltr'>apud</span> <span class='ocrx_word' id='word_1_509' title='bbox 869 2775 919 2794; x_wconf 90' lang='lat' dir='ltr'>nos</span> <span class='ocrx_word' id='word_1_510' title='bbox 936 2768 1036 2802; x_wconf 81' lang='lat' dir='ltr'>Script.</span> <span class='ocrx_word' id='word_1_511' title='bbox 1052 2772 1107 2794; x_wconf 86' lang='lat' dir='ltr'>vet.</span> <span class='ocrx_word' id='word_1_512' title='bbox 1124 2768 1155 2793; x_wconf 87' lang='lat' dir='ltr'>T.</span> <span class='ocrx_word' id='word_1_513' title='bbox 1174 2768 1222 2792; x_wconf 72' lang='lat' dir='ltr'>lx.</span> <span class='ocrx_word' id='word_1_514' title='bbox 1239 2774 1264 2800; x_wconf 78' lang='lat' dir='ltr'>p.</span> <span class='ocrx_word' id='word_1_515' title='bbox 1279 2769 1339 2793; x_wconf 75' lang='grc'>214.</span> <span class='ocrx_word' id='word_1_516' title='bbox 1356 2768 1460 2793; x_wconf 78' lang='grc' dir='ltr'>,1Γίαηὶ</span> <span class='ocrx_word' id='word_1_517' title='bbox 1478 2758 1577 2793; x_wconf 66' lang='lat' dir='ltr'>dicim!</span> <span class='ocrx_word' id='word_1_518' title='bbox 1588 2769 1705 2793; x_wconf 77' lang='lat' dir='ltr'>Patrem</span> <span class='ocrx_word' id='word_1_519' title='bbox 1718 2768 1873 2799; x_wconf 73' lang='lat' dir='ltr'>maiorem,</span> 
     </span>
    </p>
   </div>
   <div class='ocr_carea' id='block_1_5' title="bbox 188 2808 1876 2892">
    <p class='ocr_par' dir='ltr' id='par_1_8' title="bbox 188 2808 1876 2892">
     <span class='ocr_line' id='line_1_46' title="bbox 189 2808 1871 2845; baseline 0.002 -11"><span class='ocrx_word' id='word_1_520' title='bbox 189 2808 290 2835; x_wconf 81' lang='lat' dir='ltr'>Filium</span> <span class='ocrx_word' id='word_1_521' title='bbox 313 2811 462 2841; x_wconf 69' lang='lat' dir='ltr'>mitiorem,</span> <span class='ocrx_word' id='word_1_522' title='bbox 483 2811 621 2844; x_wconf 67' lang='lat' dir='ltr'>spiritum</span> <span class='ocrx_word' id='word_1_523' title='bbox 647 2817 711 2835; x_wconf 69' lang='lat' dir='ltr'>ret-0</span> <span class='ocrx_word' id='word_1_524' title='bbox 732 2812 862 2837; x_wconf 75' lang='lat' dir='ltr'>sanctum</span> <span class='ocrx_word' id='word_1_525' title='bbox 883 2814 1085 2845; x_wconf 71' lang='lat' dir='ltr'>perminorem,</span> <span class='ocrx_word' id='word_1_526' title='bbox 1107 2813 1213 2838; x_wconf 80' lang='lat' dir='ltr'>Rursus</span> <span class='ocrx_word' id='word_1_527' title='bbox 1234 2810 1260 2837; x_wconf 89' lang='lat' dir='ltr'>id</span> <span class='ocrx_word' id='word_1_528' title='bbox 1281 2810 1319 2836; x_wconf 88' lang='lat' dir='ltr'>ibi</span> <span class='ocrx_word' id='word_1_529' title='bbox 1341 2810 1441 2837; x_wconf 84' lang='lat' dir='ltr'>dicitur</span> <span class='ocrx_word' id='word_1_530' title='bbox 1459 2818 1484 2845; x_wconf 89' lang='lat' dir='ltr'>p.</span> <span class='ocrx_word' id='word_1_531' title='bbox 1502 2813 1564 2837; x_wconf 69' lang='lat'>224.</span> <span class='ocrx_word' id='word_1_532' title='bbox 1586 2811 1619 2837; x_wconf 79' lang='lat' dir='ltr'>Et</span> <span class='ocrx_word' id='word_1_533' title='bbox 1638 2809 1750 2845; x_wconf 87' lang='lat' dir='ltr'>quidem</span> <span class='ocrx_word' id='word_1_534' title='bbox 1770 2818 1871 2837; x_wconf 77' lang='lat' dir='ltr'>novum</span> 
     </span>
     <span class='ocr_line' id='line_1_47' title="bbox 188 2852 1876 2892; baseline 0.002 -13"><span class='ocrx_word' id='word_1_535' title='bbox 188 2852 269 2880; x_wconf 84' lang='lat' dir='ltr'>etiam</span> <span class='ocrx_word' id='word_1_536' title='bbox 283 2853 413 2881; x_wconf 86' lang='lat' dir='ltr'>latinitati</span> <span class='ocrx_word' id='word_1_537' title='bbox 427 2853 532 2881; x_wconf 79' lang='lat' dir='ltr'>accedit</span> <span class='ocrx_word' id='word_1_538' title='bbox 550 2853 715 2881; x_wconf 76' lang='lat' dir='ltr'>vocabulum</span> <span class='ocrx_word' id='word_1_539' title='bbox 730 2857 892 2890; x_wconf 72' lang='lat' dir='ltr'>perminor,</span> <span class='ocrx_word' id='word_1_540' title='bbox 906 2856 981 2892; x_wconf 87' lang='lat' dir='ltr'>quod</span> <span class='ocrx_word' id='word_1_541' title='bbox 994 2864 1044 2884; x_wconf 90' lang='lat' dir='ltr'>nos</span> <span class='ocrx_word' id='word_1_542' title='bbox 1058 2857 1086 2883; x_wconf 93' lang='lat' dir='ltr'>in</span> <span class='ocrx_word' id='word_1_543' title='bbox 1103 2856 1270 2890; x_wconf 76' lang='lat' dir='ltr'>glossarium</span> <span class='ocrx_word' id='word_1_544' title='bbox 1283 2860 1409 2883; x_wconf 85' lang='lat' dir='ltr'>nostrum</span> <span class='ocrx_word' id='word_1_545' title='bbox 1423 2856 1516 2891; x_wconf 88' lang='lat' dir='ltr'>Spicil.</span> <span class='ocrx_word' id='word_1_546' title='bbox 1534 2857 1565 2883; x_wconf 90' lang='lat' dir='ltr'>T.</span> <span class='ocrx_word' id='word_1_547' title='bbox 1582 2857 1631 2883; x_wconf 80' lang='lat' dir='ltr'>tx.</span> <span class='ocrx_word' id='word_1_548' title='bbox 1648 2856 1702 2883; x_wconf 85' lang='lat' dir='ltr'>iam</span> <span class='ocrx_word' id='word_1_549' title='bbox 1716 2855 1876 2883; x_wconf 85' lang='lat' dir='ltr'>retulimus.</span> 
     </span>
    </p>
   </div>
   <div class='ocr_carea' id='block_1_6' title="bbox 1891 254 2018 281">
    <p class='ocr_par' dir='ltr' id='par_1_9' title="bbox 1891 254 2018 281">
     <span class='ocr_line' id='line_1_48' title="bbox 1891 254 2018 281; baseline 0.008 -7"><span class='ocrx_word' id='word_1_550' title='bbox 1891 254 1928 275; x_wconf 69' lang='lat' dir='ltr'>Gr.</span> <span class='ocrx_word' id='word_1_551' title='bbox 1943 260 1965 281; x_wconf 78' lang='grc' dir='ltr'>ρ.</span> <span class='ocrx_word' id='word_1_552' title='bbox 1979 257 2018 275; x_wconf 72' lang='lat' dir='ltr'>at-</span> 
     </span>
    </p>
   </div>
   <div class='ocr_carea' id='block_1_7' title="bbox 1891 597 2046 619">
    <p class='ocr_par' dir='ltr' id='par_1_10' title="bbox 1891 597 2046 619">
     <span class='ocr_line' id='line_1_49' title="bbox 1891 597 2046 619; baseline -0.019 1"><span class='ocrx_word' id='word_1_553' title='bbox 1891 598 1946 619; x_wconf 60' lang='lat' dir='ltr'>Csr.</span> <span class='ocrx_word' id='word_1_554' title='bbox 1962 597 2011 618; x_wconf 82' lang='lat' dir='ltr'>xll.</span> <span class='ocrx_word' id='word_1_555' title='bbox 2028 600 2046 617; x_wconf 67' lang='lat'>3,</span> 
     </span>
    </p>
   </div>
   <div class='ocr_carea' id='block_1_8' title="bbox 1909 1639 2030 1667">
    <p class='ocr_par' dir='ltr' id='par_1_11' title="bbox 1909 1639 2030 1667">
     <span class='ocr_line' id='line_1_50' title="bbox 1909 1639 2030 1667; baseline -0.008 -6"><span class='ocrx_word' id='word_1_556' title='bbox 1909 1639 1947 1661; x_wconf 78' lang='lat' dir='ltr'>Gr.</span> <span class='ocrx_word' id='word_1_557' title='bbox 1960 1645 1983 1667; x_wconf 77' lang='lat' dir='ltr'>p.</span> <span class='ocrx_word' id='word_1_558' title='bbox 1998 1642 2030 1661; x_wconf 65' lang='lat'>⁴35.</span> 
     </span>
    </p>
   </div>
   <div class='ocr_carea' id='block_1_9' title="bbox 1908 1988 2100 2011">
    <p class='ocr_par' dir='ltr' id='par_1_12' title="bbox 1908 1988 2100 2011">
     <span class='ocr_line' id='line_1_51' title="bbox 1908 1988 2100 2011; baseline -0.01 -1"><span class='ocrx_word' id='word_1_559' title='bbox 1908 1992 1917 1999; x_wconf 82' lang='grc'>’</span> <span class='ocrx_word' id='word_1_560' title='bbox 1934 1989 2019 2011; x_wconf 28' lang='lat' dir='ltr'>Colossi</span> <span class='ocrx_word' id='word_1_561' title='bbox 2038 1988 2065 2010; x_wconf 86' lang='lat' dir='ltr'>lt.</span> <span class='ocrx_word' id='word_1_562' title='bbox 2081 1991 2100 2008; x_wconf 70' lang='lat' dir='ltr'>53v</span> 
     </span>
    </p>
   </div>
   <div class='ocr_carea' id='block_1_10' title="bbox 1915 2624 2090 2650">
    <p class='ocr_par' dir='ltr' id='par_1_13' title="bbox 1915 2624 2090 2650">
     <span class='ocr_line' id='line_1_52' title="bbox 1915 2624 2090 2650; baseline -0.006 -1"><span class='ocrx_word' id='word_1_563' title='bbox 1915 2631 1921 2637; x_wconf 94' lang='grc'><em>“</em></span> <span class='ocrx_word' id='word_1_564' title='bbox 1939 2624 1987 2650; x_wconf 60' lang='lat' dir='ltr'>Act,</span> <span class='ocrx_word' id='word_1_565' title='bbox 2003 2628 2062 2650; x_wconf 68' lang='lat' dir='ltr'>xm</span> <span class='ocrx_word' id='word_1_566' title='bbox 2079 2635 2090 2649; x_wconf 76' lang='lat'>·.¹</span> 
     </span>
    </p>
   </div>
  </div>
 </body>
</html>
