2205 3177
503 230 564 262 1:313
1004 240 1031 261 s.
1061 240 1186 262 emim
1215 241 1433 263 ,tri-:mmmm
1460 241 1664 263 flxrmsmo

498 305 611 349 potins
637 301 851 337 subsisteret.
874 302 989 347 ibique
1009 304 1133 348 paratis
1152 302 1235 337 cibis
1256 304 1446 343 frueretnr;
1467 315 1536 349 quo
1556 305 1745 349 aenigmate
1763 305 2018 351 significabatur
2035 313 2171 342 sancto·

496 372 570 393 runi
592 366 753 404 pcrpctua
783 361 814 391 in
842 361 997 404 snpcrnis
1017 360 1155 393 sedibus
1176 362 1305 395 mansio
1326 362 1392 406 tl):
1415 361 1494 394 indc
1513 362 1604 394 enim
1625 361 1763 394 exulant
1783 362 1903 399 dolor,
1925 363 2107 401 maestitia,
2133 371 2165 398 et

493 418 648 461 gcmitus.
681 417 755 449 lnrc
780 428 862 461 crgo
890 418 1081 462 meritoque
1107 420 1198 451 {liunt
1225 420 1283 464 qni
1310 430 1404 464 spem
1430 430 1524 452 suam
1546 419 1578 451 in
1599 419 1732 452 Christo
1759 419 1920 458 fixerunt,
1943 426 1973 453 et
2001 432 2166 466 supernas

494 473 649 507 obtinet-c
669 473 766 506 sedes
784 480 979 519 expectant.
997 476 1156 508 comitem
1176 475 1236 508 sibi
1257 477 1289 508 in
1311 487 1458 520 perennc
1477 481 1610 520 tempus
1628 475 1894 509 misericordiam
1916 476 2000 510 sore.
2017 477 2165 517 Quidam

410 544 419 551 »
439 547 453 559 ›⁴
495 540 575 563 xero
605 531 659 563 Dei
688 530 957 563 miscricordiam
984 532 1094 576 ipsum
1114 532 1283 565 Christum
1311 532 1521 577 intelligunt,
1543 532 1599 576 qni
1625 543 1685 577 per
1703 544 1798 565 suam
1826 533 2090 567 incarnationem
2118 535 2162 568 ita

494 589 726 633 persequitur,
747 589 860 632 quoad
889 600 1008 621 omncs
1026 590 1083 633 qui
1104 589 1256 622 salvandi
1283 595 1358 622 sunt
1380 589 1660 634 comprehendat.
1683 590 1825 623 Prorsus
1844 596 1973 629 autem,
1994 592 2073 636 quia
2094 602 2163 625 non

491 651 556 678 tam
584 657 622 678 cx
650 645 813 690 operibns
840 647 1003 690 contingit
1032 646 1130 679 nobis
1158 646 1347 683 iustificari,
1375 658 1477 691 quam
1504 658 1543 679 ex
1570 646 1675 691 gratia
1696 647 1742 691 (⁶2)
1762 653 1792 679 ct
1821 647 2052 681 misericordia
2079 649 2159 687 Dei,

489 701 566 736 ideo
587 701 706 735 fideles
725 709 814 735 recte
835 704 893 735 Dci
915 704 1183 737 miseriem-diam
1210 703 1415 748 implorant,
1438 710 1538 748 atque
1558 704 1597 737 ad
1620 705 1692 737 eius
1710 704 1926 738 clementiam
1945 704 2159 750 confugiunt.

1124 799 1228 837 I'SAI
1239 799 1350 837 ,MUS
1379 800 1507 837 XXIII
1514 831 1521 837 .

1027 884 1172 907 Pon-lmus
1190 885 1303 907 nandi
1321 886 1354 907 {n
1372 886 1474 912 lin-{ma
1491 886 1624 908 sabbati.

580 935 762 978 Snpcriore
783 934 915 978 psalmo
936 934 1186 968 inducebantur
1206 934 1367 968 laetantes
1386 947 1422 968 ac
1442 935 1546 968 veluti
1572 935 1757 981 gloriantes
1779 937 1798 969 ii
1817 937 1875 981 qui
1896 936 2029 970 fuerant
2049 936 2162 970 ethni-

465 991 531 1030 ,ci.
555 997 735 1036 propterca
763 991 854 1035 quod
878 1003 894 1024 a
915 991 1049 1025 Christo
1076 1003 1136 1036 per
1163 991 1266 1024 tidem
1286 992 1395 1025 vocati
1416 991 1574 1031 fuissent,
1595 999 1627 1026 et
1653 993 1724 1026 eius
1750 1004 1933 1027 munerum
1952 993 2060 1027 effecti
2080 1004 2161 1039 par-

484 1049 613 1093 ticipes.
636 1049 812 1081 Praesente
832 1055 943 1081 autem
964 1049 1096 1093 psalmo
1116 1049 1268 1094 procedit
1290 1060 1434 1094 persona
1455 1055 1649 1083 sanctorum
1669 1050 1961 1095 praedicatorum,
1981 1050 2034 1084 vel
2054 1051 2160 1096 ipsius

482 1106 581 1137 ctiam
609 1107 712 1138 sancti
735 1107 878 1151 Spiritus
898 1107 1081 1143 nuncians,
1104 1107 1300 1140 universum
1328 1106 1448 1140 orbem
1475 1108 1508 1140 in
1535 1118 1693 1152 sagenam
1712 1107 1834 1141 Christi
1857 1119 1918 1153 per
1943 1107 2047 1142 fidem
2066 1114 2162 1142 tran-

481 1163 573 1195 sisse.
592 1163 772 1196 Sciendum
793 1176 876 1197 xero
896 1170 963 1211 cst..
980 1164 1102 1197 Christi
1123 1165 1409 1197 resurrectionem
1428 1164 1503 1198 heic
1522 1164 1670 1210 praedici
1691 1162 1837 1198 verbis'«
1853 1165 1964 1210 prima
1981 1164 2125 1198 sabbati.
2141 1180 2156 1196 »

480 1220 531 1252 Sic
558 1221 648 1252 enim
675 1221 848 1265 exangelia
875 1221 967 1254 diem
997 1221 1204 1254 dominicam
1234 1222 1424 1255 nominant.
1453 1222 1662 1255 Vaticinatnr
1690 1222 1791 1255 etiam
1818 1221 1860 1255 de
1890 1222 2085 1256 ascensione
2111 1222 2156 1268 (3)

482 1277 637 1312 Domini:
660 1284 760 1322 atque
788 1279 926 1323 insuper
952 1278 1071 1315 docet,
1092 1290 1162 1323 quo
1188 1284 1288 1324 pacto
1315 1278 1433 1312 fideles
1459 1278 1659 1312 caelestibus
1678 1279 1772 1323 digni
1799 1278 1880 1313 fient
1906 1277 2155 1313 mansionibus.

480 1334 544 1367 Scd
572 1346 633 1377 age
659 1335 835 1369 xideamus
862 1347 1019 1379 magnam
1046 1335 1131 1369 lianc
1158 1347 1288 1369 sacram
1314 1342 1346 1369 et
1371 1336 1493 1368 miram
1520 1335 1822 1381 praedicationem.

733 1401 801 1427 lpse
819 1408 910 1428 super
927 1402 1027 1423 maria
1046 1401 1191 1423 fundavit
1207 1407 1290 1428 eam,
1306 1403 1337 1423 et
1355 1407 1447 1428 super
1463 1401 1593 1423 flumina
1610 1402 1813 1428 praeparavit
1829 1408 1906 1424 eam.

577 1451 790 1496 Praeparavit
811 1463 914 1497 super
933 1451 1073 1484 flumina
1087 1477 1094 1489 ‚
1118 1452 1293 1484 exornavit
1315 1450 1494 1495 significat.
1516 1450 1705 1496 Oportebat
1724 1452 1813 1484 enim
1834 1457 1982 1485 creatam
1999 1452 2068 1485 iam
2088 1458 2158 1486 ter-

480 1518 571 1543 ram.
593 1515 623 1541 ct
645 1520 747 1554 super
767 1507 927 1553 abyssum
946 1509 1031 1542 mire
1051 1519 1266 1554 suspensam,
1284 1507 1420 1553 plenam
1439 1506 1649 1553 potabilibus
1669 1508 1764 1552 aquis
1784 1519 1800 1541 a
1820 1509 1891 1542 Deo
1911 1507 2005 1547 fieri,
2020 1514 2057 1542 ut
2074 1519 2154 1542 suos

479 1566 610 1599 nutrire
631 1565 757 1599 incolas
779 1571 905 1611 posset.
923 1565 1126 1611 Spiritaliter
1145 1571 1257 1599 autem
1277 1563 1447 1598 vocabulo
1464 1578 1479 1595 «
1491 1564 1631 1597 flumina
1645 1578 1660 1595 >1
1678 1563 1820 1610 intelligi
1836 1571 1965 1610 queunt
1987 1565 2153 1611 apostoli,

477 1624 534 1667 qui
558 1622 841 1656 intellectualibus
861 1623 998 1656 fluentis
1017 1622 1137 1656 orbem
1158 1622 1344 1660 inundant,
1365 1628 1398 1655 et
1417 1633 1602 1667 supernum
1622 1621 1766 1655 verbum
1787 1622 1882 1655 caelo
1901 1623 1936 1656 in
1955 1628 2081 1655 terram
2101 1622 2156 1655 de-

478 1680 619 1713 vehunt.
649 1680 841 1725 Allcgorice
868 1680 1008 1713 demum
1036 1679 1203 1713 mundum
1230 1679 1422 1712 existimare
1450 1679 1526 1712 licet
1551 1678 1750 1717 ecclesiam;
1778 1679 1901 1715 maria.
1930 1678 2152 1717 tentationes;

478 1736 617 1770 flumina
636 1749 736 1772 vero.
757 1738 902 1782 Spiritus
920 1737 1033 1771 dulcia
1053 1748 1213 1771 munera:
1234 1742 1335 1781 atque
1353 1736 1398 1769 ita
1417 1735 1531 1769 dicere
1549 1735 1742 1773 ecetesiam,
1760 1736 1794 1768 in
1812 1747 1879 1780 qua
1896 1735 1986 1768 Deus
2003 1734 2152 1774 habitat,

477 1794 722 1827 tentatismibus
748 1795 961 1840 potissimum
982 1794 1024 1828 ab
1044 1806 1084 1828 eo
1104 1794 1137 1827 in
1159 1793 1226 1827 fide
1246 1792 1423 1826 fundatam
1440 1799 1473 1826 ct
1491 1792 1747 1830 confirmatam;
1766 1793 1995 1838 idoneamque
2013 1792 2152 1838 Spiritui

476 1858 592 1885 sancto
615 1852 817 1897 excipiendo
836 1851 1009 1889 effectam,
1032 1863 1050 1885 a
1071 1863 1158 1897 quo,
1181 1850 1284 1884 veluti
1305 1862 1345 1884 ex
1368 1850 1462 1884 fonte
1481 1849 1640 1888 flumina,
1661 1850 1834 1883 donorum
1859 1850 2003 1884 varietas
2028 1849 2150 1883 effluit.

1006 1916 1157 1939 Innocens
1173 1917 1331 1943 manibus,
1347 1918 1378 1939 et
1394 1917 1509 1938 mundo
1525 1917 1626 1939 cot-«le.

576 1968 835 2011 lnterrogationi
858 1966 1041 2012 respondet
1064 1973 1198 2000 sanctus
1215 1968 1375 2012 Spiritus,
1399 1978 1477 2000 eum
1498 1966 1556 2011 qui
1576 1965 1658 1999 x‘elit
1678 1966 1713 1999 in
1732 1965 1997 1999 intellectualem
2014 1965 2150 1999 Domini

477 2031 628 2057 montem
656 2025 907 2061 conscendere,
936 2031 1097 2070 oportere
1127 2036 1272 2070 corpore
1299 2024 1398 2057 simul
1425 2030 1455 2058 ct
1483 2025 1603 2070 spiritu
1630 2035 1701 2057 esse
1729 2025 1966 2057 innocentem:
1993 2021 2154 2057 manibus

473 2082 613 2127 quidem
641 2083 846 2120 innocuum,
876 2082 909 2115 id
937 2089 985 2116 est
1012 2082 1114 2116 rebus
1140 2082 1279 2128 agendis
1305 2081 1569 2128 inculpabilem;
1593 2093 1679 2127 opus
1705 2082 1794 2115 enim
1821 2080 1988 2126 significat
2013 2091 2146 2114 manus.

473 2139 583 2172 Corde
610 2139 757 2184 denique
784 2139 1061 2176 immaculatum,
1085 2151 1207 2184 nempe
1234 2140 1328 2173 cuius
1354 2140 1502 2173 externis
1529 2138 1678 2177 actibus,
1701 2139 1844 2172 interior
1870 2138 1992 2171 mentis
2018 2149 2055 2171 ac
2080 2138 2151 2184 spi-

473 2196 581 2228 ritalis
607 2197 768 2229 serenitas
796 2196 1012 2241 respondeat.
1042 2197 1236 2230 Psalmistae
1262 2197 1365 2241 igitur
1391 2207 1504 2230 sermo
1526 2196 1560 2228 in
1582 2196 1641 2228 Dei
1665 2202 1817 2229 montem
1837 2195 2014 2228 hominem
2039 2194 2148 2228 dedu-

473 2255 532 2288 cit.
558 2255 615 2299 qni
645 2266 753 2298 neque
781 2255 964 2291 sententia,
987 2266 1097 2299 neque
1123 2255 1348 2299 cogitatione,
1371 2265 1482 2299 neque
1508 2252 1638 2287 actibus
1664 2259 1857 2287 constanter
1879 2253 2027 2286 animam
2053 2263 2148 2287 suam

472 2311 719 2349 sordidaverit,
744 2312 777 2344 in
806 2312 895 2344 xitiis
922 2323 1155 2356 persexerans.
1573 2307 1577 2311 ’

860 2377 938 2403 Quin
954 2379 999 2399 est
1016 2377 1074 2399 iste
1091 2383 1143 2399 rex
1160 2376 1297 2406 gloriae?
1314 2377 1464 2399 nonninus
1480 2377 1572 2399 ron-tis
1589 2378 1619 2399 et
1637 2378 1757 2403 potens.

567 2425 620 2460 Ob
646 2426 856 2459 exantlatum
883 2426 1007 2459 scilicet
1035 2425 1185 2464 bellum,
1208 2425 1422 2471 relatumque
1441 2427 1474 2459 in
1494 2425 1641 2459 humana
1666 2426 1734 2458 vita
1754 2437 1772 2459 a
1792 2436 1826 2458 se
1845 2429 1999 2470 suscepta
2025 2424 2145 2457 trium-

471 2483 591 2528 phum.
622 2484 708 2517 Hinc
735 2484 991 2527 cognoscimus,
1014 2495 1082 2516 non
1109 2482 1270 2516 omuibus
1296 2483 1377 2516 caeli
1405 2482 1629 2528 potestatibus
1654 2482 1871 2516 manifestum
1896 2482 1998 2516 fuisse
2023 2481 2145 2515 Christi

473 2541 690 2584 tnystcrinm;
712 2541 771 2573 scd
791 2541 858 2573 illis
877 2540 1118 2573 tantummodo
1136 2552 1222 2584 quae
1242 2539 1283 2573 ad
1304 2541 1352 2573 rei
1371 2541 1595 2574 ministerium
1618 2540 1750 2573 fuerant
1770 2539 1936 2577 delectae,
1953 2538 2144 2572 cuiusmodi

471 2598 532 2630 snit
559 2597 741 2635 (iabriln-l,
768 2605 799 2631 et
828 2598 949 2643 reliqui
977 2598 1035 2642 qui
1062 2598 1096 2630 in
1122 2597 1257 2629 Domini
1284 2597 1458 2630 nativitate
1484 2598 1660 2631 dixerunt:
1690 2596 1797 2642 gloria
1824 2597 1858 2629 in
1884 2595 2024 2630 excelsis
2048 2595 2141 2628 Deo:

470 2666 616 2699 namque
643 2657 676 2688 lii
705 2657 886 2701 Unigenito
913 2657 1013 2689 etiam
1040 2655 1073 2688 in
1101 2655 1249 2688 humana
1278 2654 1386 2688 forma
1411 2654 1556 2691 visibili.
1580 2654 1780 2689 famulatum
1805 2653 2023 2687 exhibebant.
2052 2650 2160 2685 Post—⁴

469 2723 571 2756 quam
598 2725 681 2747 'vcro
708 2720 845 2759 peracto
871 2713 1114 2747 incarnationis
1133 2718 1306 2757 susceptae
1325 2723 1446 2757 opere,
1469 2713 1510 2745 ad
1530 2718 1661 2758 patrem
1681 2713 1715 2745 in
1735 2711 1846 2745 caelos
1871 2722 1949 2744 cum
1967 2710 2059 2744 unita
2079 2708 2145 2744 sibi

581 2811 602 2837 l,
624 2809 770 2835 Pulchrum
792 2809 978 2835 testimonium
1000 2808 1032 2834 de
1053 2808 1129 2835 beata
1150 2808 1177 2834 in
1198 2808 1280 2834 caelis
1299 2816 1367 2842 qnae
1386 2809 1473 2835 iustos
1492 2812 1613 2843 expectat
1632 2812 1740 2835 aeterna
1762 2809 1824 2834 vita.

570 2854 602 2880 je>
623 2853 726 2879 Rursus
747 2853 933 2879 testimonium
954 2853 987 2878 de
1007 2853 1109 2883 gratiae
1129 2851 1235 2878 (livinae
1257 2853 1424 2880 necessitate.

570 2898 593 2922 (3
625 2895 653 2920 tn
675 2895 766 2922 codice
787 2904 826 2922 ρι’,
850 2905 937 2923 resera
958 2901 997 2923 est
1017 2897 1189 2930 iam-54:25,
1210 2896 1256 2923 sed
1277 2900 1365 2923 tumen
1387 2897 1423 2924 ibi
1443 2895 1667 2924 substituendum
1687 2900 1726 2922 est
1746 2895 1904 2928 ἀναλήψεως.
