2205 3177
728 153 761 176 ix
786 153 939 175 PSALMUM
965 153 1011 174 vi.
1041 153 1080 175 ET
1106 153 1166 175 vn.
1726 138 1789 173 103

111 221 291 254 Servatore
310 223 448 256 nostro,
470 229 573 263 quem
592 218 783 264 prophetae
809 217 915 250 sancti
941 223 1126 251 venturum
1152 229 1213 263 per
1233 223 1388 262 tempora
1415 215 1604 262 spondent,
1626 221 1659 249 et
1686 221 1794 248 terra-

111 288 189 311 rum
214 276 336 311 orbem
361 275 642 321 redempturum:
669 287 780 321 neque
805 275 839 307 in
862 273 988 308 Iudaea
1015 274 1255 308 tantummodo
1280 274 1402 308 insitae
1426 273 1490 307 sihi
1516 273 1679 307 bonitatis
1704 271 1795 305 indi-

111 335 203 368 cium
221 334 391 367 facturum
403 359 411 371 ‚
432 345 554 367 verum
573 334 675 367 etiam
694 333 869 366 universas
888 338 1006 377 gentes
1025 333 1255 365 visitaturum.
1284 331 1382 366 Unde
1402 332 1555 377 gentium
1574 342 1650 376 spes
1677 328 1792 375 appel-

112 391 200 425 latus
219 397 280 425 est.
302 392 470 436 Apparuit
489 391 581 424 enini
600 391 662 424 toti
682 389 760 423 orbi
778 390 964 426 Dominus.
986 389 1077 422 Deus
1096 389 1224 422 scilicet
1241 400 1432 434 verumque
1450 388 1587 426 lumem
1609 399 1670 433 per
1689 397 1793 432 quem

112 455 245 495 patrem
263 460 402 494 quoque
422 450 535 494 ipsum
559 448 777 493 agnovimus,
800 447 948 492 antiquis
967 446 1118 480 tenebris
1136 458 1294 480 errorum
1314 447 1483 492 depulsis,
1505 446 1638 479 oriente
1657 450 1794 478 nostrae

111 508 215 541 menti
242 513 333 541 astro
360 507 521 546 lucifero,
542 507 598 540 die
624 506 871 544 dilucescente,
892 507 1037 552 ipsoque
1063 511 1169 538 semet
1197 505 1375 538 attollente.
1401 504 1473 538 sole
1499 505 1664 542 iustitiae,
1688 503 1722 536 id
1742 509 1791 536 est

110 565 257 599 Christo.
286 566 438 611 Exsurge
464 566 587 610 igitur,
608 565 738 609 inquit,
761 563 949 597 secundum
977 568 1198 608 praeceptum
1223 562 1318 607 quod
1342 561 1532 601 mandasti,
1553 573 1611 595 seu
1638 560 1732 606 quod
1759 567 1791 594 te

110 629 351 657 exsecuturum
376 623 573 670 promisisti.
603 621 641 655 ld
667 621 760 655 enini
787 621 854 655 hoc
882 621 959 655 loco
983 621 1125 654 denotat
1151 619 1297 653 verbum
1322 619 1500 652 mandare.

644 687 682 709 131
700 693 793 714 super
810 687 892 709 hanc
909 688 942 709 in
959 686 1062 709 altum
1078 686 1254 715 regredere.

206 740 362 773 Fortasse
383 737 529 772 verbum
556 737 756 782 regredere,
779 743 836 771 aut
862 736 1091 770 venerandam
1120 737 1232 769 innuit
1260 746 1415 772 crucem,
1444 736 1479 767 in
1506 745 1610 779 quam
1639 733 1790 767 Christus

112 802 247 841 peccata
273 802 388 829 nostra
415 794 552 828 extulit:
574 800 631 828 aut
658 795 731 827 eius
750 795 783 827 in
808 794 941 827 caelum
966 793 1135 831 reditunu
1159 793 1308 838 perrexit
1334 792 1426 825 enim
1453 790 1496 825 ad
1515 791 1621 836 patris
1649 802 1793 835 conspe-

109 858 204 886 ctum
230 845 294 898 pro
320 851 430 886 nobis.
460 852 526 885 Cur
545 863 610 897 pro
639 850 762 885 nobis?
788 852 921 885 Novam
948 851 1071 885 scilicet
1100 858 1132 885 et
1152 852 1324 884 viventem
1348 860 1503 883 reserans
1528 849 1638 885 viam,
1661 854 1697 881 ut
1717 859 1792 880 cae-

112 909 183 943 lum
202 909 362 955 deinceps
381 910 540 955 pervium
558 909 674 948 fieret,
696 921 829 955 nosque
847 909 933 943 adeo
952 910 986 942 in
1003 910 1146 943 interius
1164 908 1280 943 velum
1300 913 1574 953 penetraremus:
1595 905 1695 939 huius
1713 916 1793 950 quo-

108 979 176 1013 que
202 968 250 1001 rei
276 967 364 1001 duce
390 966 490 1001 nobis
516 968 599 1007 illo,
620 969 680 1013 qui
708 968 751 1002 ad
777 968 892 1001 omnia
920 968 1079 1013 princeps
1107 973 1175 1005 est,
1199 967 1333 1000 Christo
1361 966 1500 999 scilicet.

710 1033 862 1056 Dominus
878 1033 1032 1055 iudicabit
1050 1032 1189 1059 populos.

204 1083 340 1117 Dictum
364 1090 413 1117 est
432 1083 498 1117 hoc
517 1084 595 1118 loco
621 1083 804 1118 iudicabit.
827 1095 891 1128 pro
910 1084 962 1116 ius
987 1083 1089 1116 dicet.
1120 1084 1173 1116 lus
1197 1083 1289 1116 enim
1316 1093 1434 1127 reapse
1458 1080 1544 1114 dixit
1570 1081 1658 1113 inter
1678 1090 1740 1112 nos
1759 1085 1790 1112 et

107 1140 281 1181 Satanam:
303 1147 404 1185 atque
430 1140 522 1174 hunc
541 1140 683 1185 quidem
704 1141 940 1186 praepotentia
958 1140 1133 1173 mundum
1149 1146 1328 1173 xexantem
1341 1166 1349 1177 ,
1371 1139 1414 1173 de
1434 1150 1492 1171 sua
1512 1136 1694 1182 tyrannide
1714 1136 1791 1169 uni-

107 1197 229 1231 versali
255 1198 408 1243 depulit:
430 1197 640 1232 intolerabili
666 1205 782 1232 autem
810 1199 1007 1243 gravamine
1033 1210 1218 1244 oppressos
1245 1198 1424 1231 miseratus
1449 1202 1519 1233 est,
1548 1196 1597 1228 uti
1622 1195 1729 1230 Deus,
1757 1198 1788 1226 et

110 1254 177 1289 fide
204 1254 410 1289 iustificarit.

532 1322 643 1345 ludica
660 1329 725 1349 me,
741 1322 889 1349 Domine,
905 1323 1071 1344 seeundum
1089 1322 1246 1344 iustitiam
1261 1327 1371 1343 meam.

203 1372 317 1412 Quum
335 1383 446 1418 nuper
464 1373 634 1418 propheta
653 1372 809 1409 dixisset,
832 1384 849 1405 a
869 1372 1018 1405 Domino
1038 1372 1188 1417 populos
1206 1371 1395 1405 iudicatum
1412 1371 1471 1407 iri,
1492 1368 1679 1402 introducit
1698 1377 1789 1400 nunc

107 1428 371 1462 iudicandorum
398 1430 500 1462 etiam
527 1441 731 1475 personam,
757 1430 937 1474 propriam
964 1430 1143 1463 fatentium
1168 1429 1421 1464 infirmitatem,
1450 1433 1551 1472 atque
1577 1427 1623 1459 ita
1647 1424 1790 1458 iudicari

105 1487 300 1530 rogantium
326 1493 430 1531 prout
456 1487 626 1520 humanae
652 1486 860 1520 conditionis
886 1486 952 1520 fert
977 1487 1152 1520 modulus.
1182 1487 1258 1520 Alia
1282 1493 1331 1520 est
1358 1486 1469 1523 enim,
1491 1490 1529 1518 ut
1554 1484 1702 1517 diximus
1723 1482 1786 1527 (1),

105 1543 307 1588 angelorum
333 1544 478 1583 iustitia,
499 1555 587 1589 quae
612 1545 768 1590 ipsorum
794 1556 937 1590 prorsus
962 1551 1121 1578 naturam
1147 1544 1263 1578 decet:
1287 1544 1350 1577 alia
1374 1543 1572 1580 hominum,
1594 1541 1713 1586 exigua
1737 1540 1790 1572 ni·-

104 1600 248 1639 mirum,
270 1607 303 1634 et
329 1608 470 1635 naturae
496 1601 687 1636 infirmitati
712 1602 938 1648 respondens.

637 1667 875 1691 Consummetur
892 1668 1034 1695 nequitia
1052 1670 1259 1695 peecatorum.

200 1717 465 1752 Consummetur
491 1730 574 1764 ergo
595 1724 815 1764 peccatorum
840 1717 1061 1763 improbitas,
1083 1718 1119 1751 id
1138 1725 1186 1751 est
1213 1717 1342 1751 diaboli
1363 1716 1515 1761 tyrannis
1540 1715 1733 1752 auferatur,
1755 1719 1787 1746 et

105 1773 317 1820 reliquarum
345 1787 423 1809 cum
449 1777 524 1822 ipso
550 1777 805 1822 potentiarum:
826 1782 863 1809 ut
890 1776 1047 1822 posthinc
1067 1787 1129 1822 per
1147 1782 1275 1809 rectam
1293 1775 1399 1808 veluti
1426 1786 1463 1808 ae
1483 1773 1715 1819 planissimam
1735 1782 1787 1804 se-

104 1831 224 1864 mitam
250 1832 293 1865 ad
321 1832 533 1866 laudabilem
552 1834 658 1867 vitam
677 1834 838 1867 deveniat
862 1835 1071 1879 quicumque
1089 1834 1234 1867 iustitiae
1252 1839 1415 1878 operator
1436 1838 1499 1865 est.
1528 1831 1615 1864 Nam
1633 1830 1660 1862 si
1685 1839 1787 1862 nemo

105 1889 140 1921 in
161 1889 361 1923 alterutram
389 1897 524 1936 partem
543 1891 713 1929 stimulet,
734 1903 796 1937 per
815 1903 911 1925 suam
930 1893 1038 1925 iustus
1055 1892 1147 1925 viam
1165 1894 1258 1925 recta
1277 1891 1419 1924 omnino
1438 1887 1614 1935 procedet.
1635 1886 1696 1920 Vel
1716 1885 1788 1919 for-

104 1952 191 1980 tasse
219 1953 253 1980 ut
281 1955 539 1982 consummetur
566 1950 601 1982 in
631 1949 868 1994 peccatoribus
894 1948 1099 1995 improbitas
1124 1955 1200 1983 orat
1225 1948 1415 1994 propheta,
1437 1947 1472 1981 id
1492 1953 1541 1980 est
1560 1952 1597 1979 ut
1617 1957 1635 1979 a
1658 1944 1786 1978 malitia

104 2012 254 2043 cessent,
277 2005 319 2039 ad
345 2007 506 2041 virtutem
533 2008 701 2041 translati.
732 2009 848 2053 Itaque
875 2009 1098 2042 cessationem
1126 2007 1288 2053 peccandi
1309 2006 1460 2052 postulat
1484 2016 1549 2051 pro
1568 2003 1710 2049 singulis
1728 2003 1785 2047 qui

104 2060 302 2097 infirmitate
329 2063 455 2098 fuerint
484 2065 654 2111 prolapsi,
683 2071 721 2099 ut
750 2065 911 2112 deinceps
937 2067 1046 2099 iustus
1072 2072 1163 2099 recta
1188 2066 1243 2098 via
1269 2071 1399 2110 pergat.
1428 2065 1571 2097 Prorsus
1595 2062 1687 2095 enim
1712 2059 1786 2094 fieri

103 2130 171 2153 non
200 2127 328 2165 potest,
351 2128 388 2156 ut
413 2123 584 2168 quispiam
612 2123 712 2157 fortia
737 2124 873 2157 virtutis
900 2123 1049 2157 facinora
1074 2124 1177 2157 edere
1203 2122 1377 2159 videatur,
1401 2122 1463 2155 nisi
1487 2127 1583 2155 antea
1606 2117 1786 2164 improbus

104 2187 177 2210 esse
203 2177 377 2225 desiverit.

676 2246 799 2269 lustum
816 2247 971 2270 auxilium
987 2254 1089 2270 meum
1105 2255 1123 2270 a
1141 2247 1216 2270 Deo.

201 2292 334 2327 Iudaeis
353 2306 461 2340 aeque
480 2301 511 2329 et
537 2296 680 2330 ethnicis
699 2308 814 2330 sermo
833 2297 888 2331 hic
906 2296 1102 2342 quadrabit.
1131 2299 1217 2331 Nam
1243 2297 1388 2330 scienter
1405 2307 1546 2342 peccare
1559 2321 1566 2332 ,
1587 2292 1786 2327 manifestus

106 2355 324 2395 contemptus
348 2358 417 2389 est;
440 2353 620 2387 inscienter
638 2365 722 2387 vero
749 2353 783 2387 id
803 2365 921 2400 agere,
943 2354 1077 2388 facilem
1097 2355 1153 2388 dat
1180 2353 1348 2400 petendae
1371 2354 1489 2387 veniae
1512 2352 1654 2385 aditum.
1683 2351 1786 2383 Erra-

105 2405 187 2440 bant
215 2413 287 2441 tuin
315 2408 430 2442 Iudaei
459 2416 531 2443 tum
558 2411 702 2450 ethnici:
725 2411 773 2445 illi
801 2412 942 2457 quidem
962 2424 1023 2458 per
1041 2412 1169 2446 ducum
1196 2423 1339 2446 suorum
1364 2411 1529 2445 malitiam
1556 2420 1574 2442 a
1594 2408 1662 2442 fide
1681 2407 1787 2440 susci-

106 2464 231 2509 pienda
251 2466 424 2511 impediti,
446 2473 477 2501 et
497 2479 515 2501 a
535 2468 763 2515 redemptoris
790 2471 978 2515 agnitione:
1001 2471 1054 2504 isti
1074 2476 1187 2504 autem
1214 2469 1369 2503 nondum
1395 2468 1549 2501 divinum
1574 2467 1606 2499 in
1633 2471 1784 2499 mentem

105 2530 304 2568 receperant
332 2524 449 2559 lumen
461 2551 468 2560 .
491 2537 553 2559 nec
571 2527 729 2571 quisnam
753 2534 839 2562 esset
858 2540 960 2562 verus
979 2540 1016 2562 ac
1035 2527 1200 2562 naturalis
1219 2529 1308 2561 Deus
1328 2525 1492 2560 sciebant.
1521 2525 1705 2569 Propterea
1724 2522 1783 2568 qui

105 2590 165 2613 cor
189 2587 225 2624 et
252 2593 349 2615 renes
376 2589 547 2617 scrutatur
575 2585 682 2622 Deus,
712 2585 820 2631 probe
849 2585 1143 2620 animadvertebat
1168 2591 1242 2618 tum
1271 2585 1333 2618 hos
1360 2590 1432 2617 tum
1462 2582 1541 2615 illos
1568 2581 1697 2614 inscitia
1724 2590 1783 2613 sua

104 2648 265 2682 peccare,
287 2641 365 2685 quia
391 2640 523 2674 domini
546 2642 760 2676 voluntatem
777 2643 985 2677 nesciebant.
1007 2645 1098 2689 Ergo
1117 2644 1243 2676 iustum
1268 2642 1335 2675 illis
1354 2639 1583 2686 suppeditavit
1603 2637 1779 2672 auxilium.

103 2694 254 2731 Debetur
274 2699 365 2731 enim
394 2698 588 2733 errantibus
607 2701 778 2735 revocatio
797 2702 831 2735 in
851 2703 958 2741 viam,
980 2702 1121 2736 caecatis
1140 2701 1365 2737 illuminatio,
1385 2697 1558 2732 debilibus
1585 2697 1710 2731 virium
1730 2696 1782 2728 in-

99 2757 267 2790 stauratio
293 2768 311 2790 a
336 2758 421 2791 Deo.
452 2757 533 2791 Ideo
559 2757 658 2792 dicit:
680 2759 808 2792 iustum
833 2759 997 2794 auxilium
1023 2771 1040 2793 a
1067 2760 1150 2793 Deo.

201 2828 236 2858 (1)
255 2826 358 2861 Nempe
377 2826 405 2853 in
426 2827 615 2854 commentarii
635 2827 759 2862 partibus
778 2827 812 2855 ab
831 2828 966 2864 eclogario
988 2827 1105 2856 omissis.

1841 2260 1846 2264 .
1862 2248 1892 2265 11.
