2205 3177
203 907 297 926 'ibt

220 1078 243 1091 &r
274 1082 286 1099 J*
311 1079 346 1095 ..Ἰ-1

161 2220 167 2227 “
186 2218 218 2238 Ρι,
236 2218 313 2239 xxm.
330 2222 349 2238 Τ,

160 2447 166 2452 ·
181 2445 251 2471 apim
271 2446 308 2466 ιιι.
321 2450 343 2466 ι.»

214 2555 250 2574 Gr.
265 2562 287 2579 p.
304 2557 348 2575 334,

156 2841 164 2852 e
182 2839 260 2864 tiphos..
276 2840 312 2860 IV.
328 2844 346 2861 ἰ

403 194 468 223 ‘³²33
904 200 931 221 S.
961 199 1087 221 crtum]
1115 198 1334 220 ALEXANDRtNI
1361 197 1564 219 EXPLANATlO

406 287 417 296 ..
443 265 540 299 vobis
565 263 745 309 oportebat
773 263 885 307 primo
905 262 999 306 loqui
1020 261 1163 295 xcrbum
1183 263 1262 297 Dei:
1283 262 1341 295 scd
1368 261 1530 306 quoniam
1558 260 1590 293 id
1619 260 1800 306 repellitis,
1823 272 1952 307 vosque
1979 261 2070 295 indi-

400 335 484 368 gnos
510 322 663 355 iudicatis
682 327 814 353 actcrua
835 321 901 352 xita
915 346 922 354 .
945 332 1021 352 cccc
1042 320 1082 352 ad
1102 326 1218 363 gentes
1238 320 1490 353 comertimur:
1513 319 1558 350 ¹sic
1577 319 1666 350 cuim
1692 320 1859 363 praecepit
1881 318 1980 352 nobis
2001 320 2069 352 Do·-

399 382 521 413 minus.
549 393 562 408 »ι
591 379 771 410 Laetamur
797 378 927 421 itaque.
949 376 1043 421 quod
1066 389 1082 409 a
1102 377 1235 409 Christo
1261 377 1514 422 impetraxcrint
1542 381 1576 408 ut
1604 376 1669 408 sint
1695 376 1766 407 eius
1792 387 1882 411 sors.
1904 382 2005 420 atque
2029 382 2065 409 ut

397 441 686 470 conntunerentur
714 435 746 467 in
773 435 882 479 specie
901 434 1026 467 ‹lccora
1048 433 1170 467 lacobi.
1201 434 1289 467 Olim
1318 435 1430 479 portio
1452 433 1584 466 Domini
1615 433 1672 465 t'uit
1702 433 1850 477 populus
1871 432 1989 471 laceb,
2012 433 2066 467 fu-

398 494 529 527 niculus
554 492 751 526 hereditatis
770 492 841 523 cius
871 491 1010 523 lsrahel.
1040 492 1102 524 Sed
1131 497 1310 536 postquam
1336 491 1496 523 adxcrsus
1515 490 1684 523 Christum
1705 490 1882 527 (lesacxiit,
1904 490 2066 535 expulsus

399 552 456 584 t'uit
484 562 524 583 nc
551 550 590 582 sit
617 549 744 581 diutius
771 560 843 580 sors
869 548 953 580 cius.
985 548 1085 593 Capta
1116 560 1196 581 xero
1223 548 1283 580 t'uit
1313 559 1372 592 per
1400 547 1502 580 tidem
1528 547 1743 580 ethnicorum
1764 547 1966 585 multitudo,
1988 554 2019 581 et
2047 559 2064 581 a

395 610 466 641 Deo
492 613 630 651 excepta
651 612 684 639 ut
706 607 743 638 sit
775 605 943 637 funiculus
970 605 1041 638 cius
1060 611 1089 637 ct
1110 616 1196 638 sors.
1227 605 1303 637 Atio
1329 615 1466 649 quoque
1487 604 1592 637 modo
1618 604 1801 648 intelliges:
1823 615 1944 649 nempe
1970 604 2064 649 quod

396 672 531 710 praeter
556 664 772 697 ethnicorum
800 662 1077 696 multitudinem,
1108 662 1218 707 ipsum
1244 673 1382 706 quoquc
1408 662 1622 706 suppositum
1650 660 1794 706 pedibus
1820 660 1945 695 habent
1972 662 2066 695 Iaco—

397 722 498 757 bum,
521 722 590 754 sire
618 719 727 754 lacobi
757 726 923 765 posteros.
955 720 1038 752 Nam
1059 719 1187 752 etiamsi
1216 718 1305 752 haud
1333 718 1513 752 unixersus
1531 718 1674 752 eredidit
1696 717 1815 757 lacob,
1837 724 1870 752 at
1888 724 1978 752 certe
2004 718 2066 752 de-

396 790 474 812 cora
501 779 629 821 species
648 789 685 810 cx
708 778 866 810 universo
888 776 1019 821 populo
1040 775 1071 808 id
1093 776 1270 809 consilium
1291 781 1338 808 est
1360 781 1490 809 secuta,
1512 780 1549 808 ut
1568 775 1610 807 de
1630 775 1760 820 reliqua
1780 781 1875 820 parte
1894 776 2061 809 aestimes.

397 838 479 869 Nam
506 841 770 868 cmiscntancum
797 840 844 865 cst
872 839 1052 877 reputare.
1081 833 1303 878 sapientiores
1329 832 1371 865 de
1398 837 1496 865 coetu
1524 831 1679 865 Israhelis
1705 831 1889 865 credidisse
1915 832 2065 866 Christo»

395 895 490 926 Certe
515 893 689 937 Philippus
716 890 939 924 Nathauaheli
967 889 1076 923 aiebat
1100 890 1126 922 ἐ
1153 903 1167 920 «
1189 901 1291 934 quem
1318 890 1451 934 scripsit
1476 890 1608 934 Moyses
1634 890 1666 922 iu
1693 889 1766 934 lege
1793 900 1830 922 ac
1856 889 2066 935 prophetae,

395 951 584 983 imenimus
605 951 731 982 lesum.
753 948 885 993 losephi
906 946 1034 982 titium.
1056 959 1072 980 a
1094 947 1270 980 Nazareth.
1292 961 1306 977 n
1328 947 1387 980 Cui
1408 947 1583 992 respondit
1603 946 1677 980 ille:
1702 960 1716 978 «
1735 958 1752 980 a
1770 947 1933 981 Nazareth
1953 953 2065 993 potest

397 1008 475 1040 boni
495 1019 565 1040 cs<c
586 1006 737 1050 aliquid?
762 1020 776 1034 ν
799 1005 903 1037 Simul
925 1016 962 1037 ac
982 1005 1074 1038 enim
1093 1004 1256 1037 Nazareth
1284 1003 1431 1043 audivit,
1453 1003 1495 1037 ad
1516 1009 1616 1048 caput
1635 1004 1776 1037 recurrit
1803 1010 1976 1038 accuratae
2002 1016 2065 1038 no-

397 1065 496 1097 tionis
521 1075 623 1108 quam
643 1063 685 1095 de
704 1062 838 1096 Christo
865 1067 1080 1107 conceperat.
1111 1063 1204 1094 llam·
1223 1073 1294 1094 esse
1313 1061 1458 1094 dicimus
1477 1061 1635 1094 decoram
1656 1060 1765 1094 Iacobi
1790 1062 1952 1106 speciem.
1978 1062 2063 1095 Nam

396 1121 451 1165 qui
480 1122 522 1153 ita
551 1121 664 1153 animo
690 1125 767 1152 sunt
795 1120 999 1164 comparati.
1022 1119 1118 1151 sicuti
1145 1119 1216 1163 ipse
1241 1118 1452 1151 Nathanahel
1472 1129 1572 1151 x‘erus
1598 1117 1786 1155 israhelita,
1808 1118 1842 1151 in
1868 1129 1938 1164 quo
1963 1118 2065 1152 dolus

397 1190 464 1211 non
484 1183 571 1213 erat,
593 1178 667 1209 iure
686 1178 877 1220 meritoque
896 1175 962 1209 dici
982 1181 1112 1221 queunt
1131 1176 1259 1221 species
1278 1174 1389 1209 iacobi
1408 1175 1550 1213 decora,
1568 1180 1601 1207 et
1620 1186 1637 1207 a
1656 1175 1728 1208 Deo
1744 1175 1865 1213 amari,
1885 1176 1944 1220 qui
1961 1176 2067 1210 simul

396 1247 472 1268 cum
500 1234 641 1268 ethnicis
667 1233 883 1267 subiecerunt
912 1239 1016 1267 semet
1043 1234 1165 1267 sanctis
1191 1233 1372 1278 magistris.

589 1299 736 1322 Ascendit
756 1299 837 1321 neus
856 1300 888 1321 in
906 1299 1022 1325 iubilo,
1039 1299 1189 1321 Dominus
1206 1300 1239 1321 in
1257 1306 1325 1322 voce
1343 1299 1445 1321 tubae.
1463 1299 1597 1321 Psallite
1614 1298 1677 1321 Deo
1694 1300 1798 1321 nostro
1815 1300 1871 1322 ete.

489 1350 728 1382 Demonstrant
752 1349 897 1381 chorum
921 1359 1020 1393 agere
1041 1360 1119 1381 eum
1146 1347 1345 1382 caelestibus
1366 1348 1487 1381 sanctis
1508 1347 1634 1393 angelis
1655 1354 1829 1382 terrestres
1849 1348 1993 1388 incolas,
2014 1355 2063 1383 at—

393 1418 459 1451 que
486 1417 587 1438 unam
611 1405 715 1438 *eluti
743 1411 969 1450 temperantes
992 1405 1119 1449 lyram,
1141 1405 1378 1438 harmonicum
1398 1404 1654 1449 iueundumque
1676 1404 1783 1438 melos
1808 1416 1972 1451 pangere,
1994 1405 2064 1440 lae·-

395 1462 564 1496 tabuudos
592 1463 669 1507 quia
698 1462 871 1507 completo
897 1462 988 1508 apud
1015 1474 1078 1496 nos
1107 1462 1366 1507 dispensationis
1393 1473 1496 1507 opere
1525 1462 1566 1495 ad
1594 1462 1702 1495 Deum
1732 1469 1863 1508 patrem
1891 1463 1926 1496 in
1953 1464 2065 1498 caelos

393 1520 543 1553 Christus
567 1519 732 1555 ascendit,
755 1519 924 1564 primitiae
948 1519 1050 1552 veluti
1071 1520 1223 1553 renovati
1249 1519 1291 1552 ad
1318 1519 1607 1552 immortalitatem
1626 1519 1765 1552 humani
1789 1520 1932 1564 generis.
1961 1521 2063 1554 Nam—

392 1590 458 1622 que
480 1577 511 1609 id
534 1578 566 1609 in
585 1577 718 1610 Christo
737 1577 849 1621 adepti
870 1588 998 1610 sumus.
1021 1576 1154 1610 Psallite
1173 1588 1273 1621 ergo.
1298 1576 1423 1621 inquit,
1443 1582 1472 1609 et
1495 1577 1617 1610 iterum
1637 1576 1786 1621 psallite,
1808 1583 1841 1610 et
1863 1583 2063 1623 perpetuam

392 1635 492 1667 dicite
518 1633 751 1679 hymnodiam.
782 1635 855 1667 Non
876 1640 923 1667 est
947 1634 1030 1667 alius
1052 1635 1158 1669 Deus,
1180 1640 1213 1666 et
1236 1633 1321 1666 alius
1348 1634 1528 1669 Dominus,
1549 1633 1607 1666 sed
1631 1645 1719 1666 unus
1744 1633 1922 1679 idemque;
1945 1645 2063 1668 conse-

393 1698 506 1725 ctanea
531 1698 577 1725 est
597 1692 686 1724 enim
705 1691 819 1724 deitati
843 1691 951 1736 gloria
973 1691 1234 1728 dominationis;
1258 1691 1352 1723 sicuti
1374 1697 1633 1724 consectaneum
1654 1697 1704 1724 est
1724 1697 1762 1724 ut
1783 1691 1842 1736 qui
1868 1698 1986 1737 suapte
2004 1703 2062 1726 na-

393 1755 467 1782 tura
489 1755 537 1781 est
560 1748 738 1784 dominus,
762 1748 852 1781 idem
873 1748 913 1781 sit
933 1749 1034 1781 Deus.
1064 1748 1233 1788 Quoniam
1259 1759 1342 1781 xero
1361 1746 1569 1781 iubilationis
1589 1746 1627 1780 fit
1645 1748 1773 1781 mentio
1798 1754 1830 1781 et
1852 1748 1979 1782 vocalis
1997 1748 2064 1783 hu-

392 1807 485 1839 cinae
499 1831 506 1840 ,
528 1817 588 1850 par
615 1812 662 1838 est
682 1817 743 1838 nos
768 1806 811 1838 ita
837 1805 985 1851 cogitare
1006 1806 1066 1850 qui
1093 1817 1146 1838 res
1165 1806 1287 1838 Christi
1307 1805 1512 1838 meditamur
1538 1811 1571 1838 et
1594 1805 1778 1850 loquimur.
1807 1806 1967 1840 Ascendit
1986 1807 2063 1852 qui-

392 1863 469 1895 dem
495 1864 528 1896 in
550 1863 659 1896 caelos
685 1874 792 1899 nunc,
815 1869 849 1895 ut
874 1869 1035 1908 appareat
1061 1869 1136 1895 ante
1157 1862 1274 1896 faciem
1301 1863 1359 1895 Dei
1388 1874 1453 1907 pro
1479 1861 1597 1900 nobis;
1621 1862 1679 1896 sed
1700 1863 1824 1896 eratin
1846 1864 1939 1897 caelo
1965 1875 2064 1910 pere-

391 1920 525 1965 grinum
552 1920 798 1965 spectaculum.
820 1919 921 1964 digna
946 1921 1016 1953 Deo
1041 1919 1149 1964 gloria
1169 1926 1312 1953 ornatus
1332 1920 1456 1957 homo,
1477 1926 1509 1952 et
1535 1925 1669 1964 praeter
1695 1931 1833 1953 omnem
1857 1922 2063 1966 expectatio—

392 1989 468 2010 nem
488 1976 700 2010 sublimatus.
723 1978 862 2009 Necesse
879 1977 982 2021 igitur
1002 1977 1063 2010 fuit
1083 1988 1101 2010 a
1120 1983 1237 2010 sancto
1257 1977 1379 2022 Spiritu
1398 1976 1533 2010 edoceri
1553 1988 1716 2022 supernas
1734 1978 1918 2022 potentias,
1940 1989 2064 2024 nempe

391 2045 486 2071 eum,
511 2035 567 2078 qui
589 2040 659 2067 erat
681 2039 800 2066 tritura
821 2034 959 2078 propria
981 2034 1089 2069 Deus,
1115 2033 1239 2066 factum
1258 2045 1329 2067 esse
1347 2034 1537 2071 hominem,
1560 2033 1619 2067 Dei
1637 2034 1776 2078 inquam
1794 2033 1957 2068 Verbum.
1979 2035 2062 2069 Pro-

391 2098 504 2135 pterea
532 2091 596 2123 illis
620 2103 759 2135 quoquc
785 2091 957 2124 mandavit
984 2097 1019 2124 ut
1047 2102 1210 2135 supernas
1237 2097 1351 2135 portas
1377 2090 1590 2128 attollerent,
1612 2091 1856 2136 manifesteque
1878 2102 2064 2137 cognosce-

390 2154 481 2185 rent,
503 2159 579 2180 eum
599 2159 675 2181 cum
697 2154 809 2180 nostra
832 2149 940 2181 hirnia
965 2149 1086 2181 reverti
1108 2149 1214 2181 Deum
1235 2147 1276 2180 ast
1299 2149 1558 2181 convenientem
1578 2146 1640 2180 sibi
1660 2149 1718 2181 uni
1740 2160 1886 2193 suaeque
1904 2146 2063 2182 substan-

391 2205 452 2237 tiae
480 2204 708 2237 inhaerentem
734 2205 892 2249 gloriam.
923 2204 1040 2238 Aiebat
1068 2206 1157 2237 enim
1180 2206 1208 2236 ’τ
1231 2205 1374 2238 attollite
1399 2211 1532 2250 portas,
1553 2205 1742 2250 principes,
1764 2211 1909 2243 vestras,
1931 2211 1966 2239 et
1991 2205 2062 2239 ele-

391 2262 513 2294 vamini
534 2267 652 2306 portae
673 2261 875 2297 aeternales,
897 2268 929 2294 ct
949 2261 1101 2294 introibit
1128 2273 1184 2294 rex
1205 2262 1345 2305 gloriae.
1371 2261 1663 2306 lnterrogantibus
1682 2268 1795 2295 autem
1819 2262 1974 2306 supernis
1991 2262 2061 2307 spi-

391 2317 509 2351 ritibus
534 2319 586 2351 xel
613 2319 714 2351 etiam
737 2317 990 2354 dubitantibus,
1012 2319 1090 2363 quia
1115 2330 1182 2352 nou
1211 2319 1288 2351 satis
1308 2320 1448 2356 seirent,
1470 2319 1625 2363 quisnam
1650 2326 1733 2352 esset
1754 2319 1815 2352 iste
1834 2330 1892 2352 rex
1913 2319 2059 2364 gloriae,

389 2375 514 2408 dictum
534 2387 613 2408 mox
630 2382 696 2411 est.
714 2377 897 2408 Dominum
915 2387 986 2408 csse
1004 2376 1167 2408 virtutum
1179 2401 1186 2412 ,
1203 2377 1386 2409 Dominum
1407 2376 1528 2408 fortem
1547 2376 1580 2408 in
1600 2375 1704 2409 bello.
1721 2375 1841 2409 Scribit
1860 2386 1942 2409 vero
1959 2377 2059 2409 etiam

388 2433 652 2477 sapientissimus
671 2433 793 2466 Paulus
817 2435 846 2464 ':
874 2447 889 2463 «
913 2439 948 2465 ut
970 2444 1060 2465 nunc
1079 2433 1262 2465 innotescat
1284 2432 1529 2478 principatibus
1548 2439 1581 2466 et
1599 2432 1823 2478 potestatibus
1841 2433 2061 2466 multiformis

389 2490 548 2533 sapientia
575 2491 650 2527 Dei,
673 2490 859 2523 secundum
888 2488 1162 2535 praefinitionem
1188 2490 1420 2527 saeculorum,
1442 2501 1544 2534 quam
1572 2491 1649 2523 fecit
1673 2491 1708 2523 in
1730 2490 1876 2524 Christo.
1904 2504 1919 2521 »
1943 2491 2061 2524 Mone-

390 2543 513 2578 bantur
539 2547 651 2591 itaque
676 2553 711 2579 ut
737 2546 919 2580 iubilarent
946 2547 1115 2591 potentiae
1139 2558 1277 2591 quoque
1298 2546 1562 2585 intellectuales;
1584 2553 1616 2580 et
1635 2547 1730 2592 quasi
1753 2546 1896 2580 bucinae
1920 2547 2061 2581 clariso-

389 2613 450 2634 nus
470 2602 609 2647 clangor
628 2604 791 2637 revelatio
810 2610 880 2637 erat
900 2604 941 2636 ad
962 2603 1040 2636 illos
1063 2615 1124 2649 per
1142 2604 1322 2648 Spiritum.
1348 2603 1560 2648 profundum
1583 2604 1835 2638 humanationis
1859 2604 2064 2648 mysterium,

390 2658 600 2701 patefaciens.
630 2660 815 2705 Oportebat
844 2661 956 2705 itaque
983 2672 1048 2693 una
1068 2672 1144 2693 cum
1165 2661 1319 2705 supernis
1338 2659 1511 2705 spiritibus
1536 2659 1680 2694 iubilare
1703 2662 1803 2694 etiam
1826 2667 1977 2694 servatos
1995 2661 2061 2693 ho·

388 2715 510 2750 mines.
532 2722 561 2748 et
589 2719 802 2751 continenter
821 2719 964 2763 psallere
978 2744 986 2756 ,
1009 2724 1040 2751 et
1061 2719 1280 2751 incessantem
1300 2717 1434 2751 Christo
1457 2718 1679 2762 hymnodiam
1698 2718 1873 2752 extollere.
1902 2718 2058 2751 Ceterum

387 2771 469 2803 dum
496 2786 510 2801 ι(
535 2774 682 2806 ascendit
706 2789 719 2805 >³
743 2777 853 2813 aiunt,
877 2775 1002 2809 docent
1027 2787 1105 2808 eum
1129 2786 1267 2819 quoque
1286 2774 1510 2808 descendisse.
1541 2776 1626 2808 Nam
1647 2776 1691 2808 ita
1713 2774 1904 2820 intelligens
1926 2775 2060 2819 sapien—

389 2829 534 2861 tissimus
556 2841 693 2874 quoque
714 2832 834 2865 Paulus
853 2833 897 2865 ait
919 2832 949 2864 ἐ
976 2846 991 2863 κ
1013 2831 1107 2876 quod
1133 2837 1243 2866 autem
1264 2831 1432 2869 ascendit,
1456 2832 1539 2876 quid
1566 2838 1615 2865 est
1640 2833 1702 2865 nisi
1725 2833 1804 2877 quia
1828 2838 1860 2865 et
1885 2830 2058 2865 descendit
