2205 3177
324 408 343 422 x.
360 405 379 422 λ.

242 433 280 448 (ιν.
295 435 309 455 μ
335 432 377 449 vu,

254 1607 284 1622 tr:
307 1610 321 1629 p
347 1606 389 1623 ΜΓ..

235 1893 240 1897 ”
258 1889 292 1909 1¹³.
310 1889 346 1909 ΙΧ.
366 1891 395 1908 11.-

222 1937 280 1984 ΤΡῑ
297 1936 395 1957 xm'ttt.

226 2342 233 2348 ·
249 2339 274 2359 lu
290 2343 325 2363 gr.
338 2342 399 2358 corr.

229 2376 327 2392 σπεισω.

347 2522 402 2539 1.(3.

228 2581 235 2585 “
254 2578 303 2598 tutu.
318 2577 357 2598 Ill.
372 2579 405 2597 ΖΗ.

352 2809 374 2824 V.
389 2806 408 2824 G.

422 200 484 234 122
922 208 948 229 S.
977 206 1103 229 ci'mffl
1131 207 1350 230 ALEXANnmNt
1378 207 1582 231 EerANATlo

417 276 524 310 tilius.
548 275 772 317 lacrymetur.
794 270 967 307 obsecret,
989 283 1058 304 unu
1079 277 1153 315 eget
1180 278 1274 316 pater
1300 272 1352 304 his
1377 271 1492 305 bonis:
1515 283 1592 305 nain
1618 273 1676 317 qui
1702 273 1762 306 scit
1789 275 1919 313 omnia,
1942 285 2083 320 precum

418 345 487 366 nou
514 331 661 375 indiget,
685 340 794 374 neque
821 328 1032 374 propheticis
1057 340 1144 373 opus
1169 335 1216 362 cst
1244 330 1273 362 ei
1300 328 1527 362 sermonibus.

989 394 1114 416 §nm-ns
1131 395 1184 420 qui
1202 396 1273 416 sun!
1292 395 1323 416 in
1344 396 1428 416 len-u
1447 395 1523 416 vius.

512 447 650 479 sanctos
676 443 756 477 dicit
783 443 1008 477 sanctificatos
1035 444 1067 477 in
1094 444 1234 489 spiritu,
1257 449 1382 477 terram
1408 450 1519 477 autem
1547 443 1722 477 ecclesiam
1743 445 1877 479 Christi.
1906 447 1989 480 Tum
2010 458 2087 481 ver·-

416 503 499 537 bum
522 517 537 533 «
561 501 752 535 miriticaxit
777 516 791 530 »
816 512 879 545 pro
905 501 1149 534 demonstravit
1171 507 1224 534 aut
1245 500 1467 545 glorificavit.
1490 502 1638 546 positum
1656 507 1717 535 cst.
1746 503 1898 548 Denique.
1916 502 2085 537 xocabuto

422 575 436 591 ι(
459 561 530 593 eius
552 573 567 589 »
591 565 720 604 patrem
747 558 919 603 ‹tes-ignum
940 564 975 591 ut
995 559 1035 591 sit
1057 559 1184 603 integra
1211 559 1392 604 sententia:
1414 558 1628 591 sanctificatis
1648 559 1680 591 iu
1700 558 1767 592 fide
1791 565 1908 593 notam
1934 559 2011 594 fecit
2030 571 2088 605 pa—

420 619 479 651 tris
504 616 730 649 xoluntatem.
759 616 870 655 Quare
897 616 996 648 etiam
1024 615 1148 648 (licitur
1174 615 1286 659 magui
1313 615 1444 648 consilii
1471 615 1623 659 angelus.

921 680 1153 706 multiplicatae
1169 682 1240 701 sun!
1260 668 1591 702 inflnussam?eorum.

514 731 736 765 Etbnicorum
757 730 927 763 xidelicet.
959 731 1031 762 lesu
1050 729 1171 762 Christi
1192 728 1345 762 nonduin
1366 730 1575 763 manifestata
1595 731 1754 768 scritate,
1776 731 2000 777 multiplicata
2019 732 2091 766 fue-

420 795 492 823 rant
522 795 657 834 peccata
675 794 707 821 ct
728 787 912 833 passiones.
943 787 1059 819 Postea
1087 786 1300 819 illucescente
1320 785 1446 823 salute,
1469 794 1743 832 properaverunt·
1765 787 1920 822 homines
1939 788 1982 822 ad
2001 788 2093 822 illius

420 848 592 882 notitiam.
613 852 643 879 et
666 852 882 891 peccatmami
903 844 1163 888 depositionem.
1185 863 1208 868 —
1227 843 1391 876 Nonnulli
1411 855 1492 875 xero
1511 843 1724 877 ethnicorum
1749 845 1961 878 idololatrias
1979 850 2012 878 et
2031 846 2093 879 mi-

421 906 524 938 serias
549 904 623 937 heic
650 901 852 947 significatas
880 901 995 937 aiuut;
1017 912 1033 932 a
1060 899 1185 945 quibus
1211 900 1382 937 conversi,
1408 899 1485 932 facti
1511 906 1587 933 sunt
1614 902 1718 934 sancti
1738 901 1814 934 Dei:
1837 901 1880 935 de
1905 900 2030 947 quibus
2049 902 2095 936 ait.

425 976 440 993 «
463 962 586 995 sanctis
611 961 669 1005 qui
696 965 772 992 sunt
796 960 827 991 in
849 965 936 991 terra
963 958 1054 989 eius:
1080 971 1094 987 »
1117 957 1175 1002 qui
1195 963 1226 990 ct
1247 957 1317 990 sine
1337 968 1433 990 mora
1452 957 1675 991 deseruerunt
1695 958 1787 992 idola
1806 970 1885 995 sua,
1906 965 1963 992 aut
1982 960 2095 1004 potius

421 1017 720 1053 incommoditates
747 1016 796 1049 xel
826 1016 996 1052 miserias,
1017 1020 1094 1048 ante
1120 1014 1225 1047 tidem
1250 1020 1440 1059 susceptam
1466 1013 1529 1047 sibi
1552 1014 1747 1055 haerentes,
1768 1015 1956 1056 mirificatis
1975 1017 2095 1050 Serva-

423 1077 507 1110 toris
533 1074 624 1121 apud
651 1086 710 1108 cos
734 1071 982 1106 mlunuuibus.

802 1138 868 1161 Xon
885 1138 1079 1165 congregabo
1096 1137 1309 1160 conventicula
1327 1143 1434 1160 corum
1450 1138 1488 1160 de
1504 1139 1721 1167 sanguinibus.

519 1192 551 1224 Si
570 1191 646 1236 quis
673 1190 755 1223 haec
775 1189 817 1223 ‹le
838 1188 970 1222 ludaeis
989 1188 1077 1221 (licta
1097 1187 1289 1232 intelligere
1308 1188 1406 1225 velit,
1429 1189 1638 1222 enuntiativo
1657 1189 1763 1222 modo
1782 1189 1968 1223 versiculos
1986 1189 2095 1235 legat,

425 1260 485 1283 ceu
505 1249 532 1281 si
551 1249 640 1281 Deus
660 1258 775 1281 causas
797 1247 908 1279 reiecti
929 1245 972 1278 ab
993 1257 1026 1278 sc
1047 1245 1203 1278 lsralielis
1221 1251 1338 1290 aperte
1360 1252 1486 1278 narret.
1516 1247 1592 1279 Non
1611 1245 1845 1291 congregabo,
1866 1246 1995 1291 inquit,
2017 1257 2099 1291 syn-

425 1318 548 1351 agogas
574 1317 715 1341 corum,
738 1316 848 1348 neque
867 1303 1008 1336 illorum
1035 1303 1173 1335 nomina
1201 1301 1298 1335 labiis
1324 1303 1408 1335 rucis
1433 1302 1561 1335 diutius
1587 1302 1879 1337 commemorabo.
1907 1303 1998 1337 Cur?
2017 1304 2100 1337 San-

425 1364 586 1407 guinum,
607 1363 714 1407 inquit
727 1387 734 1399 ,
757 1372 875 1397 causa:
895 1359 929 1392 id
950 1365 1000 1392 cst
1018 1360 1097 1404 quia
1116 1358 1269 1404 plurimo
1288 1360 1452 1403 inquinati
1473 1366 1550 1392 sunt
1569 1361 1731 1405 sanguiue
1751 1371 1788 1393 ac
1805 1359 1978 1394 caedibus.
1999 1360 2099 1401 Quod

425 1421 451 1453 si
477 1421 554 1465 quis
580 1419 689 1457 dicat,
712 1418 826 1451 locum
853 1417 943 1450 hunc
963 1416 1006 1450 (lc
1025 1416 1168 1449 ethnicis
1186 1427 1258 1449 esse
1277 1415 1556 1460 intelligendum,
1579 1416 1643 1449 hoc
1670 1416 1775 1449 modo
1801 1414 2099 1462 interpretaberis:

427 1489 507 1511 nam
525 1478 605 1522 quia
623 1481 870 1522 properarunt,
888 1475 1016 1519 inquit,
1035 1473 1076 1506 ad
1097 1472 1219 1511 fidem,
1237 1479 1466 1518 prompteque
1485 1479 1659 1506 ostensum
1673 1474 1859 1507 Dominum
1878 1479 2100 1519 exceperunt,

429 1541 530 1580 atque
549 1535 590 1568 ad
612 1534 730 1567 divinu
746 1546 766 1565 :a
788 1533 905 1565 lumen
924 1537 1163 1568 accurrerunt,
1180 1542 1296 1563 nonne
1313 1541 1377 1575 ego
1395 1529 1614 1575 congregabo
1634 1537 1820 1564 conventus
1839 1531 1982 1565 eorum?
2001 1531 2104 1564 Inter-

429 1593 582 1637 rogativa
602 1593 692 1625 enim
712 1602 790 1624 cum
810 1590 1084 1635 interpunctione
1110 1588 1293 1632 legendum
1320 1588 1399 1621 crit:
1422 1599 1536 1621 nonne
1555 1588 1733 1633 colligam,
1754 1589 1882 1634 inquit,
1903 1600 1942 1622 ex
1967 1588 2105 1633 sangui-

431 1649 552 1684 uibus?
568 1649 672 1686 idest,
690 1655 872 1694 postquam
892 1658 1012 1680 omnes
1031 1646 1199 1679 interfecti
1220 1646 1332 1683 suere,
1348 1645 1545 1690 multusque
1566 1646 1719 1691 ipsorum
1737 1645 1864 1679 effusus
1882 1651 1931 1679 est
1950 1646 2102 1691 sanguis,

433 1708 552 1740 Sat-dna
578 1717 635 1740 eos
661 1705 844 1751 perdente,
866 1704 1143 1748 daemonumque
1169 1714 1270 1748 grege
1296 1702 1435 1736 eosdem
1459 1709 1625 1736 vastante.
1654 1703 1777 1748 Utique
1802 1703 1938 1749 sanguis
1963 1703 2106 1736 occisio-

432 1775 511 1797 nem
531 1763 688 1801 denotat,
708 1764 778 1795 sixc
797 1763 955 1799 exitium,
977 1760 1070 1806 quod
1090 1760 1215 1793 ethnici
1235 1759 1463 1805 pertulerant,
1485 1759 1569 1792 dum
1588 1759 1789 1792 universalis
1806 1760 1968 1793 creatoris
1986 1760 2106 1793 notitia

432 1826 599 1854 carerent.
622 1820 687 1853 Sed
706 1821 796 1852 enim
816 1818 913 1851 illum
933 1829 1071 1862 gregem
1090 1816 1212 1850 deduci
1233 1816 1275 1849 ad
1295 1816 1467 1849 infernum
1487 1827 1622 1849 necesse
1641 1817 1717 1849 erit.
1738 1816 1790 1849 Sic
1807 1816 1898 1849 enim
1919 1815 1962 1849 de
1980 1816 2056 1862 ipso
2074 1822 2109 1850 et

434 1876 478 1910 de
497 1879 616 1910 Satana
635 1878 798 1922 scriptum
818 1882 884 1909 est:
902 1867 961 1920 qui
981 1875 1121 1919 requirit
1143 1874 1342 1918 sanguinem
1363 1884 1500 1911 eorum,
1518 1873 1717 1906 recordatus
1735 1879 1785 1906 est
1800 1873 1824 1906 ⁹.
1846 1872 1888 1906 Et
1905 1872 2011 1907 illud:
2028 1879 2110 1907 tam-

434 1946 537 1980 quam
558 1936 590 1968 in
610 1935 745 1968 inferno
765 1933 864 1979 positi
885 1939 983 1970 suut;
1004 1943 1098 1965 mors
1116 1930 1257 1964 minabit
1278 1942 1335 1964 eos
1354 1931 1378 1964 ’.
1401 1932 1535 1976 Quippe
1554 1931 1625 1976 ipse
1645 1942 1738 1964 mors
1755 1936 1844 1969 erat,
1866 1930 1901 1963 id
1921 1935 1969 1964 est
1988 1930 2110 1963 mortis

437 2000 554 2027 auctor
573 1994 709 2026 Satanas
736 1992 880 2037 pastoris
906 1990 1009 2023 xeluti
1029 1990 1101 2023 xice
1120 1989 1311 2024 deducens.
1334 2000 1371 2022 ac
1389 1989 1494 2021 x‘eluti
1513 1987 1720 2033 quibusdam
1746 1987 1906 2026 stabulis,
1927 1989 1962 2022 in
1986 1987 2108 2021 inferni

435 2063 488 2085 cax
498 2052 544 2084 eis
563 2049 783 2084 cuncludons.
806 2049 975 2088 Quoniam
996 2048 1096 2092 igitur
1115 2046 1244 2085 multus
1262 2057 1383 2079 eorum
1403 2046 1529 2079 effusus
1549 2046 1612 2079 fuit
1632 2046 1782 2090 sanguis,
1803 2051 1836 2079 et
1854 2046 1933 2091 quia
1952 2057 2112 2091 propera-

435 2115 515 2142 runt
535 2108 576 2141 ad
597 2107 700 2140 fidem
712 2133 719 2144 ,
740 2118 853 2140 nonne
872 2117 936 2150 ego
955 2116 1106 2150 congrua
1125 2103 1357 2138 misericordia
1378 2110 1475 2137 utens
1492 2109 1678 2137 conventus
1697 2104 1851 2148 ipsorum
1871 2102 2111 2148 congregabo?

531 2166 671 2198 Sanctus
693 2164 840 2208 Cyrillus
866 2162 1051 2196 xcrsiculos
1078 2162 1141 2195 hos
1167 2162 1409 2206 interrogative
1435 2161 1508 2194 vult
1534 2160 1613 2205 legi.
1643 2161 1830 2200 Quoniam,
1851 2161 1980 2205 inquit,
2001 2161 2111 2194 vocati

437 2236 476 2257 ex
502 2223 645 2257 ethnicis
664 2222 704 2255 ad
726 2221 829 2255 tidem
851 2227 1097 2266 properarunt,
1119 2220 1202 2265 quisl
1224 2220 1257 2252 ni
1275 2220 1430 2265 ipsorum
1457 2224 1645 2251 conventus
1664 2217 1905 2263 congregabo?
1923 2218 2033 2252 Dictio
2052 2229 2113 2251 au-

440 2287 506 2314 tem
523 2295 538 2311 a
558 2292 597 2314 ex
618 2278 837 2324 sanguinibus
854 2293 869 2309 »
888 2279 1026 2323 ponitur
1046 2289 1109 2323 pro
1128 2291 1142 2307 «
1160 2277 1323 2322 quoniam
1343 2287 1462 2309 omnes
1479 2275 1646 2309 interfecti
1666 2274 1802 2308 fuerunt
1820 2288 1835 2306 »
1853 2283 1916 2308 etc.
1933 2283 1972 2307 ut
1988 2286 2110 2321 supra.

439 2340 507 2372 Aut
533 2324 719 2371 secundum
738 2335 914 2380 Aquilam:
939 2346 1008 2368 non
1035 2334 1151 2367 libabo
1169 2334 1180 2344 '
1201 2333 1383 2367 libationes
1406 2344 1526 2366 eorum
1552 2332 1595 2365 de
1621 2331 1854 2377 sanguinibus.
1883 2331 1974 2365 Olim
1998 2331 2112 2365 Iudaei

440 2397 511 2430 Deo
529 2394 703 2428 libabant.
725 2392 864 2426 iubente
883 2393 984 2437 lege;>
997 2392 1121 2425 ethnici
1142 2397 1255 2424 autem
1279 2390 1393 2423 idolis.
1422 2391 1494 2435 Ego
1512 2401 1596 2422 vero
1615 2401 1702 2423 nova
1722 2390 1851 2423 cunctis
1868 2390 2027 2434 mysteria
2048 2395 2114 2422 tra-

441 2452 540 2491 dam,
562 2458 593 2485 et
621 2453 834 2485 incruentam
860 2450 1026 2485 hostiam,
1048 2448 1172 2493 legales
1198 2449 1233 2480 in
1259 2453 1435 2492 posterum
1462 2458 1627 2491 respuens
1652 2446 1856 2480 oblationes.

887 2514 1035 2537 funiculi
1051 2513 1230 2536 ceciderunt
1247 2513 1324 2534 mihi
1343 2513 1377 2534 ἰιι
1395 2512 1566 2538 praeclaris
1582 2513 1670 2535 meis.

539 2566 724 2600 Funiculus
751 2576 908 2598 mensura
936 2569 1002 2598 est,
1027 2569 1064 2595 ut
1089 2563 1122 2595 in
1150 2562 1310 2595 lobannis
1336 2561 1513 2606 evangelio
1532 2561 1692 2595 scribitur
1712 2562 1741 2594 ⁶:
1763 2573 1833 2595 non
1851 2562 1943 2595 enim
1962 2572 2003 2594 ex
2021 2572 2114 2598 men-

443 2635 521 2656 sura
547 2624 605 2657 dat
631 2624 720 2656 Deus
747 2622 917 2668 spiritum.
946 2619 1005 2652 Vel
1034 2619 1175 2652 sortasse
1202 2630 1380 2651 mensurae
1406 2630 1532 2651 nomen
1559 2618 1600 2651 ad
1627 2618 1819 2652 doctrinam
1849 2629 1918 2651 uon
1944 2617 2113 2656 refertur,

447 2679 506 2712 sed
533 2680 574 2713 ad
601 2691 679 2713 eum
701 2681 758 2725 qui
778 2680 887 2724 ipsam
908 2678 1043 2722 recipit,
1065 2677 1142 2721 quia
1162 2676 1338 2721 amplioris
1363 2676 1538 2709 doctrinae
1557 2687 1627 2709 non
1646 2676 1687 2708 sit
1706 2686 1823 2720 capax.
1844 2676 1930 2709 Nam
1949 2680 1981 2708 et
2000 2674 2115 2719 pluvia

448 2737 566 2770 eadem
593 2736 720 2781 ubique
746 2743 814 2774 est,
836 2736 895 2769 sed
922 2742 1035 2768 tamen
1062 2745 1125 2780 pro
1151 2733 1333 2778 capacitate
1357 2744 1518 2766 rasorum
1546 2732 1584 2765 fit
1609 2726 1863 2766 mensurabilisss

1085 2798 1253 2821 nen-editas
1269 2804 1336 2820 mea
1353 2799 1482 2824 optima.

545 2850 641 2882 Prior
667 2850 806 2894 quidem
833 2849 1022 2887 hereditas,
1042 2848 1077 2881 id
1103 2854 1152 2881 est
1179 2846 1323 2885 Israhel,
1344 2857 1414 2881 non
1439 2846 1502 2880 fuit
1527 2847 1677 2892 optima,
1698 2847 1806 2879 immo
1832 2846 1945 2891 potius
1969 2845 2040 2878 Deo
2065 2845 2118 2878 in-
