2205 3177
775 208 808 230 is
834 206 989 229 PSALMUM
1016 208 1139 229 xxxix.
1739 196 1803 229 183

116 283 183 310 tem
210 273 390 308 habemns.
419 273 515 306 Petra
538 284 621 305 vero
641 271 741 305 aliter
760 271 863 304 etiam
883 269 1088 312 intelligitur
1108 270 1280 307 Christus,
1303 271 1459 303 omnium
1488 269 1636 303 fulcrum
1650 296 1657 306 ,
1679 269 1808 303 electus

117 333 218 378 lapis,
238 332 272 364 in
300 331 409 364 Sionis
437 330 659 364 fundamenta
686 330 793 362 iactus
819 339 836 361 a
863 328 934 360 Deo
961 333 1077 372 patre.
1100 339 1203 372 super
1228 338 1332 372 quem
1359 328 1470 361 cuncti
1495 326 1717 361 aedificamur
1743 327 1808 361 do-

117 402 193 424 mus
219 389 398 435 spiritalis,
420 389 588 423 temolum
609 393 763 421 sanctum
783 386 825 419 ad
845 386 905 418 Dei
927 384 1161 418 habitaculum
1182 386 1216 418 in
1236 386 1372 431 spiritu.
1402 386 1531 419 Direxit
1550 392 1688 419 nostros
1705 387 1807 420 etiam

117 459 272 493 gressus:
301 447 412 480 edocti
441 447 531 479 enim
560 445 686 478 fuimus
712 450 821 477 rectas
854 443 964 477 sacerc-
991 443 1149 481 semitas,
1178 445 1236 488 qui
1264 449 1361 476 antea
1388 442 1547 488 obliquas
1577 442 1807 487 distortasque

117 506 189 538 vias
215 503 444 538 sectabamur.

610 568 651 590 Et
668 568 790 590 inmisit
808 568 843 589 in
860 574 892 589 os
909 573 1011 589 meum
1027 567 1185 589 cauticum
1201 572 1322 589 novum.

214 622 288 655 Hoc
306 631 446 666 quoque
467 631 541 652 cun>
564 618 637 651 aliis
657 617 780 651 Christi
800 617 902 651 donis
921 616 1175 650 numerandum
1195 622 1257 650 est.
1287 617 1442 662 Namque
1462 616 1554 650 haud
1573 615 1735 649 omnibus
1757 617 1809 649 in-

117 678 379 712 discriminatim
398 677 527 714 evenit,
551 682 587 709 ut
607 676 717 708 Deum
738 675 879 708 laudare
898 681 1044 720 queant:
1067 686 1129 708 nee
1148 675 1331 719 quisquam
1351 674 1385 706 id
1405 685 1505 719 agere
1532 674 1673 707 studens
1691 680 1808 719 gratus

117 737 182 769 erit
208 737 300 773 Deo,
330 736 392 768 nisi
420 736 460 767 sit
486 746 525 767 ex
554 733 694 766 illorum
722 744 868 766 numero
893 733 952 777 qui
980 738 1071 766 recte
1097 732 1213 764 vivere
1240 731 1482 765 adsueverunt.
1512 732 1587 764 Non
1614 732 1704 764 enim
1733 743 1809 776 spe-

119 794 210 826 ciosa
236 793 310 826 laus
335 798 384 825 est
404 792 436 824 iu
457 802 517 824 ore
537 791 725 836 peccatoris
747 791 771 824 ¹.
801 791 932 823 Inmisit
951 801 1035 835 ergo
1056 790 1089 823 in
1116 800 1155 822 os
1182 800 1296 822 meum
1317 789 1488 821 canticum
1507 799 1637 821 noxum
1665 800 1729 833 pro
1750 788 1810 821 illo

119 856 233 883 vetere
251 849 388 894 Moysis.
418 849 503 881 Nam
523 854 615 881 recte
636 848 806 881 sactorum
827 847 986 885 novitati,
1009 857 1139 879 novum
1159 857 1303 892 prorsus
1322 846 1492 879 canticum
1512 851 1695 890 congruet,
1718 845 1810 878 haud

119 907 240 953 priscis
266 906 402 951 hymnis
428 905 550 939 simile.
581 906 716 951 Quippe
737 916 801 950 pro
820 904 940 938 oblato
966 903 1049 938 olim
1076 905 1190 949 impiis
1209 902 1438 937 daemonibus
1460 902 1632 947 idolisque
1657 903 1806 941 cantico,

118 965 267 1010 hymnos
293 975 354 1008 per
381 970 536 996 sanctum
563 964 727 1009 Spiritum
755 963 845 996 docti
875 962 999 996 fuimus
1027 963 1221 996 concinere.

489 1029 648 1051 vinebunt
667 1029 760 1051 multi
777 1031 806 1051 e!
826 1029 996 1056 timebunt,
1012 1030 1043 1050 et
1059 1028 1232 1055 sperabunt
1250 1028 1283 1050 in
1301 1027 1444 1050 nomino.

216 1079 439 1125 Exemplum.
466 1080 572 1124 inquit
590 1107 596 1115 ,
619 1079 740 1112 ceteris
761 1078 858 1115 liam:
880 1084 917 1112 ut
937 1090 992 1112 me
1012 1078 1241 1111 aemulantes.
1264 1088 1281 1110 a
1302 1077 1429 1110 malitia
1450 1082 1579 1110 cessent
1593 1102 1600 1113 ,
1622 1087 1809 1121 paremque

118 1137 265 1171 habeant
286 1138 440 1171 melioris
458 1138 547 1171 xitae
566 1149 676 1183 spem.
699 1138 840 1183 Semper
860 1137 952 1170 enim
971 1137 1029 1181 qui
1050 1136 1207 1169 nondum
1226 1135 1466 1172 crediderunt,
1490 1146 1548 1168 eos
1567 1135 1625 1179 qui
1648 1135 1717 1167 iam
1736 1145 1810 1167 cre-

115 1195 269 1229 diderint
295 1197 532 1229 aemulantur.
555 1206 745 1239 eorumque
766 1206 879 1228 mores
898 1206 935 1227 ac
954 1195 1117 1240 pietatem
1137 1205 1252 1239 presse
1278 1193 1372 1238 sequi
1393 1192 1584 1229 studentes,
1607 1192 1809 1237 resipiscunt

118 1252 162 1285 ad
188 1254 387 1289 veritatem.
410 1254 550 1298 eiuvrgue
571 1253 687 1286 lumen
707 1259 892 1286 sectantur.
922 1252 1011 1292 Quid
1031 1251 1111 1285 inde
1131 1251 1259 1298 porro‘.3
1284 1252 1416 1297 Nempe
1436 1250 1592 1283 divinum
1611 1250 1809 1295 concipiunt

116 1317 233 1344 mente
253 1312 430 1349 timorem,
452 1312 494 1343 (ἓν
514 1323 582 1356 qiu:
603 1311 733 1344 dieunt
760 1317 808 1343 est
830 1311 859 1343 'z
882 1311 1016 1343 initium
1037 1310 1220 1355 sapientiae
1247 1310 1351 1342 timor
1370 1309 1520 1342 Domini.
1542 1309 1696 1353 Itemque
1717 1308 1745 1340 ‘:
1768 1309 1810 1340 ti-

116 1379 215 1401 more
242 1369 396 1402 Domini.
420 1369 654 1414 urstsquisqrz·
675 1381 691 1401 a
712 1367 804 1401 malo
830 1367 993 1401 declinat.
1023 1367 1087 1407 Qui
1107 1378 1209 1411 ergo,
1233 1366 1361 1411 inquit.
1384 1365 1461 1399 facti
1488 1372 1567 1399 sunt
1593 1365 1807 1398 credentium

118 1425 365 1460 aemulatores,
387 1427 522 1471 ian‘que
549 1426 706 1459 divinum
733 1431 968 1470 conceperunt
994 1425 1174 1461 timorem,
1196 1424 1230 1457 hi
1258 1435 1353 1469 spem
1379 1435 1475 1457 suam
1501 1424 1536 1456 in
1562 1423 1635 1456 Deo
1662 1421 1810 1455 fundan-

116 1489 188 1518 ies.
212 1483 255 1516 ab
281 1484 357 1528 ipso
384 1485 458 1517 solo
485 1483 559 1515 (lari
587 1482 650 1516 sihi
678 1482 769 1516 bona
795 1488 987 1527 quaerunt;
1009 1493 1219 1527 quamquam
1246 1487 1342 1515 antea
1367 1481 1505 1515 fortuna
1532 1481 1646 1514 nescio
1672 1492 1756 1525 qua,
1777 1486 1810 1513 et

118 1540 313 1586 horoscop:
341 1543 389 1573 ae'
406 1540 493 1578 fato,
518 1552 635 1574 rerum
662 1540 892 1573 humanarum
920 1538 1073 1572 habenas
1099 1540 1170 1584 regi
1198 1537 1364 1584 putabant
1387 1541 1411 1577 [i
1428 1555 1443 1572 l.
1475 1538 1538 1572 Sed
1558 1544 1590 1571 et
1617 1537 1698 1571 alibi
1724 1552 1737 1568 ιι
1761 1539 1809 1570 vi-

115 1597 250 1631 debunt
274 1613 289 1630 »
318 1610 383 1643 pro
413 1612 426 1628 «
451 1600 562 1631 risum
590 1597 844 1643 recuperabunt
870 1612 884 1628 »
910 1597 1040 1631 dictum
1067 1603 1130 1630 est.
1159 1597 1214 1630 Ait
1245 1597 1336 1630 enim
1367 1608 1427 1630 ore
1454 1597 1557 1630 Isaiae
1583 1596 1625 1629 de
1652 1595 1811 1641 gentibus

116 1656 207 1689 Deus
235 1656 265 1688 ‘s
294 1656 418 1689 ducam
446 1667 564 1689 caecos
590 1656 625 1689 in
652 1656 743 1688 xiam
769 1666 872 1700 quam
900 1666 971 1689 non
997 1660 1186 1689 noverant.
1216 1654 1407 1700 faciamque
1432 1665 1492 1687 eos
1516 1655 1652 1687 semitas
1678 1653 1809 1687 calcare

116 1724 201 1758 quas
227 1713 446 1758 ignorabant.
476 1713 630 1747 Christus
655 1724 797 1758 quoque
824 1713 957 1746 Iudaeis
983 1713 1029 1746 ait
1049 1713 1080 1745 ’τ
1103 1723 1166 1757 ego
1193 1723 1269 1745 sum
1287 1711 1361 1745 lux.
1391 1712 1479 1752 Quin
1507 1711 1594 1745 adeo
1621 1711 1663 1745 ad
1690 1711 1810 1745 oculos

119 1771 323 1815 aperiendos
342 1783 523 1805 caecorum
551 1772 674 1804 missus
701 1782 718 1804 a
746 1777 842 1816 patre
869 1770 932 1803 fuit
952 1771 976 1804 “.
1000 1769 1175 1804 Videbunt
1200 1771 1334 1815 itaque,
1356 1770 1391 1803 id
1417 1776 1467 1803 est
1493 1771 1605 1803 visum
1625 1781 1808 1815 reeupera-

119 1826 226 1865 bunt;
248 1834 280 1861 et
307 1829 450 1873 reliqua.
469 1846 471 1848 ·

301 1902 417 1925 Beatus
435 1905 498 1931 vir,
515 1905 605 1926 cuius
621 1907 665 1927 esi
684 1911 795 1927 nomen
813 1904 941 1927 nomini
958 1910 1026 1931 spes
1041 1904 1126 1931 eius,
1141 1906 1173 1927 et
1191 1910 1252 1927 non
1270 1904 1405 1930 respexit
1423 1904 1457 1926 in
1474 1904 1629 1926 vanitates

805 1951 837 1971 et
853 1949 995 1971 insanias
1012 1948 1120 1972 falsas.

218 2002 367 2035 Omnino
394 2014 457 2035 nos
484 2003 571 2037 lianc
598 2003 844 2037 beatitudinem
871 2003 985 2049 adepti
1013 2014 1151 2041 sumus;
1176 2014 1417 2049 nuncupamur
1444 2003 1534 2036 enim
1561 2002 1752 2038 christiani.
1777 2009 1807 2035 et

120 2058 185 2091 hoc
205 2065 254 2092 est
275 2059 490 2105 praeclarum
512 2060 611 2093 nolis
631 2060 778 2093 inditum
798 2071 938 2094 nomen.
966 2080 988 2085 -
1012 2060 1111 2101 Quod
1133 2061 1159 2094 si
1178 2060 1272 2106 quis.
1296 2066 1432 2106 praeter
1451 2060 1540 2093 dicta
1560 2059 1606 2103 «(2)
1620 2085 1628 2098 ,
1648 2059 1731 2092 velit
1749 2070 1809 2092 va-

120 2117 242 2150 nitates
261 2124 290 2150 ct
313 2118 461 2150 insanias
481 2117 580 2151 falsas
599 2118 774 2163 appellare
799 2118 1018 2151 ethnicorum
1043 2118 1263 2163 religionem,
1285 2124 1319 2151 et
1337 2129 1425 2162 quae
1443 2118 1525 2163 ipsis
1544 2116 1739 2151 veneranda
1758 2117 1810 2149 vi-

119 2173 265 2210 dentur.
289 2181 395 2208 totam
416 2176 556 2221 inquam
576 2176 841 2211 ffixinafionem.
863 2182 893 2209 et
915 2177 1053 2221 quasvis
1072 2176 1172 2209 alieni
1191 2177 1325 2222 generis
1343 2175 1535 2210 doctrinas.
1557 2187 1575 2209 a
1595 2181 1689 2208 recto
1708 2186 1806 2208 sensu

120 2242 191 2265 non
218 2231 404 2266 aberrabit.
435 2234 607 2278 Scriptum
633 2245 716 2278 ergo
742 2234 785 2267 de
812 2234 990 2267 nonnullis
1014 2240 1063 2267 est
1084 2234 1114 2266 'z
1136 2234 1301 2267 insaniam
1328 2234 1363 2266 in
1390 2233 1497 2267 domo
1516 2233 1654 2267 Domini
1681 2238 1807 2265 statue—

120 2296 218 2327 runt;
246 2291 413 2324 insaniam
439 2291 585 2325 scilicet.
614 2303 678 2336 pro
704 2291 915 2325 divinatione
942 2291 1035 2325 dicit.
1066 2292 1148 2325 Ausi
1174 2298 1253 2325 sunt
1279 2292 1390 2326 enim.
1416 2292 1526 2337 inquit
1554 2292 1584 2327 '.
1613 2290 1808 2324 Israhelitae

118 2347 261 2393 quidam
280 2360 320 2382 ex
340 2349 444 2382 corde
465 2360 528 2382 suo
548 2349 660 2394 loqui,
683 2360 753 2382 non
780 2355 894 2383 antem
913 2361 954 2382 ex
972 2361 1033 2382 ore
1052 2349 1208 2387 Domini;
1230 2349 1400 2394 multique
1426 2348 1517 2395 apud
1545 2350 1636 2394 ipsos
1657 2348 1728 2381 falsi
1749 2360 1808 2381 ex-

120 2405 219 2439 titere
240 2412 443 2451 propnetae.
473 2405 537 2439 Sed
562 2405 743 2440 tolerabile
763 2406 906 2440 sortasse
925 2412 1017 2445 erat,
1039 2407 1065 2439 si
1092 2407 1128 2439 in
1154 2406 1330 2440 idolorum
1351 2405 1436 2439 fanis
1455 2406 1522 2439 tale
1540 2405 1670 2450 aliquid
1689 2416 1809 2438 ausum

121 2462 256 2501 fuisset;
279 2463 338 2497 sed
365 2464 444 2508 quia
466 2464 499 2496 id
520 2464 555 2496 in
575 2464 647 2509 ipsa
673 2464 813 2497 Domini
840 2463 923 2497 aede
949 2463 1078 2498 factum
1104 2470 1173 2503 est,
1194 2464 1279 2509 quid
1299 2464 1333 2497 ni
1353 2464 1592 2508 gravissimum
1619 2461 1811 2496 habeatur?

494 2529 599 2552 Multa
616 2530 718 2553 fecisti
736 2531 786 2558 tu,
802 2530 936 2553 Domine
952 2530 1036 2553 Dens
1052 2531 1110 2558 mi,
1127 2530 1292 2553 mirabilia
1308 2531 1365 2553 tua
1380 2531 1438 2552 ete.

209 2578 296 2612 Alio
323 2586 437 2613 autem
464 2592 582 2618 sensu,
609 2581 656 2613 sie
681 2581 782 2614 etiam
809 2580 980 2626 intelliges
1008 2581 1068 2626 (3).
1097 2581 1191 2621 Quae
1218 2580 1344 2618 fecisti,
1372 2580 1537 2617 Domine,
1565 2579 1810 2612 incarnationis

121 2642 296 2681 tempore,
319 2637 426 2671 multa
447 2650 485 2672 ac
505 2637 649 2671 mirifica
668 2644 759 2671 sunt.
781 2639 873 2672 Haec
891 2650 955 2684 ego
975 2639 1049 2672 aliis
1067 2649 1206 2683 quoque
1226 2638 1402 2675 nunciavi,
1426 2638 1474 2670 rei
1494 2648 1578 2670 vero
1597 2637 1716 2670 notitia
1736 2642 1809 2670 toto

222 2750 256 2779 [1)
276 2747 385 2781 Quanta
405 2747 488 2774 fuerit
507 2751 628 2774 veterum
647 2748 805 2782 superstitio
825 2748 896 2775 circa
916 2748 1112 2776 divinationem
1133 2751 1160 2774 et
1179 2747 1305 2779 oracula,
1320 2745 1430 2774 abunde
1448 2746 1527 2773 docet
1546 2746 1675 2777 barbara,
1695 2754 1806 2782 graeca,

117 2794 146 2817 et
166 2798 279 2818 romana
300 2791 422 2818 historia.
444 2792 535 2818 Instar
553 2792 678 2819 omnium
698 2793 754 2819 sint
772 2793 911 2820 Ciceronis
929 2792 963 2820 de
981 2792 1150 2820 divinatione
1169 2791 1242 2818 libri.

221 2839 256 2867 (2,
275 2836 359 2863 Periit
379 2836 445 2863 haec
465 2836 624 2872 cyrillianae
643 2837 842 2871 explanationis
861 2845 938 2872 pars,
957 2837 992 2865 ab
1010 2837 1147 2872 eelogario
1167 2837 1369 2872 praetermissa.

220 2883 255 2912 (3)
275 2881 343 2908 Heic
362 2889 472 2916 quoque
492 2881 592 2908 amissa
612 2880 736 2909 videmus
754 2881 953 2917 praecedentia.

1849 739 1887 758 (ir.
1902 745 1923 765 μ.
1940 742 1985 759 292.

1850 799 1857 806 “
1878 796 1944 817 Eccli.
1960 796 2007 817 RV,
2024 800 2035 815 'J

1850 1312 1857 1319 '
1874 1310 1941 1330 Ecen.
1959 1310 1974 1330 l.
1993 1313 2022 1330 ia,

1851 1340 1856 1347 ’
1874 1336 1940 1357 Prov.
1954 1336 2012 1357 XVI.
2023 1340 2041 1356 οἱΔ

1848 1666 1856 1673 ’
1873 1663 1900 1684 Is.
1916 1664 1984 1685 XLII.
2006 1668 2034 1685 tu.

1848 1725 1857 1731 ‘
1874 1722 1923 1742 Ioh.
1938 1722 1998 1743 VIII.
2012 1705 2041 1743 12¹.

1848 1782 1856 1789 ⁸
1873 1780 1927 1800 Luc.
1944 1780 1980 1800 IV.
1999 1784 2028 1801 18.

1850 2243 1857 2249 '
1870 2242 1909 2262 Os.
1926 2242 1962 2263 lx.
1979 2245 1997 2262 S.

1849 2299 1855 2304 ·
1873 2295 1952 2316 fizech.
1969 2296 2028 2317 xnt.

1849 2325 1886 2370 ῗὶν.
1901 2355 1923 2375 p.
1939 2353 1985 2370 292¹..
