2205 3177
648 200 681 222 lx
706 197 954 223 nrisromirAn
980 196 1131 219 ROMANOS
1158 196 1230 219 cAP.
1260 197 1308 219 lx.
1772 185 1817 218 25

145 275 345 312 comparare
371 264 461 297 sivit.
490 253 649 297 Profecto
676 262 838 309 patientia
864 260 933 298 uti,
962 266 993 293 et
1022 272 1168 305 operum
1194 267 1330 306 tempus
1356 265 1554 305 expectare,
1581 259 1654 293 Deo
1680 258 1827 292 arduum

145 336 215 358 non
237 329 327 362 0131,
354 328 393 356 ut
416 333 457 355 ex
481 322 548 355 suis
573 328 717 366 uterque
742 317 905 365 operibus
929 316 1210 361 distingueretur.
1240 318 1325 358 Quia
1348 324 1462 351 tamen
1487 316 1714 350 necessarium
1735 322 1824 354 erat,

148 389 220 416 tum
239 381 368 426 gratiae
388 392 429 414 ex
453 379 620 413 electione
645 379 760 417 datae,
782 383 854 410 tum
879 375 981 408 etiam
1007 374 1090 407 doni
1118 387 1158 408 ex
1186 376 1466 420 praecognitione
1485 375 1566 408 item
1592 374 1678 413 dati,
1700 380 1830 424 myste-

146 440 235 473 rium
264 439 298 472 111
330 439 471 484 praevio
502 444 535 483 ty
540 449 585 483 po
608 440 888 482 repraesentare;
917 432 1046 465 idcirco
1072 431 1203 465 utiliter
1228 433 1380 478 optimus
1409 432 1542 466 harum
1560 443 1677 465 rerum
1707 430 1829 465 artifex

146 498 252 531 Deus.
279 496 495 531 occasionem
520 491 780 540 quodammodo
800 490 973 536 arripuit,
1002 495 1035 522 et
1061 490 1127 522 iam
1152 488 1232 522 inde
1260 501 1277 523 a
1306 501 1494 534 puerorum
1518 489 1645 523 horum
1672 490 1829 534 genitura

145 553 412 591 demonstravit,
435 552 509 586 fore
535 558 573 585 ut
595 551 745 587 15330115,
768 554 943 592 tamquam
969 547 995 579 si
1021 545 1115 580 solus
1140 546 1211 591 ipse
1234 557 1274 579 ex
1293 545 1491 581 Abrahamo
1512 545 1754 584 descenderet,
1775 546 1829 579 in-

147 622 372 644 numerorum
400 609 612 655 populorum
643 612 738 652 pater
764 604 882 641 fieret,
911 604 969 649 qui
996 615 1037 637 ex
1064 603 1293 648 promissione
1322 614 1360 636 ac
1391 603 1496 636 1011111
1523 603 1559 636 111
1585 602 1653 636 fide
1681 601 1829 636 vocandi

147 675 257 703 erant.
286 668 359 713 Age
376 678 460 701 vero
485 667 512 700 si
537 664 696 701 illorum,
716 673 804 708 quos
827 661 1018 696 seeundum
1041 672 1139 694 suam
1160 661 1315 694 notitiam
1334 660 1448 705 eligit,
1470 660 1576 693 immo
1594 666 1628 693 et
1650 660 1710 705 qui
1727 660 1829 694 mise-

148 726 297 760 ricordia
316 725 490 770 digniores
507 728 585 756 sunt
602 721 647 767 (l)
661 747 668 760 ,
687 721 869 765 miseretur
888 720 996 757 Deus;
1014 718 1099 751 dixit
1118 718 1209 751 enim
1226 717 1311 751 olim
1328 717 1454 762 Moysi,
1470 716 1661 750 miserebor
1678 728 1829 762 quorum

147 784 329 821 misereor,
350 788 381 815 et
408 778 624 827 propitiabor
641 776 767 824 quibus
793 778 983 823 propitior;
1003 776 1088 823 qnid
1114 776 1148 809 ni
1167 787 1221 809 res
1247 781 1340 809 extra
1364 786 1503 808 omnem
1529 774 1734 808 calumniam
1761 774 1829 807 sit?

147 842 219 886 Age
244 852 326 874 vcro
353 838 571 885 praevidens,
595 843 634 870 ut
659 848 758 875 reor,
785 836 964 882 perspicue
993 833 1188 880 apostolus,
1210 845 1280 867 non
1304 832 1483 866 defuturos
1500 829 1651 866 ⁴fortasse
1674 833 1733 877 qni
1758 832 1830 866 exi-

147 899 340 935 stimarent.
369 897 487 929 11111110
512 901 598 928 1111111
626 894 712 928 31105
739 893 881 939 quidem
908 891 1020 926 bonos
1046 903 1137 930 esse,
1166 890 1251 924 alios
1276 897 1512 927 contumaces,
1539 890 1730 924 necessario
1757 890 1831 935 ipse

146 955 210 989 sibi
229 954 345 988 obiicit
371 964 459 998 quae
480 951 523 986 ab
550 952 692 986 illorum
712 951 844 990 inscitia
872 949 1002 987 forent,
1026 950 1157 994 aitque:
1179 959 1262 994 ergo
1290 959 1361 982 non
1386 948 1533 982 volentis
1556 958 1667 992 neque
1687 958 1830 980 curren-

148 1013 204 1051 tis,
227 1011 286 1045 sed
308 1011 499 1045 miserentis
521 1016 572 1044 est
594 1010 667 1043 Dei.
697 1009 729 1042 Si
748 1010 839 1042 enim
862 1007 944 1041 odio
964 1006 1101 1042 habitus
1127 1013 1177 1040 est
1195 1007 1283 1040 Esau
1304 1013 1381 1039 ante
1400 1006 1502 1039 etiam
1521 1016 1626 1051 quam
1645 1005 1830 1050 quicquam

145 1081 291 1116 pravum
310 1075 479 1115 patraret,
501 1070 536 1102 in
557 1067 690 1101 honore
709 1073 822 1100 autem
841 1065 978 1099 habitus
992 1064 1135 1099 Iacobus
1154 1070 1231 1098 ante
1248 1075 1345 1098 suam
1364 1064 1658 1110 procreationem3
1678 1063 1828 1108 itemque

145 1128 171 1161 si
193 1128 372 1160 miseretur
391 1126 499 1163 Deus,
526 1136 677 1170 quorum
700 1126 900 1162 miseretur;
924 1135 985 1156 cur
1010 1134 1079 1155 non
1104 1121 1190 1155 illud
1215 1122 1364 1167 cogitare
1384 1130 1531 1166 aequum
1554 1121 1615 1159 sit,
1638 1119 1721 1153 nihil
1746 1131 1829 1165 pro-

145 1183 242 1218 desse
266 1184 293 1217 si
317 1184 395 1228 quis
417 1180 532 1217 cur‘rat
556 1189 613 1216 aut
635 1182 734 1221 velit,
755 1181 791 1215 id
816 1187 866 1215 est
885 1181 912 1215 si
930 1181 1007 1226 quis
1032 1186 1123 1214 recte
1148 1191 1247 1225 agere
1271 1178 1335 1212 sibi
1361 1184 1551 1224 proponat,
1573 1184 1693 1212 cuncta
1714 1184 1828 1211 autem

148 1247 265 1274 nostra
293 1252 333 1274 ex
360 1241 419 1274 Dei
449 1239 589 1274 nutibus
614 1239 834 1285 dependere?
859 1237 989 1271 Deinde
1015 1238 1169 1282 congerit
1197 1248 1285 1281 quae
1314 1236 1402 1269 hanc
1430 1236 1633 1269 sententiam
1660 1234 1829 1269 roborare

146 1304 295 1345 queunt,
317 1299 447 1344 aitque:
467 1298 549 1332 dicit
565 1299 657 1332 enim
682 1298 850 1343 scriptura
871 1296 1056 1333 Pharaoni,
1080 1306 1145 1340 ego
1164 1301 1195 1328 te
1216 1294 1260 1328 ad
1278 1294 1344 1328 hoc
1366 1294 1527 1332 excitavi,
1547 1300 1585 1327 ut
1604 1294 1640 1326 in
1661 1299 1693 1326 te
1713 1299 1829 1327 osten-

145 1355 226 1389 dam
248 1356 435 1401 potentiam
455 1366 579 1388 meam.
608 1354 783 1399 Additque
808 1353 860 1386 his
878 1352 984 1386 1011111
1009 1353 1112 1385 totius
1131 1352 1376 1397 propositionis
1397 1350 1670 1389 conclusionem,
1691 1349 1826 1384 dicens:

146 1412 248 1457 igitur
274 1413 369 1446 cuius
395 1411 470 1445 vult
493 1413 691 1449 miseretur,
716 1421 821 1456 quem
848 1410 930 1443 item
955 1409 1028 1443 11111
1056 1409 1208 1443 indurat.

236 1470 330 1514 Ergo
356 1469 441 1502 mihi
466 1469 574 1502 dices:
603 1479 664 1501 eur
690 1468 757 1501 iam
783 1467 941 1500 irascitur
966 1466 1098 1500 homini
1119 1466 1234 1500 Deus?
1259 1467 1347 1500 Nam
1367 1466 1535 1499 voluntati
1558 1467 1631 1499 eius
1652 1466 1729 1511 quis
1751 1477 1829 1499 um-

142 1537 245 1571 quam
271 1526 417 1560 restitit?
434 1526 547 1570 Quae,
572 1526 733 1571 inquam,
755 1531 910 1570 superest
934 1525 1071 1558 divinae
1097 1524 1336 1570 providentiae
1361 1524 1600 1558 defendendae
1626 1524 1735 1558 ratio?
1759 1522 1828 1558 Ob-

142 1594 240 1617 scura
258 1595 338 1617 sane
353 1584 524 1629 quaestio,
541 1590 575 1617 et
592 1594 680 1629 quae
700 1583 843 1617 illorum
863 1582 1116 1616 obiectionibus
1135 1582 1249 1626 favere
1265 1582 1434 1616 videatur.
1451 1583 1692 1617 Verumtamen
1707 1593 1829 1627 quam-

134 1652 246 1686 -quam
271 1642 350 1675 satis
373 1642 481 1678 estin
504 1641 571 1675 hoc
596 1640 823 1679 defensionis,
852 1640 948 1686 quod
975 1640 1061 1673 nihil
1090 1646 1185 1674 extra
1213 1641 1266 1674 ius
1294 1646 1329 1674 et
1356 1646 1487 1673 rectum
1513 1639 1606 1686 apud
1632 1640 1744 1676 Deum
1768 1638 1826 1678 fit.;

145 1698 263 1732 tribuit
281 1700 373 1733 enim
390 1699 487 1745 quod
505 1700 628 1744 cuique
647 1699 822 1737 convenit,
839 1704 873 1732 et
890 1698 1072 1732 miseretur
1090 1698 1367 1744 compatiturque
1381 1697 1433 1731 his
1451 1709 1601 1743 quorum
1618 1697 1715 1731 decet
1729 1708 1829 1743 opor-

143 1763 258 1802 tetque
280 1758 451 1796 misereri;
472 1768 603 1803 poenae
624 1763 738 1791 autem
762 1757 923 1790 scelestos
941 1756 1093 1795 subiicit,
1116 1756 1209 1791 haud
1232 1757 1347 1790 statim
1368 1763 1402 1790 et
1425 1768 1443 1790 e
1462 1756 1606 1801 vestigio
1626 1756 1756 1789 crimen
1775 1766 1829 1788 se-

143 1821 269 1860 quente
294 1815 503 1860 poena‚.sed
522 1815 660 1861 praevia
681 1815 796 1860 potius
815 1814 918 1860 longa
939 1815 1118 1860 patientia,
1140 1815 1185 1848 ita
1205 1821 1243 1848 ut
1262 1813 1422 1848 nonnulli
1443 1813 1617 1847 interdum
1636 1813 1829 1846 existiment

144 1883 198 1905 res
218 1883 235 1905 a
254 1873 325 1906 Deo
349 1878 500 1905 terrenas
519 1883 589 1905 non
612 1873 742 1911 curari,
763 1862 913 1906 occurrit
927 1864 1074 1911 Paulus,
1097 1879 1130 1906 et
1150 1872 1234 1906 haec
1256 1871 1491 1910 dictitantjbus
1513 1871 1728 1909 adversatur,
1750 1882 1829 1904 101*-

144 1928 270 1962 borum
292 1940 434 1963 suorum
452 1930 522 1963 11111
547 1929 590 1963 ad
616 1930 768 1975 prolatas
794 1930 829 1966 in
857 1929 1053 1975 exemplum
1072 1941 1255 1976 personas,
1277 1931 1365 1964 Esau
1385 1931 1524 1975 inquam
1542 1935 1576 1963 et
1594 1928 1825 1968 Pharaonem,

145 1985 307 2032 dirigens.
336 1987 388 2020 Sic
413 1987 516 2032 igitur
543 1988 712 2021 utrumvis
737 1999 779 2021 ex
804 1987 857 2021 his
885 1986 1082 2022 hominibus
1108 1988 1313 2033 alloquitur:
1336 2000 1358 2022 o
1382 1988 1508 2027 homo,
1530 1993 1567 2021 tu
1589 1987 1666 2032 quis
1689 1998 1742 2024 05,
1769 1986 1828 2031 qui

143 2047 214 2080 Deo
232 2046 464 2092 respondeas?
483 2048 573 2081 Num
593 2047 682 2081 dicet
706 2046 810 2081 fictile
834 2047 975 2093 fingenti
995 2059 1047 2087 se,
1069 2059 1131 2081 cur
1149 2049 1194 2081 ita
1213 2059 1269 2081 me
1291 2047 1421 2090 fecisti?
1440 2048 1514 2080 Hoc
1533 2046 1682 2080 evidenti
1701 2046 1828 2079 scilicet

143 2105 301 2150 exemplo
321 2100 485 2150 significat
499 2131 506 2143 ,
529 2104 639 2139 multo
658 2116 730 2138 esse
751 2105 1079 2151 periculosissimum
1098 2105 1213 2139 divina
1233 2105 1356 2139 iudlcia
1374 2104 1593 2150 redarguere.
1616 2104 1713 2137 Certe
1734 2104 1828 2148 quis-

144 2162 220 2207 quis
238 2163 287 2195 uti
305 2174 367 2208 par
392 2169 443 2197 est
461 2164 609 2209 cogitare
627 2163 736 2199 volet,
759 2175 901 2209 prorsus
920 2164 1093 2209 permittet
1111 2164 1228 2197 scienti
1251 2164 1366 2197 omnia
1390 2164 1463 2196 Deo
1481 2162 1694 2207 singularum
1711 2172 1827 2194 rerum
1846 2158 1849 2161 ”

145 2219 325 2258 iudicium,
347 2218 451 2265 prout
477 2221 537 2266 ipsi
563 2220 756 2259 *ridebitum
779 2233 890 2267 neque
916 2221 991 2255 ullo
1012 2221 1120 2259 modo
1144 2219 1334 2259 dubitabit,
1361 2221 1443 2266 quin
1470 2226 1626 2253 sanctum
1649 2220 1708 2257 sit,
1731 2219 1827 2263 quic-

145 2275 229 2320 quid
248 2276 304 2310 ille
321 2278 491 2322 agendum
511 2279 713 2324 susceperit,
735 2285 767 2312 ct
785 2279 828 2313 de
846 2279 988 2324 singulis
1006 2290 1071 2324 pro
1091 2289 1151 2312 sua
1168 2284 1335 2324 potestate
1353 2278 1579 2312 constituerit.
1601 2276 1826 2310 Vehementer

145 2332 259 2377 itaque
279 2334 499 2378 reprehendit
521 2347 579 2369 eos
598 2337 657 2381 qui
677 2336 802 2370 divinis
826 2335 1103 2370 ordinationibus
1121 2336 1263 2369 omnino
1282 2341 1432 2369 mentem
1450 2334 1650 2371 intendunt,
1675 2339 1825 2366 scrutan-

146 2396 195 2423 tes
221 2396 337 2424 utrum
362 2391 425 2425 hae
452 2399 541 2427 recte
567 2406 601 2427 se
624 2393 771 2428 habeant
797 2407 859 2429 nec
882 2406 937 2428 ne.
967 2394 1155 2440 Oportebat
1183 2395 1272 2428 enim
1292 2405 1351 2427 eos
1373 2394 1487 2440 potius
1513 2393 1635 2426 imitari
1655 2391 1748 2436 quod
1776 2397 1825 2424 est

146 2447 180 2479 in
207 2459 311 2482 manu
340 2447 436 2494 figuli
462 2450 654 2495 opificium,
683 2458 717 2486 et
744 2463 823 2486 cum
847 2452 982 2486 silentio
1008 2453 1067 2486 Dei
1097 2463 1238 2498 operam
1266 2453 1446 2485 sustinere.
1474 2452 1592 2496 Neque
1619 2450 1711 2482 enim
1736 2448 1825 2482 dicet

146 2502 249 2537 fictile
273 2504 412 2550 fingenti
439 2518 492 2545 se,
516 2519 576 2540 cur
599 2520 654 2542 me
674 2510 719 2542 ita
745 2509 876 2544 fecisti?
897 2510 1002 2555 Atqui
1028 2509 1104 2544 heic
1127 2521 1267 2555 quoque
1291 2508 1450 2543 nonnulli
1477 2507 1618 2541 fortasse
1641 2506 1770 2539 dicent:
1799 2506 1826 2538 si

144 2573 241 2595 more
262 2561 356 2608 figuli
380 2575 445 2609 pro
464 2576 526 2598 suo
546 2564 689 2599 arbitrio
706 2567 754 2599 rei
773 2568 937 2612 cuiusque
956 2568 1124 2601 rationein
1148 2569 1237 2601 Deus
1255 2567 1426 2612 disponit,
1450 2566 1493 2599 ita
1517 2571 1553 2597 ut
1572 2564 1665 2597 aliud
1684 2563 1823 2608 quidem

144 2621 267 2654 efficiat
284 2632 344 2654 135
361 2621 404 2655 ad
423 2621 591 2656 honorem
603 2649 611 2662 ,
630 2623 722 2657 aliud
743 2624 785 2658 ad
805 2625 1046 2670 ignominiam,
1066 2624 1151 2671 q'uid
1170 2626 1202 2658 ni
1222 2625 1302 2658 hinc
1321 2635 1462 2669 prorsus
1481 2621 1681 2660 conficitur,
1697 2628 1735 2655 ut
1753 2622 1824 2655 exi-

242 2734 278 2763 11)
296 2732 403 2758 Rursus
416 2732 544 2759 innuitur
558 2731 769 2767 praedestinatio
786 2737 846 2768 post
860 2735 980 2768 praevisa
998 2736 1103 2762 merita.
1119 2734 1222 2769 Utique
1235 2733 1316 2760 etiam
1332 2732 1467 2760 Eusebius
1484 2731 1660 2759 caesariensis
1675 2735 1823 2758 comment.

145 2775 178 2802 ad
197 2776 294 2811 psalm.
310 2776 381 2802 LVI.
397 2776 440 2803 ed.
457 2785 482 2811 p.
498 2780 565 2809 258,
581 2777 658 2803 Pauli
675 2781 837 2804 sententiani
857 2778 958 2812 pariter
977 2779 1130 2814 explicans,
1151 2777 1265 2805 eandem
1286 2778 1356 2803 circa
1375 2776 1649 2811 praedestinationem
1670 2776 1822 2803 doctrinam

147 2820 287 2848 manifeste
306 2821 402 2848 tradit:
424 2833 547 2857 72:722'15
568 2823 710 2856 μέλλςπκς
730 2823 834 2857 ἀγαπᾷν
854 2823 965 2855 αὐτούς,
986 2824 1121 2860 ,venalem-'2⁷
1142 2835 1162 2849 κ.
1182 2835 1202 2848 τ.
1222 2827 1248 2848 λ.
1268 2829 1351 2856 qaum
1372 2829 1418 2849 eos
1434 2822 1650 2856 praescivisset,
1671 2822 1720 2855 qui
1739 2829 1822 2847 amu-

147 2865 215 2895 turi.
243 2867 332 2900 Ipsum
354 2869 451 2900 erant,
472 2868 557 2894 etiam
573 2867 809 2902 praedestinavit
824 2870 876 2894 etc.

1692 2924 1707 2947 4

1866 1076 1904 1099 Gr.
1918 1081 1940 1102 p.
1957 1079 1989 1097 237.

1862 2577 1899 2599 Gr.
1913 2583 1937 2605 p.
1953 2581 1986 2599 311,
