2205 3177
209 400 261 418 'lat

240 426 245 444 l

211 2804 300 2836 ‘yrm

294 399 341 419 xit.
360 403 377 418 t.

251 435 258 440 κ
284 426 325 445 ΧΗ
357 428 388 444 ·.·“.

329 1790 349 1804 t.
368 1787 397 1805 Γ».

260 1812 296 1830 ην4
312 1816 334 1836 p.
352 1814 396 1831 162.

326 2804 403 2824 ἎΧΗ.

435 156 493 187 ἱΟἰ
934 164 961 186 s.
991 164 1116 186 crium
1143 163 1363 186 ,na-:xasnmst
1390 163 1593 186 arnasano

901 230 982 254 neus
999 232 1089 253 iudex
1107 232 1207 253 iustus
1223 233 1252 254 et
1271 232 1362 254 fon-ssa
1379 233 1408 253 et
1426 230 1627 259 longaminis.

526 287 564 317 lis
592 285 649 329 qui
679 284 824 317 solutam
849 290 879 318 ct
910 284 1075 318 lubricam
1101 286 1206 318 vitam
1231 285 1379 330 degunt,
1403 284 1492 318 utilis
1518 290 1564 317 est
1592 284 1780 318 admonitio
1805 284 1899 330 quod
1925 285 2030 319 iustus
2053 285 2094 318 sit

429 342 548 378 iudex,
571 341 771 374 unixersalis
796 342 897 374 Deus.
929 341 1022 375 ldem
1048 349 1221 387 praeterea
1248 342 1345 375 fortis
1371 348 1440 379 cst;
1467 343 1540 387 ipso
1565 342 1657 375 enim
1684 341 1813 375 aditum
1839 342 1968 376 bomin-i
1994 341 2096 376 obse-

430 406 541 435 rante.
563 399 638 443 quis
658 399 782 443 aperiet
806 399 838 432 Ῥ
866 400 903 432 Et
923 410 1063 433 manum
1082 400 1246 434 elcxatam
1266 401 1342 445 quis
1361 405 1489 433 axcrtct
1509 400 1545 432 '‘1‘
1565 399 1744 444 Ceteroqui
1767 399 1970 445 longanimis
1995 400 2096 434 simul

429 463 493 490 cst.
517 468 626 501 neque
653 457 764 489 statim
791 463 821 489 ct
851 463 984 490 recente
1012 456 1159 491 facinore
1184 458 1232 491 ira
1259 458 1331 490 cius
1357 463 1534 503 peccantes
1559 457 1787 502 persequitur.
1808 458 2020 503 Quamquam
2048 464 2099 493 ta-

429 525 505 546 men
538 514 667 559 patiens
696 519 764 551 cst,
794 525 862 546 non
890 513 968 548 ideo
994 514 1093 548 nobis
1121 515 1152 547 in
1179 515 1278 560 culpa
1305 513 1531 547 desidendum
1557 520 1619 547 est.
1649 515 1746 548 Nunc
1771 514 1885 548 denuo
1911 527 2023 549 sermo
2053 515 2097 564 ad

429 570 611 604 israhelem
637 571 736 604 simul
766 578 798 605 ct
826 572 979 605 ethnicos
1005 572 1254 606 convertendus
1280 578 1348 610 est,
1379 573 1484 617 iisque
1510 571 1713 609 dicendum,
1735 571 1829 617 quod
1858 572 1920 605 nisi
1951 584 2097 618 propere

428 640 444 660 a
473 639 552 661 suae
580 629 666 661 vitae
691 629 821 662 ratione
844 629 1020 667 recedant,
1042 636 1073 663 ct
1102 629 1136 662 hi
1162 629 1301 674 quidem
1328 641 1346 662 a
1373 635 1545 663 creaturae
1565 629 1658 663 cultu
1686 628 1895 667 abstineant,
1917 629 1966 662 illi
1987 636 2099 664 autem

428 684 548 718 Christi
578 684 681 718 tidem
709 687 911 731 suscipiant,
934 687 967 719 in
993 686 1140 720 iudicem
1168 686 1295 719 iustum
1321 687 1493 720 incurrent
1520 686 1731 731 sortemque:
1754 687 1937 731 patientem
1962 687 2098 732 utique,

429 742 486 775 sed
515 749 648 779 tamen,
671 743 732 776 nisi
757 743 899 776 crimina
925 749 1047 776 exuant
1062 769 1069 779 ,
1092 743 1273 776 xindiccm.
1303 743 1340 775 ld
1367 744 1458 776 enim
1483 744 1517 776 in
1544 742 1764 788 sequentibus
1788 743 1889 777 docet
1911 742 2097 776 versiculis.

430 800 561 833 Etenim
590 812 630 834 nc
660 800 747 833 forte
773 800 946 833 audientes
969 812 1047 833 eum
1074 812 1146 834 esse
1170 800 1373 845 patientem,
1394 800 1609 834 socordiores
1635 801 1789 834 homines
1818 799 1917 838 siant,
1938 800 2052 834 addit:

812 865 961 888 Gladium
977 871 1067 888 suum
1084 865 1331 892 splendificabit,
1347 872 1454 889 areum
1470 872 1559 888 suum
1575 867 1725 889 intendit·
1942 848 1948 854 -

526 913 802 960 Splenditicabit,
825 926 889 960 pro
916 914 1106 960 evaginabit
1128 920 1246 948 contra
1265 926 1326 948 vos
1344 914 1508 960 gladium.
1538 916 1693 950 Clemens
1718 922 1767 950 est
1787 915 1871 949 haec
1893 915 2100 953 admonitio,

431 978 531 1016 atque
559 984 574 1005 a
600 973 658 1005 Dei
686 972 837 1005 bonitate
865 972 902 1005 iis
928 971 1043 1005 oblata
1070 973 1127 1017 qui
1154 973 1189 1005 in
1216 983 1353 1006 morum
1379 971 1575 1006 infirmitate
1599 979 1790 1007 versantur.
1818 974 1894 1007 Non
1913 974 2003 1007 enim
2022 973 2105 1007 sim-

431 1029 564 1074 pliciter
589 1029 668 1073 quia
694 1029 781 1061 mala
809 1035 1014 1074 operantur.
1036 1028 1190 1074 gladium
1215 1029 1296 1075 ipsis
1323 1030 1571 1068 comminatur;
1596 1030 1654 1063 sed
1682 1036 1754 1063 tum
1778 1029 1936 1069 demum,
1957 1031 1984 1063 si
2012 1029 2105 1064 haud

429 1087 496 1119 cito
523 1086 676 1119 converti
704 1085 827 1124 xelint,
849 1086 920 1120 sine
948 1086 1055 1120 dubio
1081 1086 1154 1120 vult
1180 1098 1238 1120 cos
1262 1086 1474 1132 intelligere,
1495 1087 1530 1120 in
1555 1099 1675 1132 graves
1701 1088 1868 1121 cruciatus
1892 1088 2102 1121 incursuros.

431 1145 557 1176 Arcum
584 1154 722 1187 quoque
748 1143 910 1181 intendit,
932 1154 1036 1189 quem
1064 1144 1267 1177 instructum
1293 1142 1397 1177 habet
1423 1144 1543 1177 mortis
1568 1144 1823 1181 instrumentis,
1844 1143 1879 1176 id
1905 1150 1954 1177 est
1978 1144 2107 1190 sagittis

431 1199 592 1244 plenum,
621 1210 705 1244 quas
735 1199 952 1238 ardentibus,
982 1200 1016 1233 id
1040 1207 1088 1234 est
1116 1203 1290 1245 gehennae
1316 1200 1416 1239 filiis,
1445 1200 1625 1234 fabricatas
1654 1201 1753 1238 dicit:
1780 1201 1838 1245 qui
1866 1211 1926 1245 per
1951 1206 2107 1246 tempora

431 1256 569 1290 audient
590 1257 759 1290 dicentem
783 1256 950 1302 iudicem:
973 1257 1137 1291 discedite
1157 1269 1174 1291 a
1201 1269 1255 1291 me
1283 1258 1475 1297 maledicti,
1497 1264 1528 1292 et
1549 1257 1693 1303 reliqua.
1723 1257 1843 1291 Gladio
1866 1263 1957 1291 certe
1975 1263 2010 1291 et-
2027 1268 2108 1291 arcu

431 1320 462 1347 ct
489 1315 618 1359 sagittis
644 1321 677 1347 et
705 1315 824 1348 mortis
852 1315 1105 1354 instrumentis,
1128 1315 1180 1349 vel
1208 1316 1298 1349 xaria
1325 1326 1515 1361 poenarum
1541 1326 1663 1361 genera
1691 1315 1846 1348 denotari
1871 1314 2034 1353 dicimus,
2054 1314 2108 1348 wel

433 1373 602 1417 potentias
628 1372 758 1418 aliquas
783 1384 870 1418 quae
896 1384 962 1418 pro
987 1384 1050 1406 suo
1065 1385 1247 1418 quemque
1274 1374 1397 1408 merito
1423 1374 1643 1408 ulciscantur.
1673 1375 1746 1407 Mos
1771 1380 1883 1407 autem
1902 1379 1952 1407 est
1974 1373 2110 1406 divinae

433 1430 638 1474 scripturae,
667 1441 707 1463 ex
734 1430 774 1463 iis
804 1441 892 1475 quae
919 1429 1010 1475 apud
1036 1441 1099 1463 nos
1125 1429 1229 1469 fiunt,
1258 1429 1406 1475 figurare
1432 1431 1606 1464 interdum
1633 1442 1722 1476 quae
1747 1442 1818 1471 non
1843 1431 2025 1476 conspicue
2051 1429 2110 1464 sed

432 1486 519 1520 clam
545 1487 649 1520 xcluti
676 1493 709 1521 et
736 1493 848 1520 mente
873 1492 1006 1520 tantum
1032 1487 1354 1532 comprehensibilia
1384 1493 1474 1520 sunt.

987 1552 1129 1582 saginas
1145 1559 1216 1575 suns
1235 1553 1419 1575 ardentibus
1435 1553 1553 1575 effecit.

528 1603 677 1637 Audiant
706 1603 789 1637 haec
821 1610 893 1637 tum
925 1604 1040 1638 Iudaei
1074 1610 1146 1637 tum
1173 1604 1320 1643 ethnici,
1348 1603 1443 1649 quod
1473 1615 1596 1650 nempe
1624 1603 1860 1638 ineluctabiles
1890 1615 2018 1650 poenas
2045 1605 2112 1638 sint

436 1662 584 1706 passuri,
607 1662 669 1695 nisi
697 1663 850 1695 converti
876 1662 1016 1700 maliut;
1038 1668 1071 1696 et
1090 1662 1124 1695 hi
1150 1661 1291 1707 quidem
1311 1661 1354 1696 ab
1379 1662 1519 1707 antiquo
1538 1673 1656 1696 errore
1683 1662 1876 1700 discedant,
1899 1662 1934 1695 hi
1957 1673 2040 1696 vero
2060 1663 2112 1695 in-

436 1718 565 1751 terfecti
596 1719 732 1753 Domini
761 1719 889 1753 crimen
918 1720 1121 1765 paenitentia
1149 1718 1303 1753 abluant.

884 1785 1047 1808 Pan-turm
1065 1786 1256 1808 iniustitiam
1273 1787 1331 1808 ete.
1348 1785 1464 1809 laneum
1480 1786 1594 1809 effodit
1610 1788 1667 1809 etc.

533 1835 714 1879 Pergamus
742 1846 848 1880 porro
873 1835 1101 1880 psalmodiam
1127 1835 1238 1869 adhuc
1265 1836 1508 1881 pervestigare.
1537 1836 1788 1869 Convenienter
1816 1846 1896 1869 sane
1921 1834 2047 1869 dicitur
2070 1834 2114 1868 de

436 1891 528 1924 omni
558 1898 716 1937 peccato,
745 1904 823 1925 eum
852 1893 910 1937 qui
939 1899 1073 1938 peccat,
1103 1892 1261 1926 dolorem
1288 1894 1488 1938 concipere,
1517 1899 1548 1926 et
1575 1894 1789 1938 iniquitatem
1814 1903 1947 1938 parere.
1975 1893 2115 1938 Semper

435 1949 526 1981 enim
555 1955 712 1983 anteeunt
740 1949 914 1994 flagitiosis
945 1950 1061 1987 factis,
1091 1950 1199 1984 malae
1224 1952 1458 1996 cogitationes.
1488 1951 1623 1984 Dictum
1648 1951 1714 1984 hoc
1741 1950 1946 1984 ludaeorum
1975 1961 2114 1995 quoque

437 2005 650 2052 principibus
673 2009 847 2053 congruit,
869 2009 927 2053 qui
952 2020 1029 2042 cum
1055 2008 1177 2042 dolore
1204 2009 1453 2054 concipientes,
1475 2009 1509 2042 id
1535 2015 1586 2043 est
1612 2009 1746 2055 pridem
1766 2009 1930 2054 susceptis
1955 2007 2115 2042 incredu-

436 2063 539 2097 litatis
564 2065 596 2097 in
624 2064 794 2098 Christum
822 2064 1028 2103 seminibus,
1056 2078 1143 2111 quae
1168 2065 1296 2099 diaboli
1325 2067 1566 2112 importunitas
1590 2067 1623 2099 in
1651 2066 1698 2100 eis
1725 2072 1878 2104 severat,
1907 2070 2117 2111 pepererunt.

438 2127 555 2154 contra
581 2121 728 2155 eundem
754 2123 939 2156 Dominum
958 2124 1169 2156 iniustitiam.
1199 2124 1288 2164 Quin
1308 2123 1395 2158 adeo
1414 2124 1486 2170 ipse
1505 2125 1642 2158 Satanas
1668 2124 1864 2157 iniustitiam
1886 2122 2061 2169 parturiit,
2082 2127 2115 2155 et

439 2179 649 2224 iniquitatem
676 2181 821 2226 peperit.
849 2181 1052 2214 'l'entaturus
1078 2182 1168 2214 enim
1189 2182 1223 2214 in
1251 2181 1425 2215 desertum
1450 2183 1563 2215 venit:
1585 2181 1710 2216 deinde
1738 2181 1780 2215 ad
1805 2187 1941 2226 tempus
1959 2180 2112 2217 recessit,

437 2242 470 2270 et
498 2244 692 2282 susceptum
721 2236 763 2271 ab
783 2238 879 2271 initio
899 2238 1080 2272 consilium
1100 2240 1243 2284 peregit.
1272 2240 1426 2284 Namque
1451 2240 1588 2273 interim
1609 2238 1814 2273 ludaeorum
1839 2238 1942 2272 corda
1962 2238 2113 2276 exacuit,

439 2305 499 2327 nec
523 2306 591 2327 non
619 2294 806 2340 proditoris
825 2296 995 2334 animum;
1016 2297 1073 2341 qui
1095 2308 1190 2330 more
1216 2297 1305 2335 eius,
1326 2298 1385 2341 qui
1410 2295 1475 2330 sibi
1500 2302 1598 2342 pater
1616 2303 1688 2330 erat
1706 2295 1954 2342 improbitatis,
1975 2296 2117 2329 Satanae

439 2351 595 2396 inquam,
617 2353 771 2397 concepit
801 2352 963 2386 adversus
982 2353 1153 2386 Clu-istum
1182 2355 1398 2393 iniustitiam,
1420 2353 1540 2388 volens
1565 2353 1693 2388 scilicet
1720 2354 1828 2400 turpis
1853 2352 2020 2387 mercedis
2038 2363 2117 2398 gra-

439 2409 502 2444 tia,
532 2409 718 2443 Dominum
744 2409 925 2443 homicidis
954 2411 1101 2444 tradere.
1130 2410 1259 2444 Deinde
1286 2411 1499 2456 iniquitatem
1526 2422 1666 2457 quoque
1694 2411 1847 2456 peperit,
1875 2421 1952 2444 cum
1979 2411 2117 2455 triginta

439 2467 585 2511 acceptis
610 2466 776 2504 denariis,
798 2467 897 2500 illum
925 2467 1082 2506 tradidit;
1104 2468 1215 2501 caedis
1242 2469 1395 2514 signum,
1416 2469 1540 2504 amoris
1566 2468 1781 2514 symbolum,
1804 2469 1838 2502 id
1864 2474 1914 2502 est
1939 2468 2114 2506 osculum,

440 2522 581 2561 saciens;
604 2525 765 2558 virtutem
787 2525 893 2570 ipsam
915 2525 1037 2558 iniuste
1058 2524 1202 2559 violans.
1226 2526 1421 2564 Praeterea,
1442 2527 1548 2560 veluti
1568 2526 1715 2572 exempli
1738 2538 1856 2564 causa.
1878 2525 2046 2571 propheta
2066 2525 2119 2559 lo—

440 2581 557 2623 quitur
576 2581 618 2614 de
638 2581 712 2615 lacu
733 2588 852 2627 aperto
871 2588 972 2627 atque
998 2582 1135 2616 effosso.
1164 2584 1249 2616 Nam
1277 2584 1388 2616 statim
1409 2585 1607 2629 propositae
1631 2584 1788 2629 imaginis
1812 2582 2039 2629 significatum
2057 2581 2119 2615 de-

441 2635 544 2669 clarat
571 2638 717 2672 addcns:
740 2646 957 2673 convertetur
982 2639 1081 2674 labor
1107 2641 1178 2673 eius
1204 2641 1238 2673 in
1260 2647 1359 2686 caput
1386 2641 1551 2675 ciusdem.
1580 2641 1749 2676 Laborem
1776 2647 1889 2675 autem
1916 2639 1959 2674 ab
1985 2651 2026 2673 eo
2051 2639 2116 2673 dici

443 2699 544 2736 puto,
562 2702 617 2727 aut
637 2696 851 2731 cssbdiendae
871 2697 988 2731 foveae
1006 2709 1128 2731 vanam
1148 2709 1264 2730 curam
1276 2724 1283 2733 ,
1303 2705 1359 2731 aut
1377 2699 1541 2732 invidiam
1557 2710 1644 2744 quae
1662 2699 1889 2732 invidentium
1906 2709 1966 2731 cor
1983 2695 2120 2741 liquefa-

444 2750 504 2781 cit:
522 2762 626 2794 porro
647 2753 843 2787 iniustitiam
863 2755 1034 2799 intelligo,
1052 2756 1324 2800 praepotentiam
1343 2756 1412 2789 sive
1432 2757 1571 2790 insidias
1587 2768 1672 2801 quas
1692 2757 1851 2802 proximo
1868 2767 1930 2789 suo
1948 2754 2117 2799 quispiam

445 2807 600 2840 intendit.
632 2810 833 2845 Huiusmodi
863 2812 1026 2858 quiddam
1053 2812 1095 2846 ab
1122 2819 1259 2847 auctore
1285 2824 1422 2858 quoque
1448 2814 1714 2859 proverbiorum
1740 2813 1806 2848 dici
1830 2813 2059 2858 comperimus
2087 2813 2116 2845 ἐ
