2205 3177
710 177 743 199 m
768 175 921 198 PSALMUM
947 175 1020 198 vni.
1049 176 1088 197 ET
1115 176 1163 197 ix.
1715 165 1780 197 107

101 243 184 278 culis
210 247 243 276 et
268 253 286 275 a
312 240 589 286 generationibus
610 241 634 274 '.
664 241 705 274 Et
730 250 864 274 rursus:
887 239 1087 284 sapientiam
1111 238 1348 273 absconditam
1367 239 1427 272 Dei
1447 239 1625 284 loquimur
1650 240 1685 272 in
1704 250 1780 285 my—

100 299 222 338 sterio,
243 292 346 344 quam
367 298 481 332 nullus
500 299 660 344 princeps
685 296 809 331 saeculi
829 295 930 329 huius
949 296 1045 329 noxit
1065 297 1088 328 ’.
1112 297 1219 329 Latuit
1246 297 1348 330 etiam
1368 296 1555 342 discipulos
1573 307 1667 331 mors
1684 296 1783 330 Chri-

101 358 162 395 sti,
183 362 217 391 et
243 355 406 390 adversus
425 362 572 389 mortem
599 355 754 389 nictoria.
784 354 864 386 Erat
883 353 975 386 enim
995 353 1080 389 hoc,
1100 354 1230 397 inquit,
1254 353 1494 387 absconditum
1513 354 1623 388 oculis
1646 366 1780 388 eorum.

101 415 221 448 Merito
246 414 351 459 igitur
377 415 589 460 septuaginta
616 413 819 457 interpretes
845 416 991 444 mortem
1021 410 1081 443 tilii
1109 410 1270 444 dixerunt
1295 411 1461 456 quiddam
1492 423 1564 445 esse
1593 413 1781 448 occultum.

101 493 123 499 —
150 473 310 506 Continet
335 484 419 507 vero
445 473 499 506 hic
526 471 677 517 psalmus
701 469 918 503 ethnicorum
943 469 1177 506 vocationem,
1200 476 1232 502 ct
1257 470 1413 514 ipsorum
1433 471 1571 503 nomine
1597 472 1785 516 gratiarum

102 530 289 567 actionem:
312 530 502 575 plenusque
527 535 576 563 est
603 527 845 561 incarnationis
870 526 1063 559 dominicae
1090 527 1272 570 mysterio.
1293 532 1325 559 et
1349 538 1576 571 personarum
1594 528 1786 563 distinctio—

103 598 183 621 nem
209 586 311 621 habet
324 614 332 628 ,
354 593 598 633 praetereaque
617 585 863 618 sententiarum
890 584 1153 618 alternationem
1173 594 1210 616 ac
1230 584 1412 616 transitum
1425 609 1432 618 .
1453 586 1537 629 quin
1557 591 1669 619 tamen
1690 598 1786 621 mens

102 651 198 679 extra
224 646 441 691 propositum
466 643 656 688 abripiatur
677 641 736 687 (l)
767 642 905 675 initium
928 647 1042 675 autem
1069 640 1190 686 psalmi
1216 639 1295 674 facit
1322 647 1442 674 auctor
1468 653 1613 686 persona
1632 643 1786 677 ethnico-

104 713 182 736 rum
207 709 398 748 assumpta,
419 702 490 735 sive
515 700 683 734 humanae
708 706 850 733 naturae
871 700 931 745 (2).

705 766 862 789 Laetamu-
877 767 909 788 οἱ
924 765 1071 788 exultabo
1089 765 1121 787 in
1141 767 1181 787 te.

198 820 340 864 Magnae
364 818 669 851 sueruntcunctae
696 823 729 850 et
757 816 875 850 auditu
903 816 1025 862 dignae
1052 827 1106 849 res
1132 815 1273 854 Christi,
1295 815 1336 849 iis
1363 821 1454 849 certe
1478 817 1537 860 qui
1565 815 1727 851 viderunt
1754 824 1787 851 et

104 881 350 922 cognoverunt.
379 876 456 921 Ipse
482 875 605 909 harum
629 881 748 908 auctor
774 874 937 920 gaudium
965 874 1001 907 fit
1029 881 1060 907 et
1088 885 1187 907 causa
1216 873 1378 911 laetitiae,
1400 880 1433 907 et
1457 874 1697 907 sollemnitatis
1723 886 1788 920 pu—

104 933 213 968 blicae
239 934 389 972 occasio,
410 933 455 967 ita
484 940 521 967 nt
548 934 783 978 unusquisque
810 933 919 966 dicat:
944 932 1099 966 laetabor
1120 933 1152 966 in
1181 939 1226 966 te.
1257 932 1294 965 ld
1314 944 1399 966 vero
1422 933 1567 966 amantis
1585 933 1695 966 Deum
1715 934 1788 967 ani-

103 1003 179 1027 mae
204 991 368 1025 indicium
393 994 464 1025 est:
486 1003 566 1024 nam
594 991 711 1025 laetari
737 992 771 1023 in
799 992 871 1025 Deo
897 997 931 1024 et
956 990 1124 1035 gaudere.
1150 990 1363 1024 demonstrat
1390 996 1508 1035 aperte
1533 995 1684 1023 mentem
1710 990 1790 1025 illo-

103 1061 197 1088 rum,
219 1050 278 1095 qui
307 1050 341 1083 in
366 1050 439 1083 Deo
465 1049 651 1089 laetantur,
674 1049 794 1095 procul
823 1048 941 1083 abesse
969 1060 988 1082 a
1013 1049 1233 1094 negotiorum
1259 1048 1361 1082 huius
1387 1048 1508 1082 mundi
1535 1047 1787 1089 oblectatione,

102 1119 207 1153 quam
232 1109 419 1142 vanitatem
443 1108 685 1153 vesaniamque
711 1106 914 1141 mendacem
943 1106 1056 1140 dicere
1087 1106 1177 1140 licet.
1207 1107 1368 1140 Laetatur
1393 1112 1508 1140 autem
1534 1107 1570 1140 in
1596 1108 1667 1140 Deo
1693 1118 1790 1141 mens

103 1177 191 1212 quae
217 1165 319 1200 fuerit
345 1165 498 1199 studiosa
522 1166 674 1201 virtutis,
704 1172 737 1199 et
763 1165 893 1210 gloriae
923 1163 967 1198 ab
994 1175 1037 1198 eo
1066 1163 1283 1210 recipiendae
1310 1164 1454 1210 cupida,
1483 1170 1515 1198 et
1542 1165 1791 1199 miraculorum

104 1223 413 1269 prodigiorumque
439 1224 546 1269 ipsius
572 1223 849 1269 contemplatrix.

568 1289 606 1311 ln
625 1289 829 1311 convertendo
846 1288 1009 1310 inimicum
1025 1294 1126 1310 meum
1143 1289 1326 1310 ren-orsum.

199 1340 369 1380 Quoniam
395 1340 609 1373 narravimus
636 1350 819 1372 conversos
839 1337 883 1371 ad
909 1336 1014 1371 fidem
1041 1349 1082 1371 ex
1108 1337 1251 1371 ethnicis
1277 1338 1528 1372 confessionem
1551 1338 1688 1374 fecisse.
1711 1351 1788 1373 cum

104 1397 262 1431 audimus
291 1396 431 1430 eosdem
460 1396 612 1429 dicentes
639 1409 654 1426 «
682 1395 836 1429 laetabor
866 1396 900 1428 in
932 1401 985 1433 te,
1014 1401 1047 1429 et
1074 1395 1207 1440 reliqua
1234 1409 1249 1427 »
1277 1395 1387 1441 probe
1418 1396 1642 1441 intelligimus
1668 1396 1791 1431 decere

104 1455 191 1488 hanc
218 1465 338 1488 vocem
367 1453 446 1487 illos
472 1454 531 1498 qui
558 1453 796 1491 crediderunt,
823 1460 857 1487 et
882 1453 1066 1486 illuminati
1095 1459 1191 1491 sunt,
1219 1459 1252 1487 et
1280 1453 1324 1487 ad
1350 1454 1503 1488 veritatis
1529 1455 1687 1489 notitiam
1714 1466 1790 1500 per-

103 1518 284 1546 venerunt.

605 1577 863 1600 luth-mabuntur
878 1579 910 1600 et
925 1578 1076 1605 peribunt
1093 1584 1112 1600 a
1129 1578 1210 1601 facie
1227 1579 1293 1600 tua.

198 1627 395 1662 Secundum
420 1638 598 1674 anagogen
619 1627 666 1673 (3)
683 1634 819 1670 autem,
842 1627 944 1662 facies
962 1627 1023 1661 Dei
1042 1628 1149 1673 patris
1170 1627 1262 1662 filius
1280 1633 1348 1667 est,
1369 1629 1428 1674 qui
1454 1634 1504 1662 est
1529 1629 1637 1675 ipsius
1662 1628 1792 1675 absque

104 1683 174 1718 ulla
199 1683 393 1719 differentia
419 1686 546 1730 imago.
576 1684 744 1719 Infirmati
770 1696 854 1719 vero
873 1684 917 1718 ab
935 1696 977 1719 eo
997 1691 1076 1719 sunt
1099 1697 1218 1719 omnes
1244 1686 1351 1732 ipsius
1377 1686 1509 1732 gloriae
1528 1686 1736 1723 adversarii,
1756 1687 1792 1720 id

102 1748 152 1776 est
171 1743 309 1778 Satanas
328 1754 406 1777 cum
426 1743 631 1777 satellitibus
657 1744 738 1777 suis.
768 1744 856 1777 Ante
875 1743 968 1777 enim
985 1743 1175 1777 Sem-axoris
1195 1743 1382 1777 adventum
1409 1756 1529 1778 saevus
1548 1750 1637 1782 erat,
1659 1750 1691 1777 et
1718 1755 1793 1777 om-

1821 253 1827 258 '
1844 250 1929 270 (iulum,
1951 253 1957 272 Ι
1983 258 2014 272 21„

1825 308 1829 312 '
1854 305 1867 325 l.
1884 307 1928 325 (ΜΓ
1955 308 1970 327 ll
1998 310 2006 326 ἶ

1823 333 1852 349 ‘11'
1875 340 1896 357 [ι.
1917 336 1921 352 1
1943 342 1957 353 κ.

104 1801 159 1834 nia
183 1812 271 1847 quae
291 1800 355 1835 sub
374 1801 469 1836 caelo
488 1807 567 1835 sunt
586 1801 728 1835 vexabat
742 1828 750 1839 ‚
771 1801 888 1835 dicens
908 1802 937 1835 ἐ
960 1802 1159 1835 universum
1186 1802 1357 1836 mundum
1382 1813 1486 1836 manu
1507 1814 1569 1836 ceu
1589 1802 1709 1836 nidum
1736 1814 1791 1837 ca-
1831 1825 1838 1830 -
1857 1822 1883 1842 μ,
1900 1822 1925 1842 χ,
1945 1824 1950 1841 ,

101 1859 213 1904 piam.
235 1864 336 1904 atque
362 1865 399 1893 ut
425 1871 489 1893 ova
516 1859 678 1893 derelicta
705 1859 879 1905 diripiam.
908 1858 974 1893 Sed
994 1865 1177 1905 postquam
1197 1860 1422 1894 similitudine
1446 1867 1563 1894 nostra
1589 1860 1789 1907 adsumpta,
1833 1882 1847 1900 ι,
1866 1886 1906 1906 4,,
1924 1884 1939 1901 1<

101 1916 302 1961 Unigenitus
322 1916 430 1951 factus
449 1923 499 1951 est
518 1917 642 1956 homo,
663 1916 856 1951 infirmatus
875 1924 926 1951 est
945 1917 1070 1955 hostis,
1088 1917 1287 1952 ceciderunt
1305 1918 1400 1952 dirae
1420 1924 1453 1952 et
1473 1918 1711 1952 intolerandae
1730 1929 1794 1964 po-

103 1976 245 2013 tentiae,
267 1981 299 2009 et
325 1982 523 2010 sanctorum
552 1975 699 2022 pedibus
725 1977 923 2022 suppositae
949 1982 1040 2009 sunt.

283 2032 292 2040 ’
550 2041 666 2064 §edisti
682 2048 776 2069 super
792 2042 942 2064 thronum
958 2042 1013 2069 qui
1030 2042 1151 2065 iudicas
1167 2042 1335 2065 iustitiam.
1827 2054 1846 2069 χ,
1863 2053 1881 2070 5,

198 2092 404 2136 Exsequitur
429 2091 587 2125 alacriter
612 2092 709 2137 quod
729 2091 834 2131 dixit,
856 2092 1027 2136 docetque
1045 2093 1226 2137 perspicue
1250 2092 1335 2138 quid
1360 2091 1553 2137 significent
1577 2093 1684 2128 verba
1707 2107 1722 2125 «
1744 2093 1794 2128 fe-

102 2150 175 2183 cisti
200 2149 368 2182 iudicium
393 2160 521 2183 meum.
552 2164 567 2181 »
594 2150 720 2184 Sedere
744 2149 846 2184 illum
872 2149 908 2183 in
938 2150 1068 2183 throno
1094 2149 1198 2188 dicit,
1227 2150 1381 2183 humano
1411 2150 1578 2196 loquendi
1607 2163 1705 2185 more
1721 2177 1729 2191 ‚
1757 2158 1790 2185 et

103 2218 221 2240 rerum
247 2214 445 2242 nostrarum
464 2207 679 2241 similitudini
707 2207 928 2242 conformans
946 2219 984 2241 ea
1009 2219 1098 2252 quae
1117 2209 1252 2241 nonnisi
1278 2209 1456 2243 intellectu
1481 2211 1676 2255 capiuntur.
1705 2210 1792 2243 Nam

104 2275 201 2310 reges
221 2276 299 2298 cum
325 2265 469 2299 audiunt
496 2264 655 2305 laborare
683 2264 787 2299 urbes
812 2272 870 2299 aut
894 2266 1088 2312 provincias
1107 2277 1147 2299 ex
1175 2265 1355 2301 barbarica
1382 2267 1578 2301 incursione
1598 2274 1655 2302 aut
1675 2267 1792 2313 aliquo

105 2333 190 2355 ausu
217 2323 412 2366 tyrannico,
434 2323 562 2356 throno
589 2323 685 2367 regni
712 2324 888 2363 inscenso,
909 2323 1076 2358 iudicium
1103 2324 1146 2358 de
1172 2324 1261 2358 laesa
1287 2326 1463 2359 maiestate
1490 2326 1694 2364 instituunt,
1716 2337 1793 2359 sen-

105 2380 316 2426 tentiamque
338 2380 373 2413 in
392 2391 470 2414 reos
489 2380 621 2420 seruum
644 2387 675 2415 ct
700 2382 810 2416 malos
831 2381 974 2427 quidem
992 2383 1082 2417 male
1100 2384 1214 2429 perire
1231 2383 1369 2423 iubent,
1391 2384 1551 2417 iniuriam
1571 2395 1655 2417 vero
1674 2395 1793 2429 passos

105 2444 257 2471 tuentur.
288 2439 336 2471 Ila
355 2439 457 2472 etiam
476 2440 635 2473 Servator
655 2440 689 2473 in
708 2439 836 2474 throno
863 2440 1007 2474 residet:
1029 2452 1141 2486 neque
1167 2447 1281 2475 tamen
1300 2442 1485 2475 sessionem
1506 2441 1693 2486 quamdam
1717 2441 1794 2475 heic

105 2494 274 2542 significat
300 2494 446 2529 verbum
465 2496 576 2535 sedet,
601 2497 660 2532 sed
680 2504 883 2543 potestatem
908 2498 1141 2537 demonstrat,
1164 2500 1416 2544 maiestatisque
1439 2498 1608 2532 iudicialis
1628 2498 1792 2544 gloriam.

203 2594 237 2623 (13
257 2591 440 2618 Notissimum
459 2595 513 2624 est,
533 2591 567 2618 ab
587 2591 718 2620 Hebraeis
735 2593 765 2620 in
785 2593 853 2620 duos
873 2593 957 2620 dividi
979 2594 1053 2621 hunc
1073 2593 1227 2629 psalmum,
1249 2593 1367 2627 exceptis
1384 2596 1473 2620 tamen
1488 2597 1605 2628 quatuor
1620 2593 1693 2627 apud
1708 2594 1791 2620 Rem.

104 2635 239 2662 Rubeum‘
253 2634 403 2662 codicibus.
425 2636 500 2670 Quin
519 2635 586 2664 adeo
608 2636 723 2669 figurata
744 2646 853 2673 quoque
871 2641 921 2670 (ut
939 2639 1110 2674 appellatur)
1129 2638 1234 2674 syriaca
1257 2637 1361 2664 codicis
1383 2637 1551 2664 ambrosiani
1573 2637 1668 2670 editio,
1692 2645 1793 2673 quam-

104 2688 187 2715 quam
203 2680 236 2707 de
251 2688 347 2715 graeco
362 2684 486 2715 sumpta,
502 2680 530 2707 in
547 2680 616 2707 duas
630 2681 704 2708 hune
720 2682 855 2716 psalmum
871 2682 966 2717 dividit
980 2687 1085 2718 parte5‚
1100 2682 1201 2710 diserte
1216 2681 1392 2709 inscribendo
1408 2690 1480 2715 pars
1495 2684 1578 2716 prior
1592 2690 1669 2717 pars
1684 2682 1793 2709 altera.

202 2728 238 2757 (2)
258 2725 463 2759 Interpolantur
484 2725 550 2751 haec
570 2729 596 2752 et
620 2726 719 2760 partim
741 2727 891 2754 recitantur
912 2731 1054 2763 tamquam
1077 2727 1221 2753 Athanasii
1243 2726 1272 2752 in
1293 2726 1352 2753 eius
1373 2725 1508 2759 editione,
1528 2734 1599 2761 qnae
1622 2727 1735 2758 nonnisi
1757 2735 1787 2754 ex

103 2770 207 2797 catenis
226 2774 336 2805 sumpta
355 2769 415 2796 fuiti
438 2769 608 2796 Contradicit
629 2773 720 2797 tamen
742 2770 863 2805 optimus
884 2771 967 2799 codex
987 2771 1141 2803 vaticanus,
1162 2770 1263 2806 Cyrillo
1282 2770 1375 2797 onmia
1396 2769 1551 2797 vindicans.

203 2818 237 2845 ὦ)
257 2814 356 2842 Confer
375 2814 446 2841 insta
465 2822 491 2849 p.
511 2817 568 2841 110.
586 2813 649 2841 adn.
670 2817 692 2840 l.
713 2815 800 2844 Notus
822 2819 913 2842 autem
934 2819 975 2842 est
993 2815 1076 2842 huius
1094 2813 1218 2841 vocabuli
1238 2822 1318 2847 usus,
1339 2821 1437 2849 nempe
1459 2818 1493 2841 ut
1511 2814 1546 2841 sit
1564 2814 1678 2842 elevatio
1697 2815 1798 2843 sensus

105 2867 118 2885 a
141 2868 168 2887 re
187 2864 293 2887 terrena
314 2860 369 2887 sive
391 2859 511 2886 humana
530 2858 564 2886 ad
582 2859 728 2887 *caelestem
749 2863 797 2886 aut
815 2853 966 2894 spiritalem
987 2859 1028 2887 vel
1051 2858 1306 2894 supernaturalem.
