2205 3177
179 267 184 271 “
199 264 215 284 ll
241 262 360 285 {mitt-:i

198 495 277 515 lidi*
300 493 317 513 tt
339 496 369 513 2³>

232 1193 286 1210 (Ati
303 1190 328 1210 λ.
352 1195 355 1207 ·,

174 1526 264 1552 'lplu-
282 1526 353 1546 *117

197 2288 252 2306 *lua
270 2286 329 2307 Xttt.
346 2290 364 2306 si,

412 173 456 206 (lss
919 182 946 205 S.
976 183 1102 206 crtum
1130 183 1351 207 ALtzxANDmNt
1379 184 1583 209 EXPLANATto

411 255 507 294 ptum
533 255 581 281 cst
604 248 631 283 “,
655 246 713 280 scd
741 247 858 280 mitem
884 257 956 280 esse
981 258 1060 291 erga
1087 259 1223 287 omnes.
1245 249 1506 283 mansuetudine
1532 261 1591 284 sua
1617 250 1830 286 adversarios
1852 253 2082 295 erudientem,

410 307 536 339 idcirco
558 305 718 350 praecipit
740 304 874 338 dicens:
899 305 968 350 ipsc
989 312 1100 338 autem
1119 318 1183 351 ego
1203 306 1326 340 Paulus
1345 307 1542 341 divinorum
1568 310 1810 353 mysteriorum
1829 312 2008 350 sacerdos,
2029 313 2086 347 do-

410 364 536 396 ctrinae
563 368 676 395 custos
701 368 731 395 et
760 362 954 407 apostolus,
982 363 1056 397 zelo
1081 364 1270 401 excellens.
1299 364 1357 409 qui
1383 376 1444 398 vos
1471 364 1592 399 hortor
1618 372 1652 399 ut
1681 377 1814 402 mecum
1839 369 1974 407 dicatis,
2002 371 2085 404 mihi

412 421 524 452 xixerc
551 419 704 452 Christus
729 425 776 452 est
805 426 834 452 ct
863 421 952 453 mori
980 420 1134 459 lucrum.
1156 433 1220 466 ego
1247 423 1386 467 inquam
1408 433 1468 456 vos
1494 422 1640 457 obsecro
1659 435 1721 469 per
1739 426 2035 460 mansuetudinem
2053 434 2086 461 et

410 476 612 509 modestiam
638 476 779 513 ‹ltu-isti,
808 478 866 522 qui
895 479 902 486 “
932 489 1009 511 cum
1036 478 1297 513 malediceretur
1323 492 1392 514 non
1418 479 1565 514 vicissim
1591 480 1833 520 maledicebat.
1861 484 1990 529 patiens
2017 495 2086 518 non

408 533 623 571 minabatur.
645 534 704 567 sed
732 534 994 569 commendabat
1024 535 1072 569 illi
1100 537 1157 581 qui
1186 538 1271 570 iuste
1298 538 1422 572 iudicat
1450 538 1510 583 (l).
1539 539 1743 584 Opportune
1768 540 1870 583 igitur
1895 541 1929 574 in
1955 552 2087 575 memo-

408 593 492 624 riam
513 593 560 625 cis
580 598 714 625 revocat
736 593 840 625 vitam
859 592 1003 631 Christi,
1025 600 1061 627 ut
1081 600 1276 627 mansuetos
1295 594 1481 629 admodum
1501 601 1531 629 ct
1553 595 1727 630 modestos
1745 598 1880 630 ellit-iat.
1901 598 1973 642 Ego
1992 599 2084 644 ipse,

408 650 535 694 inquit,
558 649 681 682 Paulus
706 650 765 694 qui
793 650 881 683 inter
901 662 962 684 ios
983 651 1101 684 humili
1128 651 1239 696 specie
1265 662 1403 689 versor,
1424 664 1494 686 non
1521 653 1629 687 elatus
1655 662 1765 698 neque
1784 654 1827 687 ad
1853 656 2087 689 contentiones

407 707 564 751 rixasque
583 713 762 742 exacutus.
784 708 841 752 qui
863 707 984 741 absens
1010 708 1166 747 conlido,
1188 719 1274 753 rogo
1293 715 1330 742 ut
1351 716 1383 743 ct
1406 722 1496 744 nunc
1516 722 1673 756 praesens
1699 710 1891 750 confidam,
1912 718 1949 745 ut
1967 723 2087 757 quem-

407 764 595 798 admodum
616 763 707 798 subit
733 765 815 797 mihi
837 772 1015 810 reputare,
1038 765 1234 799 nullatenus
1254 766 1404 800 audeatis
1423 768 1587 802 adversus
1604 769 1771 814 quosdam
1784 795 1791 807 ,
1813 770 1873 814 qui
1891 780 1954 803 nos
1972 769 2088 803 existi-

405 827 496 854 mant
527 822 716 855 secundum
745 834 881 855 carnem
910 821 1110 860 ambulare,
1140 822 1172 855 id
1201 829 1251 856 est
1281 824 1363 857 rixis
1389 824 1532 869 zeloque
1560 826 1741 859 carnaliter
1770 827 1874 860 iilam
1899 827 2084 860 insumere.

405 879 490 912 Nam
518 879 544 911 si
572 879 731 923 quidem.
755 879 818 917 ait,
838 878 930 912 zelus
949 885 981 912 ct
1001 880 1176 913 contentio
1204 881 1292 914 inter
1317 892 1379 914 vos
1404 888 1602 921 i‘ersantur,
1624 895 1738 917 nonne.
1763 883 1916 917 carnales
1934 884 2032 922 estis,
2053 889 2087 917 et

405 936 592 970 secundum
621 936 797 969 homincm
822 936 1031 970 ambulatis?
1056 938 1148 982 Ergo
1170 943 1265 972 extra
1290 949 1431 972 omnem
1456 939 1653 974 huiusmodi
1679 942 1908 987 suspicionem
1928 952 1987 975 eos
2012 952 2085 975 esse.

403 1000 560 1039 oportet,
583 994 639 1038 qui
661 994 783 1026 Christi
805 994 1104 1028 mansuetudinem
1128 996 1248 1029 sectari
1275 996 1417 1035 volunt,
1438 1003 1471 1030 et
1490 1008 1560 1031 non
1579 997 1760 1031 carnaliter
1784 1000 1919 1033 vixere.-
1940 1000 2026 1033 Nam
2053 1004 2087 1033 et

403 1052 490 1096 siqui
518 1051 684 1084 increduli
711 1057 807 1090 sunt,
830 1062 1046 1097 nequaquam
1074 1064 1133 1086 eos
1158 1052 1306 1087 fustibus
1331 1065 1453 1099 cogere
1479 1066 1567 1100 opus
1594 1060 1661 1094 est,
1682 1054 1741 1088 sed
1768 1062 1945 1100 expectare
1970 1057 2085 1102 potius

405 1114 629 1153 spontaneam
656 1109 811 1153 ipsorum
840 1109 882 1141 ad
908 1110 1017 1142 Deum
1042 1110 1315 1144 conversionem.

571 1182 608 1204 ln
627 1189 720 1205 carne
737 1184 820 1205 enim
837 1183 1052 1212 ambulantos,
1070 1191 1132 1207 non
1148 1185 1316 1208 secundum
1331 1188 1457 1208 caruem
1473 1186 1658 1209 militamus.
1674 1185 1812 1213 Namque
1828 1192 1917 1209 arma

749 1228 885 1251 militiae
902 1231 1027 1252 nostrae
1044 1230 1129 1252 haud
1147 1230 1291 1252 earnalia
1307 1231 1397 1258 sunt,
1413 1231 1465 1253 §etl
1483 1230 1588 1253 valida
1605 1231 1670 1254 Deo
1686 1232 1743 1254 etc.

502 1282 525 1315 li
545 1294 625 1316 sane
650 1283 709 1328 qui
733 1282 895 1317 sidentur
913 1284 947 1316 in
975 1284 1115 1330 proeliis
1134 1283 1223 1318 bene
1240 1296 1314 1320 rem
1333 1296 1472 1330 gerere,
1494 1286 1630 1330 suisque
1654 1283 1811 1319 hostibus
1832 1284 2014 1319 carnaliter
2032 1285 2087 1318 ad-

404 1346 600 1377 versantur,
622 1341 793 1374 carnalem
821 1342 945 1375 merito
972 1348 1182 1376 armaturam
1208 1341 1408 1388 gestabun13
1428 1342 1542 1388 galeas
1568 1343 1913 1387 nimirum‚.loricas,
1932 1353 2026 1376 arma
2052 1348 2087 1376 et

403 1409 515 1435 enses,
536 1397 662 1443 quilms
685 1398 863 1432 iictoriam
882 1401 1044 1444 consequi
1065 1400 1208 1445 possint.
1230 1401 1353 1434 Nostra
1373 1406 1487 1433 autem
1506 1400 1597 1434 lucta
1614 1399 1767 1446 bellique
1783 1400 1871 1434 ratio
1889 1400 1993 1434 armis
2011 1405 2088 1446 eget

400 1454 624 1500 spiritalibus.
654 1455 890 1496 Quamobrem
918 1456 1019 1490 divus
1044 1456 1190 1496 Paulus,
1218 1468 1298 1491 eum
1323 1457 1382 1502 qui
1408 1457 1530 1490 Christi
1556 1463 1736 1502 reputetur
1760 1457 1878 1496 miles,
1902 1456 2086 1503 splendido

402 1512 466 1547 hoc
485 1524 663 1546 armorum
691 1525 815 1558 genere
843 1515 960 1548 ornari
987 1513 1114 1548 dehere
1139 1513 1289 1560 perbene
1314 1514 1397 1548 dicit
1416 1514 1441 1548 '.
1470 1515 1627 1548 Loricam
1651 1515 1741 1549 enim
1767 1515 1831 1560 ipsi
1856 1514 2086 1559 circumponit

402 1572 582 1609 iustitiam,
605 1571 738 1616 galeam
766 1572 902 1611 salutis,
924 1583 1040 1606 ensem
1064 1573 1203 1617 spiritus
1220 1572 1316 1618 quod
1342 1579 1394 1606 est
1409 1571 1556 1606 verbum
1580 1573 1660 1612 Dei,
1680 1573 1886 1618 insuperque
1914 1571 1995 1606 fidei
2013 1571 2087 1616 cly-

401 1641 523 1675 peum,
544 1641 615 1675 quo
644 1635 765 1663 cuncta
792 1631 890 1675 ignea
917 1631 1114 1675 nequissimi
1143 1630 1209 1664 tela
1234 1631 1491 1675 extinguuntur.
1520 1632 1597 1664 Non
1623 1631 1727 1676 igitur
1753 1630 1902 1665 carnalia
1921 1635 2001 1663 sunt
2019 1629 2085 1663 tela

402 1694 599 1720 sanctorum
613 1713 621 1726 ,
642 1687 701 1721 sed
729 1688 843 1732 potius
862 1687 975 1721 valida
994 1689 1145 1727 Deo,⁷ac
1169 1687 1376 1722 subruendis
1400 1687 1653 1722 munitionibus
1671 1694 1749 1733 apta
1764 1713 1772 1727 ,
1793 1687 2010 1721 ethnicorum
2035 1687 2085 1720 in-

401 1756 505 1789 quam
528 1745 749 1790 dogmatibus
767 1751 800 1778 et
820 1745 1071 1779 haereticorum
1083 1771 1091 1784 ‚
1113 1751 1214 1790 atque
1233 1744 1275 1778 ad
1295 1744 1436 1778 illorum
1455 1744 1674 1790 syllogismos
1692 1743 1864 1778 marcidos
1882 1744 2086 1790 ineptosque

403 1801 690 1836 demonstrandos
718 1809 751 1836 ct
782 1803 940 1848 imperite
967 1803 1189 1848 compositos.
1218 1803 1291 1836 Hos
1318 1814 1402 1848 ergo
1428 1802 1642 1836 adversarios
1673 1800 1955 1848 profligabimus,
1984 1808 2086 1847 atque

402 1871 540 1893 omnem
562 1867 679 1893 contra
699 1861 759 1893 Dei
779 1871 895 1893 veram
919 1861 1075 1894 notitiam
1100 1860 1333 1905 insurgentem
1357 1860 1553 1893 elationem.
1577 1860 1794 1904 Captivemus
1812 1865 1927 1892 autem
1946 1869 2086 1892 omnem

402 1916 613 1950 intellectum
632 1916 696 1950 sub
714 1915 909 1950 obedientia
927 1917 1070 1956 Christi,
1092 1929 1173 1963 prae
1194 1928 1265 1963 quo
1282 1916 1471 1962 quamlibet
1488 1915 1686 1962 superbiam
1710 1916 1877 1949 mentium
1901 1915 2085 1960 impiarum

402 1974 564 2008 adversus
583 1975 692 2008 Deum
720 1986 754 2008 se
773 1975 997 2009 extollentem
1016 1975 1254 2014 exsufflemus,
1274 1975 1442 2020 illumque
1460 1975 1573 2019 dignis
1595 1974 1703 2007 titulis
1728 1972 1979 2018 glorificemus,
1999 1971 2083 2006 nihil

402 2030 533 2065 humile
560 2032 602 2064 ‹lc
628 2044 671 2065 eo
699 2032 899 2077 cogitantes.
929 2034 1065 2067 Ceteros
1091 2045 1229 2078 quoque
1255 2034 1428 2071 iuvemus,
1448 2033 1482 2065 in
1510 2037 1600 2065 recta
1626 2031 1754 2065 scilicet
1779 2038 1813 2065 et
1836 2031 2008 2064 inerrante
2031 2030 2091 2065 via.

404 2090 667 2126 constituentes,
690 2096 724 2122 ut
747 2090 970 2135 pervicaciam
990 2101 1148 2129 omnem,
1171 2097 1286 2124 nostra
1305 2091 1400 2136 prius
1426 2090 1602 2135 deposita,
1623 2090 1875 2135 pertineamus.
1898 2088 1970 2121 Erit
1993 2087 2085 2121 enim

331 2164 363 2182 m.
404 2158 547 2192 magnus
574 2147 607 2180 in
633 2158 740 2191 regno
759 2147 934 2181 caelorum
954 2159 1023 2182 non
1043 2149 1070 2181 is
1095 2148 1154 2194 qui
1172 2153 1305 2182 tantum
1325 2148 1499 2186 docuerit,
1519 2146 1579 2180 sed
1602 2147 1659 2192 qui
1679 2145 1794 2180 vei-bis
1813 2145 1986 2180 bonorum
2005 2155 2086 2190 quo-

403 2216 470 2250 que
497 2216 643 2250 operum
670 2206 792 2239 merita
819 2205 1002 2239 addiderit.

565 2278 720 2305 Quoniam
737 2280 984 2307 experimentum
999 2280 1154 2307 quaeritis
1170 2281 1227 2303 etc.
1244 2286 1270 2303 v.
1288 2281 1320 2303 4.
1336 2280 1414 2303 Nam
1431 2281 1462 2303 et
1478 2285 1532 2302 uos
1548 2279 1667 2303 inni-m}
1686 2285 1790 2301 sumus
1807 2279 1840 2300 in
1857 2277 1930 2305 ino,

853 2324 903 2347 secl
922 2325 1056 2348 vivemus
1072 2325 1107 2347 in
1123 2325 1204 2353 ipso,
1219 2331 1254 2348 ex
1273 2325 1390 2347 virtum
1408 2324 1466 2347 net
1483 2330 1560 2353 erg-a
1576 2329 1638 2346 vos.

500 2377 736 2411 comminatur
754 2377 974 2423 peccantibus
993 2385 1091 2413 antea
1109 2378 1309 2417 Corinthiis,
1326 2377 1421 2425 quod
1441 2378 1505 2411 nisi
1523 2377 1630 2411 velint
1648 2376 1762 2410 redire
1781 2376 1824 2410 ad
1843 2375 1996 2409 officium
2013 2385 2086 2408 san-

405 2442 525 2481 cteque
549 2436 683 2475 vivere,
704 2435 819 2470 denuo
844 2446 915 2469 non
937 2437 979 2469 sit
1002 2447 1178 2482 parsurus,
1206 2438 1315 2470 Porro
1337 2435 1544 2470 vocabulum
1568 2448 1583 2466 α
1605 2435 1721 2469 denuo
1743 2448 1759 2466 »
1781 2432 2080 2480 pri01·is,indigna-

504 2534 537 2564 (t)
558 2532 598 2558 Ita
622 2531 656 2558 ad
679 2531 799 2559 litteram
820 2532 847 2559 S.
871 2532 1044 2567 Augustinus
1065 2536 1144 2559 tract.
1167 2533 1246 2559 XXI.
1269 2535 1311 2559 12.
1334 2532 1363 2559 in
1384 2532 1443 2560 loh.
1466 2531 1662 2566 interpretatur
1682 2539 1777 2567 graeca
1799 2530 1879 2559 verba
1900 2531 2033 2567 παρεδίδου
2053 2531 2083 2562 τῷ

407 2579 511 2614 κρῖ-,ωτι
534 2578 638 2608 δικαίως.
660 2577 817 2612 Sensusque
830 2580 885 2610 est,
900 2577 1040 2604 Christum
1054 2576 1261 2604 commendasse
1275 2584 1304 2604 se
1323 2576 1363 2604 vel
1384 2584 1495 2604 eausam
1515 2584 1593 2604 suam
1609 2576 1679 2611 patri
1693 2577 1750 2602 Deo
1765 2575 1835 2603 iuste
1849 2574 1993 2602 iudicanti.
2013 2574 2082 2601 Nam

405 2631 495 2651 revera
515 2624 612 2654 δικαίως
628 2624 702 2650 iuste
720 2626 785 2657 (pro
804 2622 892 2653 ἀδίκως
914 2623 1033 2654 iniuste)
1053 2621 1153 2649 habent
1174 2622 1269 2657 Cyrilli
1291 2626 1394 2655 textus,
1414 2629 1464 2648 nec
1485 2629 1540 2648 non
1562 2620 1770 2656 antiquissimus
1791 2620 1915 2647 omnium
1937 2618 2018 2647 codex
2039 2625 2083 2644 va-

408 2668 527 2701 ticanus,
548 2670 631 2695 immo
652 2672 679 2694 et
699 2675 859 2695 communes
878 2667 1046 2695 Graecorum
1069 2666 1148 2698 1ibri;
1168 2667 1247 2693 cuius
1270 2666 1395 2694 lectionis
1417 2666 1534 2693 latinum
1559 2666 1642 2693 etiam
1663 2665 1808 2700 vestigium
1830 2663 1941 2699 aliquod
1961 2667 2084 2696 superest

406 2712 478 2747 apud
498 2713 677 2740 Sabaterium.
699 2714 805 2743 Δικαίως
824 2714 891 2740 item
905 2720 933 2740 se
952 2712 1050 2747 legisse
1068 2710 1259 2738 demonstrant
1274 2718 1368 2746 syrus,
1384 2710 1478 2744 arabs,
1493 2714 1520 2737 et
1538 2710 1610 2738 aeth.
1626 2710 1656 2737 in
1672 2708 1845 2746 polyglottis,
1861 2707 1960 2744 quibus
1978 2706 2082 2734 accedit

408 2757 556 2783 armenius.
578 2757 764 2784 Nihilominus
783 2757 872 2784 multo
891 2756 959 2784 mihi
979 2755 1064 2790 inagis
1081 2755 1169 2790 placet
1185 2754 1270 2781 latina
1289 2754 1399 2789 vulgata
1416 2754 1498 2782 lectio
1518 2756 1634 2787 iniuste,
1650 2753 1693 2780 eui
1713 2761 1768 2780 non
1787 2752 1886 2779 desunt
1901 2749 2031 2783 suffragia
2049 2758 2081 2776 ex

407 2800 480 2827 varia
498 2800 613 2827 lectione
628 2802 715 2831 ἀδίκως
727 2820 734 2833 ,
754 2807 878 2837 quaeque
893 2804 921 2828 et
939 2799 1087 2827 latinorum
1103 2802 1212 2834 patrum
1232 2799 1394 2826 auctoritate
1412 2798 1543 2832 fulcitur,
1563 2801 1590 2825 et
1607 2796 1821 2825 verisimiliorem
1840 2802 1950 2823 sensum
1971 2800 2033 2829 prae
2053 2801 2081 2820 se

408 2844 468 2871 sert.
490 2844 511 2870 lx·
518 2851 615 2878 amque
633 2844 799 2880 intelligitur
816 2845 942 2873 Christus
962 2844 1051 2872 Pilato
1071 2843 1173 2871 iniuste
1191 2841 1325 2870 iudicanti
1346 2841 1471 2870 traditus.
