<?xml version="1.0" encoding="UTF-8"?>
<!DOCTYPE html PUBLIC "-//W3C//DTD XHTML 1.0 Transitional//EN"
    "http://www.w3.org/TR/xhtml1/DTD/xhtml1-transitional.dtd">
<html xmlns="http://www.w3.org/1999/xhtml" xml:lang="en" lang="en">
 <head>
  <title>
</title>
<meta http-equiv="Content-Type" content="text/html;charset=utf-8" />
  <meta name='ocr-system' content='tesseract 3.04.00' />
  <meta name='ocr-capabilities' content='ocr_page ocr_carea ocr_par ocr_line ocrx_word'/>
</head>
<body>
  <div class='ocr_page' id='page_1' title='image "./novaepatrumbibli03maiauoft/novaepatrumbibli03maiauoft_0126.png"; bbox 0 0 2205 3177; ppageno 0'>
   <div class='ocr_carea' id='block_1_1' title="bbox 310 186 372 219">
    <p class='ocr_par' dir='ltr' id='par_1_1' title="bbox 310 186 372 219">
     <span class='ocr_line' id='line_1_1' title="bbox 310 186 372 219; baseline 0 -2"><span class='ocrx_word' id='word_1_1' title='bbox 310 186 372 219; x_wconf 76' lang='lat'><em>106</em></span> 
     </span>
    </p>
   </div>
   <div class='ocr_carea' id='block_1_2' title="bbox 299 259 1993 2140">
    <p class='ocr_par' dir='ltr' id='par_1_2' title="bbox 299 259 1991 1449">
     <span class='ocr_line' id='line_1_2' title="bbox 401 259 1990 312; baseline 0.005 -20"><span class='ocrx_word' id='word_1_2' title='bbox 401 261 624 305; x_wconf 71' lang='lat' dir='ltr'><em>Quamquam</em></span> <span class='ocrx_word' id='word_1_3' title='bbox 646 272 724 292; x_wconf 67' lang='lat' dir='ltr'><em>cero</em></span> <span class='ocrx_word' id='word_1_4' title='bbox 742 259 841 295; x_wconf 60' lang='lat' dir='ltr'><em>miri.</em></span> <span class='ocrx_word' id='word_1_5' title='bbox 861 261 989 294; x_wconf 81' lang='lat' dir='ltr'><em>mullos</em></span> <span class='ocrx_word' id='word_1_6' title='bbox 1007 274 1053 295; x_wconf 59' lang='grc' dir='ltr'><em>αι’</em></span> <span class='ocrx_word' id='word_1_7' title='bbox 1073 262 1198 299; x_wconf 60' lang='lat' dir='ltr'><em>cyrilli</em></span> <span class='ocrx_word' id='word_1_8' title='bbox 1215 262 1299 296; x_wconf 88' lang='lat' dir='ltr'><em>locis</em></span> <span class='ocrx_word' id='word_1_9' title='bbox 1318 262 1353 295; x_wconf 91' lang='lat' dir='ltr'><em>in</em></span> <span class='ocrx_word' id='word_1_10' title='bbox 1372 262 1490 296; x_wconf 86' lang='lat' dir='ltr'><em>codice</em></span> <span class='ocrx_word' id='word_1_11' title='bbox 1509 263 1651 298; x_wconf 84' lang='lat' dir='ltr'><em>mediol.</em></span> <span class='ocrx_word' id='word_1_12' title='bbox 1674 264 1795 299; x_wconf 87' lang='lat' dir='ltr'><em>citatis</em></span> <span class='ocrx_word' id='word_1_13' title='bbox 1810 264 1990 312; x_wconf 81' lang='lat' dir='ltr'><em>pertinere</em></span> 
     </span>
     <span class='ocr_line' id='line_1_3' title="bbox 303 316 1989 369; baseline 0.005 -21"><span class='ocrx_word' id='word_1_14' title='bbox 303 317 353 349; x_wconf 80' lang='lat' dir='ltr'><em>ad</em></span> <span class='ocrx_word' id='word_1_15' title='bbox 378 317 474 349; x_wconf 77' lang='lat' dir='ltr'><em>edita</em></span> <span class='ocrx_word' id='word_1_16' title='bbox 497 316 571 349; x_wconf 84' lang='lat' dir='ltr'><em>cius</em></span> <span class='ocrx_word' id='word_1_17' title='bbox 596 328 720 362; x_wconf 81' lang='lat' dir='ltr'><em>opera,</em></span> <span class='ocrx_word' id='word_1_18' title='bbox 746 326 784 350; x_wconf 90' lang='lat' dir='ltr'><em>ut</em></span> <span class='ocrx_word' id='word_1_19' title='bbox 809 317 970 351; x_wconf 87' lang='lat' dir='ltr'><em>eruditus</em></span> <span class='ocrx_word' id='word_1_20' title='bbox 993 318 1248 352; x_wconf 58' lang='lat' dir='ltr'><em>animadvertit</em></span> <span class='ocrx_word' id='word_1_21' title='bbox 1270 319 1478 356; x_wconf 76' lang='lat' dir='ltr'><em>Robbiams,</em></span> <span class='ocrx_word' id='word_1_22' title='bbox 1501 321 1710 366; x_wconf 85' lang='lat' dir='ltr'><em>praesertim</em></span> <span class='ocrx_word' id='word_1_23' title='bbox 1735 322 1786 355; x_wconf 87' lang='lat' dir='ltr'><em>ad</em></span> <span class='ocrx_word' id='word_1_24' title='bbox 1808 321 1989 369; x_wconf 68' lang='lat' dir='ltr'><em>glaphyra</em></span> 
     </span>
     <span class='ocr_line' id='line_1_4' title="bbox 330 373 1988 425; baseline 0.004 -20"><span class='ocrx_word' id='word_1_25' title='bbox 330 386 413 418; x_wconf 81' lang='lat' dir='ltr'><em>quos</em></span> <span class='ocrx_word' id='word_1_26' title='bbox 437 374 526 405; x_wconf 74' lang='lat' dir='ltr'><em>locos</em></span> <span class='ocrx_word' id='word_1_27' title='bbox 554 373 685 406; x_wconf 76' lang='lat' dir='ltr'><em>idcirco</em></span> <span class='ocrx_word' id='word_1_28' title='bbox 707 386 768 406; x_wconf 83' lang='lat' dir='ltr'><em>nos</em></span> <span class='ocrx_word' id='word_1_29' title='bbox 792 375 1098 420; x_wconf 83' lang='lat' dir='ltr'><em>praetermisimus</em></span> <span class='ocrx_word' id='word_1_30' title='bbox 1110 378 1122 419; x_wconf 87' lang='lat'><em>)</em></span> <span class='ocrx_word' id='word_1_31' title='bbox 1151 388 1250 409; x_wconf 83' lang='lat' dir='ltr'><em>nemo</em></span> <span class='ocrx_word' id='word_1_32' title='bbox 1275 385 1392 409; x_wconf 84' lang='lat' dir='ltr'><em>tamen</em></span> <span class='ocrx_word' id='word_1_33' title='bbox 1419 376 1616 423; x_wconf 84' lang='lat' dir='ltr'><em>suspicetur</em></span> <span class='ocrx_word' id='word_1_34' title='bbox 1637 377 1896 425; x_wconf 72' lang='lat' dir='ltr'><em>inutginarium</em></span> <span class='ocrx_word' id='word_1_35' title='bbox 1917 392 1988 413; x_wconf 85' lang='lat' dir='ltr'><em>esse</em></span> 
     </span>
     <span class='ocr_line' id='line_1_5' title="bbox 305 430 1986 479; baseline 0.005 -18"><span class='ocrx_word' id='word_1_36' title='bbox 305 430 430 475; x_wconf 54' lang='lat' dir='ltr'><em>(Jvrilli</em></span> <span class='ocrx_word' id='word_1_37' title='bbox 455 430 489 462; x_wconf 89' lang='lat' dir='ltr'><em>in</em></span> <span class='ocrx_word' id='word_1_38' title='bbox 517 430 618 476; x_wconf 85' lang='lat' dir='ltr'><em>epist.</em></span> <span class='ocrx_word' id='word_1_39' title='bbox 641 431 691 463; x_wconf 85' lang='lat' dir='ltr'><em>ad</em></span> <span class='ocrx_word' id='word_1_40' title='bbox 712 431 819 465; x_wconf 82' lang='lat' dir='ltr'><em>llebr.</em></span> <span class='ocrx_word' id='word_1_41' title='bbox 844 432 1155 469; x_wconf 84' lang='lat' dir='ltr'><em>commentarium.</em></span> <span class='ocrx_word' id='word_1_42' title='bbox 1179 434 1284 479; x_wconf 87' lang='lat' dir='ltr'><em>quasi</em></span> <span class='ocrx_word' id='word_1_43' title='bbox 1307 433 1398 466; x_wconf 81' lang='lat' dir='ltr'><em>hunc</em></span> <span class='ocrx_word' id='word_1_44' title='bbox 1417 442 1625 467; x_wconf 80' lang='lat' dir='ltr'><em>catenarum</em></span> <span class='ocrx_word' id='word_1_45' title='bbox 1650 444 1810 469; x_wconf 84' lang='lat' dir='ltr'><em>auctores</em></span> <span class='ocrx_word' id='word_1_46' title='bbox 1832 449 1878 469; x_wconf 63' lang='lat' dir='ltr'><em>ea*</em></span> <span class='ocrx_word' id='word_1_47' title='bbox 1902 436 1986 470; x_wconf 88' lang='lat' dir='ltr'><em>aliis</em></span> 
     </span>
     <span class='ocr_line' id='line_1_6' title="bbox 305 487 1991 539; baseline 0.005 -20"><span class='ocrx_word' id='word_1_48' title='bbox 305 487 429 532; x_wconf 58' lang='lat' dir='ltr'><em>‹js—rillt</em></span> <span class='ocrx_word' id='word_1_49' title='bbox 452 487 594 533; x_wconf 88' lang='lat' dir='ltr'><em>scriptis</em></span> <span class='ocrx_word' id='word_1_50' title='bbox 616 496 726 521; x_wconf 81' lang='lat' dir='ltr'><em>totum</em></span> <span class='ocrx_word' id='word_1_51' title='bbox 749 489 974 522; x_wconf 84' lang='lat' dir='ltr'><em>corraserint.</em></span> <span class='ocrx_word' id='word_1_52' title='bbox 1005 490 1096 523; x_wconf 69' lang='lat' dir='ltr'><em>Nam</em></span> <span class='ocrx_word' id='word_1_53' title='bbox 1120 499 1264 536; x_wconf 81' lang='lat' dir='ltr'><em>practer</em></span> <span class='ocrx_word' id='word_1_54' title='bbox 1285 503 1392 536; x_wconf 89' lang='lat' dir='ltr'><em>quam</em></span> <span class='ocrx_word' id='word_1_55' title='bbox 1414 491 1509 537; x_wconf 85' lang='lat' dir='ltr'><em>quod</em></span> <span class='ocrx_word' id='word_1_56' title='bbox 1530 491 1565 524; x_wconf 92' lang='lat' dir='ltr'><em>in</em></span> <span class='ocrx_word' id='word_1_57' title='bbox 1588 491 1672 538; x_wconf 88' lang='lat' dir='ltr'><em>ipsis</em></span> <span class='ocrx_word' id='word_1_58' title='bbox 1697 492 1767 525; x_wconf 67' lang='lat' dir='ltr'><em>sive</em></span> <span class='ocrx_word' id='word_1_59' title='bbox 1783 493 1896 539; x_wconf 90' lang='lat' dir='ltr'><em>paris.</em></span> <span class='ocrx_word' id='word_1_60' title='bbox 1917 494 1991 527; x_wconf 66' lang='lat' dir='ltr'><em>sis-o</em></span> 
     </span>
     <span class='ocr_line' id='line_1_7' title="bbox 303 543 1986 596; baseline 0.005 -21"><span class='ocrx_word' id='word_1_61' title='bbox 303 543 444 577; x_wconf 82' lang='lat' dir='ltr'><em>mediol.</em></span> <span class='ocrx_word' id='word_1_62' title='bbox 469 544 647 578; x_wconf 79' lang='lat' dir='ltr'><em>codicibus</em></span> <span class='ocrx_word' id='word_1_63' title='bbox 673 546 787 578; x_wconf 88' lang='lat' dir='ltr'><em>multa</em></span> <span class='ocrx_word' id='word_1_64' title='bbox 813 555 892 579; x_wconf 85' lang='lat' dir='ltr'><em>sunt</em></span> <span class='ocrx_word' id='word_1_65' title='bbox 917 555 1116 592; x_wconf 71' lang='lat' dir='ltr'><em>segmenta.</em></span> <span class='ocrx_word' id='word_1_66' title='bbox 1140 560 1230 593; x_wconf 89' lang='lat' dir='ltr'><em>quae</em></span> <span class='ocrx_word' id='word_1_67' title='bbox 1254 547 1289 581; x_wconf 87' lang='lat' dir='ltr'><em>in</em></span> <span class='ocrx_word' id='word_1_68' title='bbox 1316 548 1400 581; x_wconf 84' lang='lat' dir='ltr'><em>aliis</em></span> <span class='ocrx_word' id='word_1_69' title='bbox 1425 548 1551 595; x_wconf 37' lang='lat' dir='ltr'><em>(lvrilli</em></span> <span class='ocrx_word' id='word_1_70' title='bbox 1569 548 1729 595; x_wconf 77' lang='lat' dir='ltr'><em>operibus</em></span> <span class='ocrx_word' id='word_1_71' title='bbox 1751 561 1897 596; x_wconf 82' lang='lat' dir='ltr'><em>prorsus</em></span> <span class='ocrx_word' id='word_1_72' title='bbox 1917 563 1986 584; x_wconf 87' lang='lat' dir='ltr'><em>non</em></span> 
     </span>
     <span class='ocr_line' id='line_1_8' title="bbox 305 602 1987 654; baseline 0.005 -22"><span class='ocrx_word' id='word_1_73' title='bbox 305 610 497 647; x_wconf 85' lang='lat' dir='ltr'><em>apparent,</em></span> <span class='ocrx_word' id='word_1_74' title='bbox 521 602 706 648; x_wconf 61' lang='lat' dir='ltr'><em>quilliani</em></span> <span class='ocrx_word' id='word_1_75' title='bbox 727 602 867 648; x_wconf 84' lang='lat' dir='ltr'><em>quidem</em></span> <span class='ocrx_word' id='word_1_76' title='bbox 893 603 943 637; x_wconf 82' lang='lat' dir='ltr'><em>ad</em></span> <span class='ocrx_word' id='word_1_77' title='bbox 966 603 1058 637; x_wconf 70' lang='lat' dir='ltr'><em>lianc</em></span> <span class='ocrx_word' id='word_1_78' title='bbox 1080 604 1264 651; x_wconf 85' lang='lat' dir='ltr'><em>epistolam</em></span> <span class='ocrx_word' id='word_1_79' title='bbox 1283 605 1530 639; x_wconf 84' lang='lat' dir='ltr'><em>commentarii</em></span> <span class='ocrx_word' id='word_1_80' title='bbox 1548 606 1677 640; x_wconf 64' lang='lat' dir='ltr'><em>veritas</em></span> <span class='ocrx_word' id='word_1_81' title='bbox 1695 607 1840 641; x_wconf 86' lang='lat' dir='ltr'><em>testibus</em></span> <span class='ocrx_word' id='word_1_82' title='bbox 1860 607 1987 654; x_wconf 86' lang='lat' dir='ltr'><em>priscis</em></span> 
     </span>
     <span class='ocr_line' id='line_1_9' title="bbox 304 658 1984 710; baseline 0.005 -21"><span class='ocrx_word' id='word_1_83' title='bbox 304 658 576 704; x_wconf 63' lang='lat' dir='ltr'><em>certissimisque</em></span> <span class='ocrx_word' id='word_1_84' title='bbox 599 659 793 694; x_wconf 72' lang='lat' dir='ltr'><em>adseritur.</em></span> <span class='ocrx_word' id='word_1_85' title='bbox 816 673 901 706; x_wconf 88' lang='lat' dir='ltr'><em>quos</em></span> <span class='ocrx_word' id='word_1_86' title='bbox 926 661 1110 695; x_wconf 69' lang='lat' dir='ltr'><em>Fabricius</em></span> <span class='ocrx_word' id='word_1_87' title='bbox 1137 680 1140 688; x_wconf 60' lang='lat' dir='ltr'><em>r</em></span> <span class='ocrx_word' id='word_1_88' title='bbox 1165 663 1202 695; x_wconf 85' lang='lat' dir='ltr'><em>B.</em></span> <span class='ocrx_word' id='word_1_89' title='bbox 1226 664 1265 695; x_wconf 81' lang='grc' dir='ltr'><em>(ι’.</em></span> <span class='ocrx_word' id='word_1_90' title='bbox 1287 662 1343 696; x_wconf 88' lang='lat' dir='ltr'><em>ed.</em></span> <span class='ocrx_word' id='word_1_91' title='bbox 1364 675 1441 696; x_wconf 67' lang='lat' dir='ltr'><em>nov.</em></span> <span class='ocrx_word' id='word_1_92' title='bbox 1465 664 1499 696; x_wconf 91' lang='lat' dir='ltr'><em>T.</em></span> <span class='ocrx_word' id='word_1_93' title='bbox 1521 664 1581 696; x_wconf 78' lang='lat' dir='ltr'><em>IX.</em></span> <span class='ocrx_word' id='word_1_94' title='bbox 1602 676 1640 710; x_wconf 87' lang='lat' dir='ltr'><em>p.</em></span> <span class='ocrx_word' id='word_1_95' title='bbox 1662 664 1744 697; x_wconf 59' lang='lat'><em>495.</em></span> <span class='ocrx_word' id='word_1_96' title='bbox 1758 666 1771 707; x_wconf 84' lang='lat'><em>)</em></span> <span class='ocrx_word' id='word_1_97' title='bbox 1787 664 1984 710; x_wconf 73' lang='lat' dir='ltr'><em>produ-rit,-</em></span> 
     </span>
     <span class='ocr_line' id='line_1_10' title="bbox 303 716 1987 768; baseline 0.005 -21"><span class='ocrx_word' id='word_1_98' title='bbox 303 724 382 748; x_wconf 68' lang='lat' dir='ltr'><em>⁴runt</em></span> <span class='ocrx_word' id='word_1_99' title='bbox 402 725 520 749; x_wconf 81' lang='lat' dir='ltr'><em>autem</em></span> <span class='ocrx_word' id='word_1_100' title='bbox 540 717 727 751; x_wconf 86' lang='lat' dir='ltr'><em>Facundus</em></span> <span class='ocrx_word' id='word_1_101' title='bbox 745 716 1018 755; x_wconf 83' lang='lat' dir='ltr'><em>hermianensis,</em></span> <span class='ocrx_word' id='word_1_102' title='bbox 1048 718 1294 757; x_wconf 79' lang='lat' dir='ltr'><em>leeodoretus.</em></span> <span class='ocrx_word' id='word_1_103' title='bbox 1321 720 1515 755; x_wconf 81' lang='lat' dir='ltr'><em>Theodorus</em></span> <span class='ocrx_word' id='word_1_104' title='bbox 1530 721 1729 758; x_wconf 72' lang='lat' dir='ltr'><em>Abucaras,</em></span> <span class='ocrx_word' id='word_1_105' title='bbox 1753 721 1987 768; x_wconf 77' lang='lat' dir='ltr'><em>Eplzraemius</em></span> 
     </span>
     <span class='ocr_line' id='line_1_11' title="bbox 303 773 1988 825; baseline 0.005 -20"><span class='ocrx_word' id='word_1_106' title='bbox 303 773 549 811; x_wconf 72' lang='lat' dir='ltr'><em>antioclienus,</em></span> <span class='ocrx_word' id='word_1_107' title='bbox 571 775 776 809; x_wconf 78' lang='lat' dir='ltr'><em>.-1le.1·ander</em></span> <span class='ocrx_word' id='word_1_108' title='bbox 792 775 1090 819; x_wconf 68' lang='lat' dir='ltr'><em>hierapolitanus.</em></span> <span class='ocrx_word' id='word_1_109' title='bbox 1112 786 1237 810; x_wconf 64' lang='lat' dir='ltr'><em>auctor</em></span> <span class='ocrx_word' id='word_1_110' title='bbox 1253 778 1415 823; x_wconf 66' lang='lat' dir='ltr'><em>synodici</em></span> <span class='ocrx_word' id='word_1_111' title='bbox 1433 787 1556 812; x_wconf 85' lang='lat' dir='ltr'><em>contra</em></span> <span class='ocrx_word' id='word_1_112' title='bbox 1577 779 1737 825; x_wconf 76' lang='lat' dir='ltr'><em>tragoed.</em></span> <span class='ocrx_word' id='word_1_113' title='bbox 1757 780 1850 813; x_wconf 88' lang='lat' dir='ltr'><em>Iren.</em></span> <span class='ocrx_word' id='word_1_114' title='bbox 1866 808 1871 813; x_wconf 92' lang='lat'><em>.</em></span> <span class='ocrx_word' id='word_1_115' title='bbox 1890 781 1988 813; x_wconf 79' lang='lat' dir='ltr'><em>Ana-</em></span> 
     </span>
     <span class='ocr_line' id='line_1_12' title="bbox 303 830 1987 882; baseline 0.005 -21"><span class='ocrx_word' id='word_1_116' title='bbox 303 830 435 864; x_wconf 81' lang='lat' dir='ltr'><em>stasius</em></span> <span class='ocrx_word' id='word_1_117' title='bbox 460 831 595 865; x_wconf 89' lang='lat' dir='ltr'><em>sinaita</em></span> <span class='ocrx_word' id='word_1_118' title='bbox 620 833 654 865; x_wconf 90' lang='lat' dir='ltr'><em>in</em></span> <span class='ocrx_word' id='word_1_119' title='bbox 681 831 828 879; x_wconf 68' lang='lat' dir='ltr'><em>lzodcgo.</em></span> <span class='ocrx_word' id='word_1_120' title='bbox 861 834 1005 866; x_wconf 84' lang='lat' dir='ltr'><em>Praeter</em></span> <span class='ocrx_word' id='word_1_121' title='bbox 1026 846 1133 879; x_wconf 86' lang='lat' dir='ltr'><em>quam</em></span> <span class='ocrx_word' id='word_1_122' title='bbox 1153 834 1248 880; x_wconf 86' lang='lat' dir='ltr'><em>quod</em></span> <span class='ocrx_word' id='word_1_123' title='bbox 1271 847 1333 868; x_wconf 86' lang='lat' dir='ltr'><em>nos</em></span> <span class='ocrx_word' id='word_1_124' title='bbox 1356 834 1426 882; x_wconf 86' lang='lat' dir='ltr'><em>ipsi</em></span> <span class='ocrx_word' id='word_1_125' title='bbox 1448 835 1624 869; x_wconf 74' lang='lat' dir='ltr'><em>edidimus</em></span> <span class='ocrx_word' id='word_1_126' title='bbox 1646 836 1896 870; x_wconf 82' lang='lat' dir='ltr'><em>commentarii</em></span> <span class='ocrx_word' id='word_1_127' title='bbox 1913 836 1987 870; x_wconf 87' lang='lat' dir='ltr'><em>eius</em></span> 
     </span>
     <span class='ocr_line' id='line_1_13' title="bbox 304 888 1984 940; baseline 0.004 -20"><span class='ocrx_word' id='word_1_128' title='bbox 304 888 517 922; x_wconf 86' lang='lat' dir='ltr'><em>nominatim</em></span> <span class='ocrx_word' id='word_1_129' title='bbox 541 889 632 923; x_wconf 89' lang='lat' dir='ltr'><em>locos</em></span> <span class='ocrx_word' id='word_1_130' title='bbox 656 899 827 935; x_wconf 84' lang='lat' dir='ltr'><em>quatuor.</em></span> <span class='ocrx_word' id='word_1_131' title='bbox 852 903 899 923; x_wconf 66' lang='lat' dir='ltr'><em>ar</em></span> <span class='ocrx_word' id='word_1_132' title='bbox 925 891 1116 924; x_wconf 80' lang='lat' dir='ltr'><em>.·lnastast&#39;o</em></span> <span class='ocrx_word' id='word_1_133' title='bbox 1139 891 1342 938; x_wconf 73' lang='lat' dir='ltr'><em>presbytero</em></span> <span class='ocrx_word' id='word_1_134' title='bbox 1368 892 1520 939; x_wconf 85' lang='lat' dir='ltr'><em>(Script.</em></span> <span class='ocrx_word' id='word_1_135' title='bbox 1544 902 1608 927; x_wconf 73' lang='lat' dir='ltr'><em>vet.</em></span> <span class='ocrx_word' id='word_1_136' title='bbox 1630 894 1665 927; x_wconf 87' lang='grc' dir='ltr'><em>Τ.</em></span> <span class='ocrx_word' id='word_1_137' title='bbox 1693 894 1771 927; x_wconf 79' lang='grc' dir='ltr'><em>ῙἹΙ.</em></span> <span class='ocrx_word' id='word_1_138' title='bbox 1788 906 1850 940; x_wconf 90' lang='lat' dir='ltr'><em>pp.</em></span> <span class='ocrx_word' id='word_1_139' title='bbox 1870 894 1903 927; x_wconf 88' lang='lat'><em>8.</em></span> <span class='ocrx_word' id='word_1_140' title='bbox 1930 894 1984 927; x_wconf 88' lang='lat'><em>10.</em></span> 
     </span>
     <span class='ocr_line' id='line_1_14' title="bbox 308 946 1984 997; baseline 0.004 -20"><span class='ocrx_word' id='word_1_141' title='bbox 308 946 362 978; x_wconf 84' lang='lat'><em>18.</em></span> <span class='ocrx_word' id='word_1_142' title='bbox 386 947 445 979; x_wconf 60' lang='lat'><em>⁸22.</em></span> <span class='ocrx_word' id='word_1_143' title='bbox 477 946 680 992; x_wconf 76' lang='lat' dir='ltr'><em>Ibidemque</em></span> <span class='ocrx_word' id='word_1_144' title='bbox 705 947 795 980; x_wconf 86' lang='lat' dir='ltr'><em>alios</em></span> <span class='ocrx_word' id='word_1_145' title='bbox 822 947 926 983; x_wconf 86' lang='lat' dir='ltr'><em>duos,</em></span> <span class='ocrx_word' id='word_1_146' title='bbox 948 960 996 980; x_wconf 68' lang='lat' dir='ltr'><em>ea·</em></span> <span class='ocrx_word' id='word_1_147' title='bbox 1016 948 1159 981; x_wconf 85' lang='lat' dir='ltr'><em>Leontio</em></span> <span class='ocrx_word' id='word_1_148' title='bbox 1182 961 1242 995; x_wconf 91' lang='lat' dir='ltr'><em>pp.</em></span> <span class='ocrx_word' id='word_1_149' title='bbox 1268 950 1344 982; x_wconf 81' lang='lat'>130.</span> <span class='ocrx_word' id='word_1_150' title='bbox 1373 951 1451 983; x_wconf 60' lang='lat'><em>1120.</em></span> <span class='ocrx_word' id='word_1_151' title='bbox 1480 949 1576 983; x_wconf 79' lang='lat' dir='ltr'><em>Alios</em></span> <span class='ocrx_word' id='word_1_152' title='bbox 1598 950 1748 996; x_wconf 86' lang='lat' dir='ltr'><em>denique</em></span> <span class='ocrx_word' id='word_1_153' title='bbox 1767 950 1896 997; x_wconf 76' lang='lat' dir='ltr'><em>Script.</em></span> <span class='ocrx_word' id='word_1_154' title='bbox 1919 959 1984 984; x_wconf 65' lang='lat' dir='ltr'><em>vet.</em></span> 
     </span>
     <span class='ocr_line' id='line_1_15' title="bbox 308 1003 1988 1053; baseline 0.004 -18"><span class='ocrx_word' id='word_1_155' title='bbox 308 1003 341 1035; x_wconf 84' lang='lat' dir='ltr'><em>T.</em></span> <span class='ocrx_word' id='word_1_156' title='bbox 371 1003 470 1036; x_wconf 81' lang='lat' dir='ltr'><em>l&#39;III.</em></span> <span class='ocrx_word' id='word_1_157' title='bbox 492 1011 524 1035; x_wconf 84' lang='lat' dir='ltr'><em>et</em></span> <span class='ocrx_word' id='word_1_158' title='bbox 546 1004 606 1037; x_wconf 80' lang='lat' dir='ltr'><em>IX.</em></span> <span class='ocrx_word' id='word_1_159' title='bbox 630 1013 667 1036; x_wconf 89' lang='lat' dir='ltr'><em>ut</em></span> <span class='ocrx_word' id='word_1_160' title='bbox 688 1003 723 1036; x_wconf 92' lang='lat' dir='ltr'><em>in</em></span> <span class='ocrx_word' id='word_1_161' title='bbox 745 1004 1037 1050; x_wconf 85' lang='lat' dir='ltr'><em>praecedentibus</em></span> <span class='ocrx_word' id='word_1_162' title='bbox 1054 1005 1200 1051; x_wconf 82' lang='lat' dir='ltr'><em>paginis</em></span> <span class='ocrx_word' id='word_1_163' title='bbox 1217 1005 1390 1040; x_wconf 68' lang='lat' dir='ltr'><em>diaeimus.</em></span> <span class='ocrx_word' id='word_1_164' title='bbox 1419 1008 1507 1040; x_wconf 85' lang='lat' dir='ltr'><em>Item</em></span> <span class='ocrx_word' id='word_1_165' title='bbox 1521 1007 1737 1053; x_wconf 76' lang='lat' dir='ltr'><em>fragmenta</em></span> <span class='ocrx_word' id='word_1_166' title='bbox 1758 1007 1894 1053; x_wconf 78' lang='lat' dir='ltr'><em>aliquot</em></span> <span class='ocrx_word' id='word_1_167' title='bbox 1912 1007 1988 1041; x_wconf 87' lang='lat' dir='ltr'><em>eius</em></span> 
     </span>
     <span class='ocr_line' id='line_1_16' title="bbox 304 1059 1988 1111; baseline 0.004 -19"><span class='ocrx_word' id='word_1_168' title='bbox 304 1059 418 1105; x_wconf 85' lang='lat' dir='ltr'><em>operis</em></span> <span class='ocrx_word' id='word_1_169' title='bbox 443 1069 524 1093; x_wconf 89' lang='lat' dir='ltr'><em>sunt</em></span> <span class='ocrx_word' id='word_1_170' title='bbox 551 1061 586 1093; x_wconf 90' lang='lat' dir='ltr'><em>in</em></span> <span class='ocrx_word' id='word_1_171' title='bbox 611 1061 788 1095; x_wconf 80' lang='lat' dir='ltr'><em>codicibus</em></span> <span class='ocrx_word' id='word_1_172' title='bbox 807 1061 959 1107; x_wconf 69' lang='lat' dir='ltr'><em>syriacis</em></span> <span class='ocrx_word' id='word_1_173' title='bbox 979 1071 1050 1095; x_wconf 69' lang='lat' dir='ltr'><em>vat.</em></span> <span class='ocrx_word' id='word_1_174' title='bbox 1079 1063 1198 1108; x_wconf 69' lang='lat' dir='ltr'><em>Neque</em></span> <span class='ocrx_word' id='word_1_175' title='bbox 1219 1062 1393 1096; x_wconf 80' lang='lat' dir='ltr'><em>mediocre</em></span> <span class='ocrx_word' id='word_1_176' title='bbox 1409 1063 1528 1108; x_wconf 76' lang='lat' dir='ltr'><em>sitisse</em></span> <span class='ocrx_word' id='word_1_177' title='bbox 1547 1063 1587 1096; x_wconf 86' lang='lat' dir='ltr'><em>id</em></span> <span class='ocrx_word' id='word_1_178' title='bbox 1604 1076 1690 1110; x_wconf 87' lang='lat' dir='ltr'><em>opus</em></span> <span class='ocrx_word' id='word_1_179' title='bbox 1708 1065 1895 1111; x_wconf 71' lang='lat' dir='ltr'><em>arguimus</em></span> <span class='ocrx_word' id='word_1_180' title='bbox 1912 1073 1988 1098; x_wconf 86' lang='lat' dir='ltr'><em>tum</em></span> 
     </span>
     <span class='ocr_line' id='line_1_17' title="bbox 304 1117 1988 1165; baseline 0.004 -16"><span class='ocrx_word' id='word_1_181' title='bbox 304 1129 350 1148; x_wconf 58' lang='grc' dir='ltr'><em>(κι-</em></span> <span class='ocrx_word' id='word_1_182' title='bbox 373 1126 458 1150; x_wconf 86' lang='lat' dir='ltr'><em>nota</em></span> <span class='ocrx_word' id='word_1_183' title='bbox 481 1117 607 1164; x_wconf 56' lang='lat' dir='ltr'><em>tjvrz&#39;lli</em></span> <span class='ocrx_word' id='word_1_184' title='bbox 630 1118 806 1155; x_wconf 79' lang='lat' dir='ltr'><em>ubertate,</em></span> <span class='ocrx_word' id='word_1_185' title='bbox 829 1128 904 1152; x_wconf 89' lang='lat' dir='ltr'><em>tum</em></span> <span class='ocrx_word' id='word_1_186' title='bbox 927 1119 1012 1165; x_wconf 88' lang='lat' dir='ltr'><em>quia</em></span> <span class='ocrx_word' id='word_1_187' title='bbox 1036 1120 1200 1153; x_wconf 81' lang='lat' dir='ltr'><em>Leontius</em></span> <span class='ocrx_word' id='word_1_188' title='bbox 1225 1120 1312 1153; x_wconf 87' lang='lat' dir='ltr'><em>citat</em></span> <span class='ocrx_word' id='word_1_189' title='bbox 1334 1120 1489 1153; x_wconf 85' lang='lat' dir='ltr'><em>eiusdem</em></span> <span class='ocrx_word' id='word_1_190' title='bbox 1511 1129 1644 1154; x_wconf 85' lang='lat' dir='ltr'><em>tomum</em></span> <span class='ocrx_word' id='word_1_191' title='bbox 1664 1121 1869 1158; x_wconf 88' lang='lat' dir='ltr'><em>secundum,</em></span> <span class='ocrx_word' id='word_1_192' title='bbox 1893 1123 1988 1155; x_wconf 80' lang='lat' dir='ltr'><em>Ana-</em></span> 
     </span>
     <span class='ocr_line' id='line_1_18' title="bbox 304 1174 1990 1225; baseline 0.003 -19"><span class='ocrx_word' id='word_1_193' title='bbox 304 1174 433 1207; x_wconf 84' lang='lat' dir='ltr'><em>stasius</em></span> <span class='ocrx_word' id='word_1_194' title='bbox 459 1174 595 1208; x_wconf 76' lang='lat' dir='ltr'><em>sinclita</em></span> <span class='ocrx_word' id='word_1_195' title='bbox 622 1184 775 1209; x_wconf 69' lang='lat' dir='ltr'><em>sextum.</em></span> <span class='ocrx_word' id='word_1_196' title='bbox 806 1177 954 1222; x_wconf 88' lang='lat' dir='ltr'><em>Iamque</em></span> <span class='ocrx_word' id='word_1_197' title='bbox 983 1185 1152 1224; x_wconf 85' lang='lat' dir='ltr'><em>apparet,</em></span> <span class='ocrx_word' id='word_1_198' title='bbox 1171 1177 1253 1222; x_wconf 84' lang='lat' dir='ltr'><em>sore</em></span> <span class='ocrx_word' id='word_1_199' title='bbox 1277 1189 1404 1224; x_wconf 82' lang='lat' dir='ltr'><em>operae</em></span> <span class='ocrx_word' id='word_1_200' title='bbox 1423 1178 1601 1225; x_wconf 85' lang='lat' dir='ltr'><em>pretium,</em></span> <span class='ocrx_word' id='word_1_201' title='bbox 1629 1186 1666 1211; x_wconf 85' lang='lat' dir='ltr'><em>ut</em></span> <span class='ocrx_word' id='word_1_202' title='bbox 1683 1178 1835 1223; x_wconf 86' lang='lat' dir='ltr'><em>futurus</em></span> <span class='ocrx_word' id='word_1_203' title='bbox 1859 1177 1990 1224; x_wconf 89' lang='lat' dir='ltr'><em>aliquis</em></span> 
     </span>
     <span class='ocr_line' id='line_1_19' title="bbox 305 1231 1983 1282; baseline 0.002 -18"><span class='ocrx_word' id='word_1_204' title='bbox 305 1231 430 1277; x_wconf 64' lang='lat' dir='ltr'><em>tjvrilli</em></span> <span class='ocrx_word' id='word_1_205' title='bbox 446 1245 591 1279; x_wconf 87' lang='lat' dir='ltr'><em>operum</em></span> <span class='ocrx_word' id='word_1_206' title='bbox 609 1232 738 1270; x_wconf 79' lang='lat' dir='ltr'><em>editor,</em></span> <span class='ocrx_word' id='word_1_207' title='bbox 762 1245 907 1280; x_wconf 84' lang='lat' dir='ltr'><em>sparsas</em></span> <span class='ocrx_word' id='word_1_208' title='bbox 927 1232 1032 1268; x_wconf 78' lang='lat' dir='ltr'><em>huius</em></span> <span class='ocrx_word' id='word_1_209' title='bbox 1051 1235 1301 1269; x_wconf 88' lang='lat' dir='ltr'><em>commentarii</em></span> <span class='ocrx_word' id='word_1_210' title='bbox 1318 1235 1506 1281; x_wconf 82' lang='lat' dir='ltr'><em>reliquias,</em></span> <span class='ocrx_word' id='word_1_211' title='bbox 1523 1235 1669 1282; x_wconf 81' lang='lat' dir='ltr'><em>Absyrti</em></span> <span class='ocrx_word' id='word_1_212' title='bbox 1688 1235 1795 1269; x_wconf 77' lang='lat' dir='ltr'><em>veluti</em></span> <span class='ocrx_word' id='word_1_213' title='bbox 1809 1235 1983 1272; x_wconf 84' lang='lat' dir='ltr'><em>membra,</em></span> 
     </span>
     <span class='ocr_line' id='line_1_20' title="bbox 302 1288 1990 1339; baseline 0.003 -19"><span class='ocrx_word' id='word_1_214' title='bbox 302 1288 360 1333; x_wconf 84' lang='lat' dir='ltr'><em>pic</em></span> <span class='ocrx_word' id='word_1_215' title='bbox 379 1289 544 1335; x_wconf 76' lang='lat' dir='ltr'><em>colligat,-</em></span> <span class='ocrx_word' id='word_1_216' title='bbox 565 1301 607 1323; x_wconf 89' lang='lat' dir='ltr'><em>ea</em></span> <span class='ocrx_word' id='word_1_217' title='bbox 625 1290 748 1324; x_wconf 86' lang='lat' dir='ltr'><em>saltem</em></span> <span class='ocrx_word' id='word_1_218' title='bbox 770 1290 918 1337; x_wconf 64' lang='lat' dir='ltr'><em>vestigia</em></span> <span class='ocrx_word' id='word_1_219' title='bbox 934 1304 1146 1338; x_wconf 86' lang='lat' dir='ltr'><em>persequens</em></span> <span class='ocrx_word' id='word_1_220' title='bbox 1168 1304 1260 1338; x_wconf 83' lang='lat' dir='ltr'><em>quae</em></span> <span class='ocrx_word' id='word_1_221' title='bbox 1278 1305 1340 1326; x_wconf 90' lang='lat' dir='ltr'><em>nos</em></span> <span class='ocrx_word' id='word_1_222' title='bbox 1360 1292 1492 1326; x_wconf 85' lang='lat' dir='ltr'><em>intento</em></span> <span class='ocrx_word' id='word_1_223' title='bbox 1511 1292 1626 1339; x_wconf 81' lang='lat' dir='ltr'><em>digito</em></span> <span class='ocrx_word' id='word_1_224' title='bbox 1643 1292 1857 1326; x_wconf 87' lang='lat' dir='ltr'><em>ostendimus</em></span> <span class='ocrx_word' id='word_1_225' title='bbox 1864 1306 1874 1331; x_wconf 89' lang='lat'><strong><em>;</em></strong></span> <span class='ocrx_word' id='word_1_226' title='bbox 1896 1304 1990 1325; x_wconf 89' lang='lat' dir='ltr'><em>nem-</em></span> 
     </span>
     <span class='ocr_line' id='line_1_21' title="bbox 299 1346 1991 1396; baseline 0.003 -18"><span class='ocrx_word' id='word_1_227' title='bbox 299 1357 343 1390; x_wconf 84' lang='lat' dir='ltr'><em>pe</em></span> <span class='ocrx_word' id='word_1_228' title='bbox 368 1346 522 1383; x_wconf 83' lang='lat' dir='ltr'><em>codices,</em></span> <span class='ocrx_word' id='word_1_229' title='bbox 546 1355 672 1381; x_wconf 71' lang='lat' dir='ltr'><em>veteres</em></span> <span class='ocrx_word' id='word_1_230' title='bbox 697 1357 814 1385; x_wconf 81' lang='lat' dir='ltr'><em>testes,</em></span> <span class='ocrx_word' id='word_1_231' title='bbox 840 1357 984 1382; x_wconf 87' lang='lat' dir='ltr'><em>catenas</em></span> <span class='ocrx_word' id='word_1_232' title='bbox 1011 1349 1141 1387; x_wconf 85' lang='lat' dir='ltr'><em>editas,</em></span> <span class='ocrx_word' id='word_1_233' title='bbox 1165 1362 1208 1383; x_wconf 89' lang='lat' dir='ltr'><em>ne</em></span> <span class='ocrx_word' id='word_1_234' title='bbox 1230 1350 1438 1384; x_wconf 87' lang='lat' dir='ltr'><em>Oecumenio</em></span> <span class='ocrx_word' id='word_1_235' title='bbox 1465 1350 1606 1396; x_wconf 87' lang='lat' dir='ltr'><em>quidem</em></span> <span class='ocrx_word' id='word_1_236' title='bbox 1633 1349 1775 1387; x_wconf 84' lang='lat' dir='ltr'><em>omisso,</em></span> <span class='ocrx_word' id='word_1_237' title='bbox 1794 1357 1991 1396; x_wconf 86' lang='lat' dir='ltr'><em>postremo-</em></span> 
     </span>
     <span class='ocr_line' id='line_1_22' title="bbox 307 1403 1081 1449; baseline 0.005 -14"><span class='ocrx_word' id='word_1_238' title='bbox 307 1414 372 1447; x_wconf 83' lang='lat' dir='ltr'><em>que</em></span> <span class='ocrx_word' id='word_1_239' title='bbox 395 1403 592 1449; x_wconf 68' lang='lat' dir='ltr'><em>symbolam</em></span> <span class='ocrx_word' id='word_1_240' title='bbox 617 1404 712 1439; x_wconf 90' lang='lat' dir='ltr'><em>curis</em></span> <span class='ocrx_word' id='word_1_241' title='bbox 735 1405 864 1439; x_wconf 89' lang='lat' dir='ltr'><em>nostris</em></span> <span class='ocrx_word' id='word_1_242' title='bbox 887 1406 1081 1439; x_wconf 84' lang='lat' dir='ltr'><em>conlatam.</em></span> 
     </span>
    </p>

    <p class='ocr_par' dir='ltr' id='par_1_3' title="bbox 301 1461 1993 2140">
     <span class='ocr_line' id='line_1_23' title="bbox 400 1461 1986 1510; baseline 0.002 -17"><span class='ocrx_word' id='word_1_243' title='bbox 400 1461 503 1494; x_wconf 76' lang='lat' dir='ltr'><em>Nunc</em></span> <span class='ocrx_word' id='word_1_244' title='bbox 522 1461 611 1507; x_wconf 89' lang='lat' dir='ltr'><em>quid</em></span> <span class='ocrx_word' id='word_1_245' title='bbox 633 1462 775 1496; x_wconf 89' lang='lat' dir='ltr'><em>consilii</em></span> <span class='ocrx_word' id='word_1_246' title='bbox 789 1462 957 1509; x_wconf 77' lang='lat' dir='ltr'><em>ceperim,</em></span> <span class='ocrx_word' id='word_1_247' title='bbox 980 1463 1134 1510; x_wconf 85' lang='lat' dir='ltr'><em>pressius</em></span> <span class='ocrx_word' id='word_1_248' title='bbox 1151 1463 1340 1498; x_wconf 76' lang='lat' dir='ltr'><em>dicendum</em></span> <span class='ocrx_word' id='word_1_249' title='bbox 1359 1473 1421 1498; x_wconf 85' lang='lat' dir='ltr'><em>est.</em></span> <span class='ocrx_word' id='word_1_250' title='bbox 1452 1463 1586 1497; x_wconf 82' lang='lat' dir='ltr'><em>Codicis</em></span> <span class='ocrx_word' id='word_1_251' title='bbox 1604 1463 1784 1510; x_wconf 78' lang='lat' dir='ltr'><em>parisiaci</em></span> <span class='ocrx_word' id='word_1_252' title='bbox 1801 1472 1965 1497; x_wconf 87' lang='lat' dir='ltr'><em>catenam</em></span> <span class='ocrx_word' id='word_1_253' title='bbox 1977 1491 1986 1501; x_wconf 84' lang='lat'><em>,</em></span> 
     </span>
     <span class='ocr_line' id='line_1_24' title="bbox 305 1518 1990 1568; baseline 0.002 -18"><span class='ocrx_word' id='word_1_254' title='bbox 305 1529 395 1562; x_wconf 78' lang='lat' dir='ltr'><em>quae</em></span> <span class='ocrx_word' id='word_1_255' title='bbox 421 1527 459 1551; x_wconf 89' lang='lat' dir='ltr'><em>ut</em></span> <span class='ocrx_word' id='word_1_256' title='bbox 483 1518 568 1552; x_wconf 67' lang='lat' dir='ltr'><em>dixi</em></span> <span class='ocrx_word' id='word_1_257' title='bbox 590 1519 733 1553; x_wconf 86' lang='lat' dir='ltr'><em>nonnisi</em></span> <span class='ocrx_word' id='word_1_258' title='bbox 757 1520 808 1553; x_wconf 89' lang='lat' dir='ltr'><em>ad</em></span> <span class='ocrx_word' id='word_1_259' title='bbox 829 1520 986 1553; x_wconf 86' lang='lat' dir='ltr'><em>mediam</em></span> <span class='ocrx_word' id='word_1_260' title='bbox 1008 1521 1116 1554; x_wconf 87' lang='lat' dir='ltr'><em>Pauli</em></span> <span class='ocrx_word' id='word_1_261' title='bbox 1139 1520 1325 1568; x_wconf 86' lang='lat' dir='ltr'><em>epistolam</em></span> <span class='ocrx_word' id='word_1_262' title='bbox 1341 1521 1517 1568; x_wconf 80' lang='lat' dir='ltr'><em>pertinet,</em></span> <span class='ocrx_word' id='word_1_263' title='bbox 1544 1520 1736 1554; x_wconf 80' lang='lat' dir='ltr'><em>lectitando</em></span> <span class='ocrx_word' id='word_1_264' title='bbox 1750 1520 1868 1565; x_wconf 89' lang='lat' dir='ltr'><em>sacile</em></span> <span class='ocrx_word' id='word_1_265' title='bbox 1895 1532 1990 1553; x_wconf 89' lang='lat' dir='ltr'><em>com-</em></span> 
     </span>
     <span class='ocr_line' id='line_1_25' title="bbox 301 1573 1992 1624; baseline 0.002 -19"><span class='ocrx_word' id='word_1_266' title='bbox 301 1573 398 1620; x_wconf 81' lang='lat' dir='ltr'><em>peri,</em></span> <span class='ocrx_word' id='word_1_267' title='bbox 419 1575 487 1608; x_wconf 88' lang='lat' dir='ltr'><em>etsi</em></span> <span class='ocrx_word' id='word_1_268' title='bbox 503 1575 618 1609; x_wconf 81' lang='lat' dir='ltr'><em>editor</em></span> <span class='ocrx_word' id='word_1_269' title='bbox 636 1575 730 1610; x_wconf 73' lang='lat' dir='ltr'><em>nihil</em></span> <span class='ocrx_word' id='word_1_270' title='bbox 746 1575 788 1609; x_wconf 82' lang='lat' dir='ltr'><em>cle</em></span> <span class='ocrx_word' id='word_1_271' title='bbox 806 1576 910 1610; x_wconf 87' lang='lat' dir='ltr'><em>editis</em></span> <span class='ocrx_word' id='word_1_272' title='bbox 929 1577 982 1610; x_wconf 65' lang='lat' dir='ltr'><em>vel</em></span> <span class='ocrx_word' id='word_1_273' title='bbox 999 1577 1141 1611; x_wconf 87' lang='lat' dir='ltr'><em>ineditis</em></span> <span class='ocrx_word' id='word_1_274' title='bbox 1159 1577 1262 1614; x_wconf 84' lang='lat' dir='ltr'><em>dicit,</em></span> <span class='ocrx_word' id='word_1_275' title='bbox 1279 1589 1452 1624; x_wconf 83' lang='lat' dir='ltr'><em>magnam</em></span> <span class='ocrx_word' id='word_1_276' title='bbox 1467 1586 1623 1624; x_wconf 86' lang='lat' dir='ltr'><em>partem,</em></span> <span class='ocrx_word' id='word_1_277' title='bbox 1643 1577 1694 1610; x_wconf 87' lang='lat' dir='ltr'><em>ad</em></span> <span class='ocrx_word' id='word_1_278' title='bbox 1710 1576 1880 1623; x_wconf 79' lang='lat' dir='ltr'><em>Cyrillum</em></span> <span class='ocrx_word' id='word_1_279' title='bbox 1896 1576 1992 1622; x_wconf 87' lang='lat' dir='ltr'><em>quod</em></span> 
     </span>
     <span class='ocr_line' id='line_1_26' title="bbox 305 1631 1989 1681; baseline 0.002 -17"><span class='ocrx_word' id='word_1_280' title='bbox 305 1631 459 1669; x_wconf 83' lang='lat' dir='ltr'><em>adtinet.</em></span> <span class='ocrx_word' id='word_1_281' title='bbox 483 1633 708 1680; x_wconf 70' lang='lat' dir='ltr'><em>vulgatorum</em></span> <span class='ocrx_word' id='word_1_282' title='bbox 734 1646 878 1681; x_wconf 84' lang='lat' dir='ltr'><em>operum</em></span> <span class='ocrx_word' id='word_1_283' title='bbox 900 1634 984 1668; x_wconf 88' lang='lat' dir='ltr'><em>locis</em></span> <span class='ocrx_word' id='word_1_284' title='bbox 1011 1644 1184 1668; x_wconf 79' lang='lat' dir='ltr'><em>constare.</em></span> <span class='ocrx_word' id='word_1_285' title='bbox 1213 1636 1304 1668; x_wconf 87' lang='lat' dir='ltr'><em>Pars</em></span> <span class='ocrx_word' id='word_1_286' title='bbox 1330 1634 1562 1668; x_wconf 76' lang='lat' dir='ltr'><em>nihilominus</em></span> <span class='ocrx_word' id='word_1_287' title='bbox 1587 1634 1773 1669; x_wconf 63' lang='lat' dir='ltr'><em>videbatur</em></span> <span class='ocrx_word' id='word_1_288' title='bbox 1799 1645 1907 1671; x_wconf 69' lang='lat' dir='ltr'><em>nova,</em></span> <span class='ocrx_word' id='word_1_289' title='bbox 1929 1646 1989 1667; x_wconf 85' lang='lat' dir='ltr'><em>seu</em></span> 
     </span>
     <span class='ocr_line' id='line_1_27' title="bbox 304 1690 1990 1739; baseline 0.001 -18"><span class='ocrx_word' id='word_1_290' title='bbox 304 1701 398 1722; x_wconf 86' lang='lat' dir='ltr'><em>nunc</em></span> <span class='ocrx_word' id='word_1_291' title='bbox 412 1690 571 1737; x_wconf 88' lang='lat' dir='ltr'><em>primum</em></span> <span class='ocrx_word' id='word_1_292' title='bbox 589 1691 700 1725; x_wconf 86' lang='lat' dir='ltr'><em>edita.</em></span> <span class='ocrx_word' id='word_1_293' title='bbox 722 1693 871 1726; x_wconf 85' lang='lat' dir='ltr'><em>Prorsus</em></span> <span class='ocrx_word' id='word_1_294' title='bbox 891 1691 1012 1738; x_wconf 86' lang='lat' dir='ltr'><em>itaque</em></span> <span class='ocrx_word' id='word_1_295' title='bbox 1029 1692 1159 1726; x_wconf 87' lang='lat' dir='ltr'><em>codicis</em></span> <span class='ocrx_word' id='word_1_296' title='bbox 1174 1692 1354 1739; x_wconf 81' lang='lat' dir='ltr'><em>parisiaci</em></span> <span class='ocrx_word' id='word_1_297' title='bbox 1370 1692 1588 1729; x_wconf 85' lang='lat' dir='ltr'><em>institutum,</em></span> <span class='ocrx_word' id='word_1_298' title='bbox 1609 1691 1646 1724; x_wconf 90' lang='lat' dir='ltr'><em>in</em></span> <span class='ocrx_word' id='word_1_299' title='bbox 1663 1690 1920 1724; x_wconf 85' lang='lat' dir='ltr'><em>mediolanensi</em></span> <span class='ocrx_word' id='word_1_300' title='bbox 1935 1703 1990 1724; x_wconf 76' lang='lat' dir='ltr'><em>cc-</em></span> 
     </span>
     <span class='ocr_line' id='line_1_28' title="bbox 305 1746 1991 1796; baseline 0.001 -18"><span class='ocrx_word' id='word_1_301' title='bbox 305 1746 382 1779; x_wconf 85' lang='lat' dir='ltr'><em>dice</em></span> <span class='ocrx_word' id='word_1_302' title='bbox 400 1747 647 1785; x_wconf 86' lang='lat' dir='ltr'><em>continuatur,</em></span> <span class='ocrx_word' id='word_1_303' title='bbox 670 1749 733 1794; x_wconf 90' lang='lat' dir='ltr'><em>qui</em></span> <span class='ocrx_word' id='word_1_304' title='bbox 754 1749 835 1782; x_wconf 87' lang='lat' dir='ltr'><em>item</em></span> <span class='ocrx_word' id='word_1_305' title='bbox 859 1749 1024 1796; x_wconf 82' lang='lat' dir='ltr'><em>partibus</em></span> <span class='ocrx_word' id='word_1_306' title='bbox 1041 1749 1144 1783; x_wconf 86' lang='lat' dir='ltr'><em>modo</em></span> <span class='ocrx_word' id='word_1_307' title='bbox 1162 1750 1267 1783; x_wconf 84' lang='lat' dir='ltr'><em>editis</em></span> <span class='ocrx_word' id='word_1_308' title='bbox 1287 1750 1390 1783; x_wconf 86' lang='lat' dir='ltr'><em>modo</em></span> <span class='ocrx_word' id='word_1_309' title='bbox 1415 1749 1558 1782; x_wconf 85' lang='lat' dir='ltr'><em>ineditis</em></span> <span class='ocrx_word' id='word_1_310' title='bbox 1581 1751 1593 1793; x_wconf 94' lang='lat'><em>(</em></span> <span class='ocrx_word' id='word_1_311' title='bbox 1605 1757 1778 1794; x_wconf 86' lang='lat' dir='ltr'><em>quatenus</em></span> <span class='ocrx_word' id='word_1_312' title='bbox 1799 1748 1991 1781; x_wconf 85' lang='lat' dir='ltr'><em>scrutando</em></span> 
     </span>
     <span class='ocr_line' id='line_1_29' title="bbox 306 1803 1991 1853; baseline 0.002 -18"><span class='ocrx_word' id='word_1_313' title='bbox 306 1815 512 1850; x_wconf 79' lang='lat' dir='ltr'><em>cognoscere</em></span> <span class='ocrx_word' id='word_1_314' title='bbox 529 1805 650 1849; x_wconf 73' lang='lat' dir='ltr'><em>licuit)</em></span> <span class='ocrx_word' id='word_1_315' title='bbox 671 1807 952 1840; x_wconf 83' lang='lat' dir='ltr'><em>consarcinatur.</em></span> <span class='ocrx_word' id='word_1_316' title='bbox 981 1808 1078 1846; x_wconf 77' lang='lat' dir='ltr'><em>(luae</em></span> <span class='ocrx_word' id='word_1_317' title='bbox 1099 1819 1207 1853; x_wconf 90' lang='lat' dir='ltr'><em>quum</em></span> <span class='ocrx_word' id='word_1_318' title='bbox 1229 1807 1281 1840; x_wconf 87' lang='lat' dir='ltr'><em>ita</em></span> <span class='ocrx_word' id='word_1_319' title='bbox 1301 1819 1336 1840; x_wconf 87' lang='lat' dir='ltr'><em>se</em></span> <span class='ocrx_word' id='word_1_320' title='bbox 1353 1806 1539 1843; x_wconf 81' lang='lat' dir='ltr'><em>haberent,</em></span> <span class='ocrx_word' id='word_1_321' title='bbox 1561 1806 1673 1839; x_wconf 71' lang='lat' dir='ltr'><em>visum</em></span> <span class='ocrx_word' id='word_1_322' title='bbox 1691 1803 1783 1838; x_wconf 78' lang='lat' dir='ltr'><em>mihi</em></span> <span class='ocrx_word' id='word_1_323' title='bbox 1799 1813 1848 1838; x_wconf 90' lang='lat' dir='ltr'><em>est</em></span> <span class='ocrx_word' id='word_1_324' title='bbox 1867 1813 1991 1851; x_wconf 78' lang='lat' dir='ltr'><em>partes</em></span> 
     </span>
     <span class='ocr_line' id='line_1_30' title="bbox 309 1861 1991 1911; baseline 0.002 -19"><span class='ocrx_word' id='word_1_325' title='bbox 309 1861 435 1907; x_wconf 51' lang='lat' dir='ltr'><em>cyrilli</em></span> <span class='ocrx_word' id='word_1_326' title='bbox 451 1874 558 1896; x_wconf 69' lang='lat' dir='ltr'><em>novas</em></span> <span class='ocrx_word' id='word_1_327' title='bbox 581 1865 773 1909; x_wconf 83' lang='lat' dir='ltr'><em>(quantum</em></span> <span class='ocrx_word' id='word_1_328' title='bbox 792 1865 931 1897; x_wconf 84' lang='lat' dir='ltr'><em>credere</em></span> <span class='ocrx_word' id='word_1_329' title='bbox 952 1864 1051 1908; x_wconf 81' lang='lat' dir='ltr'><em>licet)</em></span> <span class='ocrx_word' id='word_1_330' title='bbox 1073 1873 1148 1898; x_wconf 89' lang='lat' dir='ltr'><em>tum</em></span> <span class='ocrx_word' id='word_1_331' title='bbox 1168 1864 1298 1898; x_wconf 86' lang='lat' dir='ltr'><em>codicis</em></span> <span class='ocrx_word' id='word_1_332' title='bbox 1310 1863 1492 1911; x_wconf 85' lang='lat' dir='ltr'><em>parisiaci</em></span> <span class='ocrx_word' id='word_1_333' title='bbox 1513 1872 1588 1897; x_wconf 88' lang='lat' dir='ltr'><em>tum</em></span> <span class='ocrx_word' id='word_1_334' title='bbox 1606 1862 1894 1899; x_wconf 83' lang='lat' dir='ltr'><em>mediolanensis,</em></span> <span class='ocrx_word' id='word_1_335' title='bbox 1918 1874 1991 1896; x_wconf 88' lang='lat' dir='ltr'><em>una</em></span> 
     </span>
     <span class='ocr_line' id='line_1_31' title="bbox 306 1917 1993 1966; baseline 0.002 -16"><span class='ocrx_word' id='word_1_336' title='bbox 306 1917 395 1951; x_wconf 86' lang='lat' dir='ltr'><em>serie</em></span> <span class='ocrx_word' id='word_1_337' title='bbox 415 1928 618 1957; x_wconf 75' lang='lat' dir='ltr'><em>contexere,</em></span> <span class='ocrx_word' id='word_1_338' title='bbox 643 1921 777 1954; x_wconf 84' lang='lat' dir='ltr'><em>latinas</em></span> <span class='ocrx_word' id='word_1_339' title='bbox 795 1921 904 1954; x_wconf 86' lang='lat' dir='ltr'><em>etiam</em></span> <span class='ocrx_word' id='word_1_340' title='bbox 915 1921 1060 1966; x_wconf 83' lang='lat' dir='ltr'><em>facere,</em></span> <span class='ocrx_word' id='word_1_341' title='bbox 1084 1930 1117 1954; x_wconf 84' lang='lat' dir='ltr'><em>et</em></span> <span class='ocrx_word' id='word_1_342' title='bbox 1136 1920 1200 1955; x_wconf 81' lang='lat' dir='ltr'><em>hoc</em></span> <span class='ocrx_word' id='word_1_343' title='bbox 1218 1934 1294 1955; x_wconf 90' lang='lat' dir='ltr'><em>meo</em></span> <span class='ocrx_word' id='word_1_344' title='bbox 1313 1921 1502 1957; x_wconf 75' lang='lat' dir='ltr'><em>volumine.</em></span> <span class='ocrx_word' id='word_1_345' title='bbox 1525 1920 1620 1966; x_wconf 88' lang='lat' dir='ltr'><em>quod</em></span> <span class='ocrx_word' id='word_1_346' title='bbox 1636 1928 1749 1953; x_wconf 88' lang='lat' dir='ltr'><em>totum</em></span> <span class='ocrx_word' id='word_1_347' title='bbox 1766 1932 1813 1953; x_wconf 73' lang='lat' dir='ltr'><em>eae</em></span> <span class='ocrx_word' id='word_1_348' title='bbox 1831 1919 1993 1966; x_wconf 84' lang='lat' dir='ltr'><em>cyrillia-</em></span> 
     </span>
     <span class='ocr_line' id='line_1_32' title="bbox 305 1975 1991 2025; baseline 0.001 -17"><span class='ocrx_word' id='word_1_349' title='bbox 305 1975 361 2009; x_wconf 87' lang='lat' dir='ltr'><em>nis</em></span> <span class='ocrx_word' id='word_1_350' title='bbox 380 1976 523 2023; x_wconf 88' lang='lat' dir='ltr'><em>scriptis</em></span> <span class='ocrx_word' id='word_1_351' title='bbox 541 1978 776 2024; x_wconf 81' lang='lat' dir='ltr'><em>componitur,</em></span> <span class='ocrx_word' id='word_1_352' title='bbox 800 1987 882 2025; x_wconf 88' lang='lat' dir='ltr'><em>apte</em></span> <span class='ocrx_word' id='word_1_353' title='bbox 899 1978 1201 2024; x_wconf 82' lang='lat' dir='ltr'><em>comprehendere.</em></span> <span class='ocrx_word' id='word_1_354' title='bbox 1227 1978 1437 2013; x_wconf 81' lang='lat' dir='ltr'><em>Praesertim</em></span> <span class='ocrx_word' id='word_1_355' title='bbox 1457 1978 1543 2024; x_wconf 87' lang='lat' dir='ltr'><em>quia</em></span> <span class='ocrx_word' id='word_1_356' title='bbox 1562 1979 1607 2012; x_wconf 85' lang='lat' dir='ltr'><em>cl.</em></span> <span class='ocrx_word' id='word_1_357' title='bbox 1628 1977 1837 2015; x_wconf 59' lang='lat' dir='ltr'><em>leobmarus,</em></span> <span class='ocrx_word' id='word_1_358' title='bbox 1860 1977 1991 2011; x_wconf 85' lang='lat' dir='ltr'><em>collata</em></span> 
     </span>
     <span class='ocr_line' id='line_1_33' title="bbox 302 2033 1991 2083; baseline 0.001 -17"><span class='ocrx_word' id='word_1_359' title='bbox 302 2033 481 2079; x_wconf 86' lang='lat' dir='ltr'><em>parisiaci</em></span> <span class='ocrx_word' id='word_1_360' title='bbox 498 2047 632 2081; x_wconf 87' lang='lat' dir='ltr'><em>quoque</em></span> <span class='ocrx_word' id='word_1_361' title='bbox 651 2036 781 2069; x_wconf 87' lang='lat' dir='ltr'><em>codicis</em></span> <span class='ocrx_word' id='word_1_362' title='bbox 794 2045 901 2083; x_wconf 86' lang='lat' dir='ltr'><em>parte</em></span> <span class='ocrx_word' id='word_1_363' title='bbox 919 2049 996 2070; x_wconf 87' lang='lat' dir='ltr'><em>cum</em></span> <span class='ocrx_word' id='word_1_364' title='bbox 1018 2036 1155 2083; x_wconf 80' lang='lat' dir='ltr'><em>integro</em></span> <span class='ocrx_word' id='word_1_365' title='bbox 1175 2037 1293 2070; x_wconf 88' lang='lat' dir='ltr'><em>codice</em></span> <span class='ocrx_word' id='word_1_366' title='bbox 1313 2036 1584 2074; x_wconf 86' lang='lat' dir='ltr'><em>mediolanensi,</em></span> <span class='ocrx_word' id='word_1_367' title='bbox 1605 2037 1739 2070; x_wconf 84' lang='lat' dir='ltr'><em>multas</em></span> <span class='ocrx_word' id='word_1_368' title='bbox 1756 2034 1848 2069; x_wconf 77' lang='lat' dir='ltr'><em>mihi</em></span> <span class='ocrx_word' id='word_1_369' title='bbox 1863 2043 1896 2068; x_wconf 87' lang='lat' dir='ltr'><em>et</em></span> <span class='ocrx_word' id='word_1_370' title='bbox 1907 2036 1991 2082; x_wconf 89' lang='lat' dir='ltr'><em>pul-</em></span> 
     </span>
     <span class='ocr_line' id='line_1_34' title="bbox 306 2089 1783 2140; baseline 0.003 -18"><span class='ocrx_word' id='word_1_371' title='bbox 306 2089 516 2128; x_wconf 78' lang='lat' dir='ltr'><em>cherrimas,</em></span> <span class='ocrx_word' id='word_1_372' title='bbox 541 2105 632 2139; x_wconf 88' lang='lat' dir='ltr'><em>quae</em></span> <span class='ocrx_word' id='word_1_373' title='bbox 655 2093 838 2140; x_wconf 86' lang='lat' dir='ltr'><em>parisiaco</em></span> <span class='ocrx_word' id='word_1_374' title='bbox 865 2093 954 2127; x_wconf 83' lang='lat' dir='ltr'><em>libro</em></span> <span class='ocrx_word' id='word_1_375' title='bbox 970 2094 1062 2139; x_wconf 83' lang='lat' dir='ltr'><em>sieri</em></span> <span class='ocrx_word' id='word_1_376' title='bbox 1084 2094 1224 2131; x_wconf 85' lang='lat' dir='ltr'><em>debent,</em></span> <span class='ocrx_word' id='word_1_377' title='bbox 1248 2094 1508 2127; x_wconf 85' lang='lat' dir='ltr'><em>emendationes</em></span> <span class='ocrx_word' id='word_1_378' title='bbox 1533 2092 1783 2140; x_wconf 79' lang='lat' dir='ltr'><em>suppeditavit.</em></span> 
     </span>
    </p>
   </div>
   <div class='ocr_carea' id='block_1_3' title="bbox 405 2149 2030 2198">
    <p class='ocr_par' dir='ltr' id='par_1_4' title="bbox 405 2149 2030 2198">
     <span class='ocr_line' id='line_1_35' title="bbox 405 2149 2030 2198; baseline 0.001 -17"><span class='ocrx_word' id='word_1_379' title='bbox 405 2149 536 2183; x_wconf 82' lang='lat' dir='ltr'><em>Calena</em></span> <span class='ocrx_word' id='word_1_380' title='bbox 562 2149 671 2187; x_wconf 66' lang='lat' dir='ltr'><em>llaec,</em></span> <span class='ocrx_word' id='word_1_381' title='bbox 698 2151 790 2185; x_wconf 87' lang='lat' dir='ltr'><em>unde</em></span> <span class='ocrx_word' id='word_1_382' title='bbox 817 2151 987 2197; x_wconf 76' lang='lat' dir='ltr'><em>Cyrillum</em></span> <span class='ocrx_word' id='word_1_383' title='bbox 1016 2151 1276 2198; x_wconf 66' lang='lat' dir='ltr'><em>eoeeerpsimus,</em></span> <span class='ocrx_word' id='word_1_384' title='bbox 1302 2151 1439 2185; x_wconf 78' lang='lat' dir='ltr'><em>videtur</em></span> <span class='ocrx_word' id='word_1_385' title='bbox 1469 2162 1650 2197; x_wconf 86' lang='lat' dir='ltr'><em>anonyma.</em></span> <span class='ocrx_word' id='word_1_386' title='bbox 1680 2150 1717 2183; x_wconf 91' lang='lat' dir='ltr'><em>in</em></span> <span class='ocrx_word' id='word_1_387' title='bbox 1746 2149 1864 2184; x_wconf 86' lang='lat' dir='ltr'><em>codice</em></span> <span class='ocrx_word' id='word_1_388' title='bbox 1889 2149 1992 2197; x_wconf 85' lang='lat' dir='ltr'><em>pari·</em></span> <span class='ocrx_word' id='word_1_389' title='bbox 2028 2151 2030 2153; x_wconf 78' lang='grc'><strong>’</strong></span> 
     </span>
    </p>
   </div>
   <div class='ocr_carea' id='block_1_4' title="bbox 305 2205 1993 2656">
    <p class='ocr_par' dir='ltr' id='par_1_5' title="bbox 306 2205 1993 2656">
     <span class='ocr_line' id='line_1_36' title="bbox 306 2205 1993 2255; baseline 0.002 -18"><span class='ocrx_word' id='word_1_390' title='bbox 306 2205 434 2244; x_wconf 85' lang='lat' dir='ltr'><em>siensi,·</em></span> <span class='ocrx_word' id='word_1_391' title='bbox 453 2219 537 2240; x_wconf 89' lang='lat' dir='ltr'><em>nam</em></span> <span class='ocrx_word' id='word_1_392' title='bbox 561 2208 604 2241; x_wconf 90' lang='lat' dir='ltr'><em>cl.</em></span> <span class='ocrx_word' id='word_1_393' title='bbox 630 2209 814 2242; x_wconf 88' lang='lat' dir='ltr'><em>Cramerus</em></span> <span class='ocrx_word' id='word_1_394' title='bbox 839 2209 972 2243; x_wconf 82' lang='lat' dir='ltr'><em>nullius</em></span> <span class='ocrx_word' id='word_1_395' title='bbox 997 2209 1152 2243; x_wconf 88' lang='lat' dir='ltr'><em>auctoris</em></span> <span class='ocrx_word' id='word_1_396' title='bbox 1177 2221 1301 2242; x_wconf 88' lang='lat' dir='ltr'><em>nomen</em></span> <span class='ocrx_word' id='word_1_397' title='bbox 1322 2208 1437 2255; x_wconf 88' lang='lat' dir='ltr'><em>ponit.</em></span> <span class='ocrx_word' id='word_1_398' title='bbox 1466 2210 1509 2242; x_wconf 79' lang='lat' dir='ltr'><em>At</em></span> <span class='ocrx_word' id='word_1_399' title='bbox 1533 2208 1806 2241; x_wconf 85' lang='lat' dir='ltr'><em>mediolanensis</em></span> <span class='ocrx_word' id='word_1_400' title='bbox 1831 2220 1910 2241; x_wconf 87' lang='lat' dir='ltr'><em>eam</em></span> <span class='ocrx_word' id='word_1_401' title='bbox 1935 2208 1993 2242; x_wconf 87' lang='lat' dir='ltr'><em>di-</em></span> 
     </span>
     <span class='ocr_line' id='line_1_37' title="bbox 306 2257 1990 2314; baseline 0.002 -19"><span class='ocrx_word' id='word_1_402' title='bbox 306 2272 396 2296; x_wconf 82' lang='lat' dir='ltr'><em>serte</em></span> <span class='ocrx_word' id='word_1_403' title='bbox 415 2264 575 2298; x_wconf 79' lang='lat' dir='ltr'><em>i&#39;nscrzbzt</em></span> <span class='ocrx_word' id='word_1_404' title='bbox 593 2266 740 2300; x_wconf 69' lang='grc' dir='ltr'><em>Λίσειαε</em></span> <span class='ocrx_word' id='word_1_405' title='bbox 758 2268 947 2300; x_wconf 81' lang='lat' dir='ltr'><em>Serrarum</em></span> <span class='ocrx_word' id='word_1_406' title='bbox 967 2267 1126 2314; x_wconf 85' lang='lat' dir='ltr'><em>episcopo</em></span> <span class='ocrx_word' id='word_1_407' title='bbox 1145 2266 1200 2300; x_wconf 83' lang='lat' dir='ltr'><em>lzis</em></span> <span class='ocrx_word' id='word_1_408' title='bbox 1219 2266 1342 2300; x_wconf 59' lang='lat' dir='ltr'><em>verbis.</em></span> <span class='ocrx_word' id='word_1_409' title='bbox 1372 2257 1585 2313; x_wconf 68' lang='grc' dir='ltr'><em>Συναγωγκ</em></span> <span class='ocrx_word' id='word_1_410' title='bbox 1616 2257 1833 2312; x_wconf 67' lang='grc' dir='ltr'>εξῆγκσεων</span> <span class='ocrx_word' id='word_1_411' title='bbox 1856 2257 1932 2297; x_wconf 79' lang='grc' dir='ltr'><em>οἷπο</em></span> <span class='ocrx_word' id='word_1_412' title='bbox 1951 2274 1990 2298; x_wconf 76' lang='grc' dir='ltr'><em>τε</em></span> 
     </span>
     <span class='ocr_line' id='line_1_38' title="bbox 308 2314 1992 2371; baseline 0.002 -19.017"><span class='ocrx_word' id='word_1_413' title='bbox 308 2314 424 2354; x_wconf 65' lang='lat' dir='ltr'><em>Selom</em></span> <span class='ocrx_word' id='word_1_414' title='bbox 449 2314 616 2370; x_wconf 71' lang='grc' dir='ltr'><em>πατέρων</em></span> <span class='ocrx_word' id='word_1_415' title='bbox 644 2333 705 2355; x_wconf 84' lang='grc' dir='ltr'><em>και</em></span> <span class='ocrx_word' id='word_1_416' title='bbox 735 2334 805 2356; x_wconf 84' lang='grc' dir='ltr'><em>των</em></span> <span class='ocrx_word' id='word_1_417' title='bbox 833 2315 966 2357; x_wconf 74' lang='grc' dir='ltr'><strong>ἄλλων</strong></span> <span class='ocrx_word' id='word_1_418' title='bbox 992 2315 1236 2357; x_wconf 69' lang='grc' dir='ltr'>διδασκάλων</span> <span class='ocrx_word' id='word_1_419' title='bbox 1265 2316 1317 2362; x_wconf 78' lang='grc' dir='ltr'><em>εἷς</em></span> <span class='ocrx_word' id='word_1_420' title='bbox 1343 2333 1406 2357; x_wconf 71' lang='grc' dir='ltr'><em>την</em></span> <span class='ocrx_word' id='word_1_421' title='bbox 1432 2315 1523 2368; x_wconf 76' lang='grc' dir='ltr'><em>πρὸς</em></span> <span class='ocrx_word' id='word_1_422' title='bbox 1546 2316 1751 2371; x_wconf 69' lang='grc' dir='ltr'><em>Ἑβραίους</em></span> <span class='ocrx_word' id='word_1_423' title='bbox 1780 2314 1992 2356; x_wconf 63' lang='grc' dir='ltr'>ἐπιστολκν</span> 
     </span>
     <span class='ocr_line' id='line_1_39' title="bbox 307 2371 1990 2442; baseline 0.002 -33"><span class='ocrx_word' id='word_1_424' title='bbox 307 2387 374 2410; x_wconf 78' lang='grc' dir='ltr'><em>του</em></span> <span class='ocrx_word' id='word_1_425' title='bbox 405 2371 523 2425; x_wconf 66' lang='grc' dir='ltr'><em>ἁγίου</em></span> <span class='ocrx_word' id='word_1_426' title='bbox 551 2372 770 2412; x_wconf 80' lang='grc' dir='ltr'>αποστόλου</span> <span class='ocrx_word' id='word_1_427' title='bbox 792 2373 976 2420; x_wconf 76' lang='grc' dir='ltr'>Παύλου,</span> <span class='ocrx_word' id='word_1_428' title='bbox 998 2374 1242 2428; x_wconf 63' lang='grc' dir='ltr'>συλλεγεῖσα</span> <span class='ocrx_word' id='word_1_429' title='bbox 1263 2372 1365 2426; x_wconf 73' lang='grc' dir='ltr'>παρὰ</span> <span class='ocrx_word' id='word_1_430' title='bbox 1385 2373 1455 2412; x_wconf 79' lang='grc' dir='ltr'><em>τοῦ</em></span> <span class='ocrx_word' id='word_1_431' title='bbox 1478 2373 1686 2427; x_wconf 78' lang='grc' dir='ltr'><em>ἱερωτατου</em></span> <span class='ocrx_word' id='word_1_432' title='bbox 1707 2375 1990 2442; x_wconf 56' lang='lat' dir='ltr'><em>perrponoha&#39;sov</em></span> 
     </span>
     <span class='ocr_line' id='line_1_40' title="bbox 305 2427 1991 2485; baseline 0.002 -20.034"><span class='ocrx_word' id='word_1_433' title='bbox 305 2427 534 2482; x_wconf 68' lang='grc' dir='ltr'><em>’Ἡρακλείας</em></span> <span class='ocrx_word' id='word_1_434' title='bbox 556 2433 722 2483; x_wconf 51' lang='grc' dir='ltr'><em>κυρίιου</em></span> <span class='ocrx_word' id='word_1_435' title='bbox 709 2429 854 2472; x_wconf 62' lang='lat' dir='ltr'><em>Num-a</em></span> <span class='ocrx_word' id='word_1_436' title='bbox 875 2448 940 2470; x_wconf 80' lang='grc' dir='ltr'><em>του</em></span> <span class='ocrx_word' id='word_1_437' title='bbox 962 2431 1034 2471; x_wconf 69' lang='grc' dir='ltr'><em>τῶν</em></span> <span class='ocrx_word' id='word_1_438' title='bbox 1057 2431 1214 2485; x_wconf 75' lang='grc' dir='ltr'><em>Σεῤῥων.</em></span> <span class='ocrx_word' id='word_1_439' title='bbox 1237 2439 1282 2471; x_wconf 82' lang='lat' dir='ltr'><em>Et</em></span> <span class='ocrx_word' id='word_1_440' title='bbox 1300 2437 1346 2471; x_wconf 85' lang='lat' dir='ltr'><em>ab</em></span> <span class='ocrx_word' id='word_1_441' title='bbox 1361 2438 1437 2471; x_wconf 73' lang='lat' dir='ltr'><em>alta</em></span> <span class='ocrx_word' id='word_1_442' title='bbox 1456 2449 1567 2471; x_wconf 85' lang='lat' dir='ltr'><em>manu</em></span> <span class='ocrx_word' id='word_1_443' title='bbox 1583 2437 1619 2470; x_wconf 90' lang='lat' dir='ltr'><em>in</em></span> <span class='ocrx_word' id='word_1_444' title='bbox 1632 2449 1794 2484; x_wconf 69' lang='lat' dir='ltr'><em>paginae</em></span> <span class='ocrx_word' id='word_1_445' title='bbox 1809 2437 1903 2470; x_wconf 86' lang='lat' dir='ltr'><em>calce</em></span> <span class='ocrx_word' id='word_1_446' title='bbox 1920 2436 1991 2470; x_wconf 81' lang='lat' dir='ltr'><em>si.·c</em></span> 
     </span>
     <span class='ocr_line' id='line_1_41' title="bbox 311 2486 1992 2542; baseline 0.002 -19"><span class='ocrx_word' id='word_1_447' title='bbox 311 2502 380 2523; x_wconf 71' lang='lat' dir='ltr'><em>urso</em></span> <span class='ocrx_word' id='word_1_448' title='bbox 412 2486 605 2539; x_wconf 75' lang='grc' dir='ltr'><em>ἑρμηνείας</em></span> <span class='ocrx_word' id='word_1_449' title='bbox 632 2504 733 2541; x_wconf 77' lang='grc' dir='ltr'><em>παρα</em></span> <span class='ocrx_word' id='word_1_450' title='bbox 758 2505 825 2526; x_wconf 82' lang='grc' dir='ltr'><em>του</em></span> <span class='ocrx_word' id='word_1_451' title='bbox 854 2488 1013 2541; x_wconf 74' lang='grc' dir='ltr'><em>Σερῥῶν.</em></span> <span class='ocrx_word' id='word_1_452' title='bbox 1040 2495 1207 2541; x_wconf 77' lang='lat' dir='ltr'><em>Sequitur</em></span> <span class='ocrx_word' id='word_1_453' title='bbox 1228 2507 1314 2528; x_wconf 66' lang='lat' dir='ltr'><em>mov</em></span> <span class='ocrx_word' id='word_1_454' title='bbox 1330 2496 1518 2542; x_wconf 82' lang='lat' dir='ltr'><em>prologus.</em></span> <span class='ocrx_word' id='word_1_455' title='bbox 1541 2494 1583 2528; x_wconf 87' lang='lat' dir='ltr'><em>de</em></span> <span class='ocrx_word' id='word_1_456' title='bbox 1600 2507 1668 2541; x_wconf 87' lang='lat' dir='ltr'><em>quo</em></span> <span class='ocrx_word' id='word_1_457' title='bbox 1689 2495 1772 2528; x_wconf 87' lang='lat' dir='ltr'><em>item</em></span> <span class='ocrx_word' id='word_1_458' title='bbox 1790 2493 1883 2528; x_wconf 79' lang='lat' dir='ltr'><em>ni&#39;lul</em></span> <span class='ocrx_word' id='word_1_459' title='bbox 1903 2493 1992 2527; x_wconf 87' lang='lat' dir='ltr'><em>dicit</em></span> 
     </span>
     <span class='ocr_line' id='line_1_42' title="bbox 312 2550 1993 2599; baseline 0.001 -16"><span class='ocrx_word' id='word_1_460' title='bbox 312 2551 513 2591; x_wconf 75' lang='lat' dir='ltr'><em>(ramerus</em></span> <span class='ocrx_word' id='word_1_461' title='bbox 534 2551 597 2585; x_wconf 89' lang='lat' dir='ltr'><em>sed</em></span> <span class='ocrx_word' id='word_1_462' title='bbox 612 2564 691 2585; x_wconf 90' lang='lat' dir='ltr'><em>eum</em></span> <span class='ocrx_word' id='word_1_463' title='bbox 711 2561 821 2586; x_wconf 90' lang='lat' dir='ltr'><em>totum</em></span> <span class='ocrx_word' id='word_1_464' title='bbox 840 2565 887 2585; x_wconf 68' lang='grc' dir='ltr'><em>εει·</em></span> <span class='ocrx_word' id='word_1_465' title='bbox 908 2554 935 2586; x_wconf 87' lang='lat' dir='ltr'><em>T</em></span> <span class='ocrx_word' id='word_1_466' title='bbox 933 2551 1118 2586; x_wconf 71' lang='lat' dir='ltr'><em>lieodoreto</em></span> <span class='ocrx_word' id='word_1_467' title='bbox 1136 2561 1242 2598; x_wconf 85' lang='lat' dir='ltr'><em>atque</em></span> <span class='ocrx_word' id='word_1_468' title='bbox 1263 2552 1505 2599; x_wconf 69' lang='lat' dir='ltr'><em>Clzrysostomo</em></span> <span class='ocrx_word' id='word_1_469' title='bbox 1523 2561 1702 2589; x_wconf 85' lang='lat' dir='ltr'><em>constare,</em></span> <span class='ocrx_word' id='word_1_470' title='bbox 1725 2552 1810 2586; x_wconf 77' lang='lat' dir='ltr'><em>libri</em></span> <span class='ocrx_word' id='word_1_471' title='bbox 1825 2551 1914 2585; x_wconf 42' lang='lat' dir='ltr'><em>efflui</em></span> <span class='ocrx_word' id='word_1_472' title='bbox 1931 2550 1993 2584; x_wconf 88' lang='lat' dir='ltr'><em>de-</em></span> 
     </span>
     <span class='ocr_line' id='line_1_43' title="bbox 311 2608 1993 2656; baseline 0.001 -16"><span class='ocrx_word' id='word_1_473' title='bbox 311 2608 521 2643; x_wconf 78' lang='lat' dir='ltr'><em>monstrant.</em></span> <span class='ocrx_word' id='word_1_474' title='bbox 551 2609 785 2650; x_wconf 81' lang='lat' dir='ltr'><em>Quamobrem</em></span> <span class='ocrx_word' id='word_1_475' title='bbox 810 2609 892 2643; x_wconf 81' lang='lat' dir='ltr'><em>hinc</em></span> <span class='ocrx_word' id='word_1_476' title='bbox 917 2611 1066 2644; x_wconf 87' lang='lat' dir='ltr'><em>lacunae</em></span> <span class='ocrx_word' id='word_1_477' title='bbox 1089 2609 1226 2656; x_wconf 86' lang='lat' dir='ltr'><em>aliquot</em></span> <span class='ocrx_word' id='word_1_478' title='bbox 1253 2610 1290 2643; x_wconf 88' lang='lat' dir='ltr'><em>in</em></span> <span class='ocrx_word' id='word_1_479' title='bbox 1311 2610 1500 2644; x_wconf 72' lang='lat' dir='ltr'><em>oxoniensi</em></span> <span class='ocrx_word' id='word_1_480' title='bbox 1522 2610 1675 2644; x_wconf 88' lang='lat' dir='ltr'><em>editione</em></span> <span class='ocrx_word' id='word_1_481' title='bbox 1693 2610 1836 2644; x_wconf 86' lang='lat' dir='ltr'><em>relictae</em></span> <span class='ocrx_word' id='word_1_482' title='bbox 1855 2609 1993 2655; x_wconf 58' lang='lat' dir='ltr'><em>expleri</em></span> 
     </span>
    </p>
   </div>
   <div class='ocr_carea' id='block_1_5' title="bbox 306 2665 1919 2714">
    <p class='ocr_par' dir='ltr' id='par_1_6' title="bbox 306 2665 1919 2714">
     <span class='ocr_line' id='line_1_44' title="bbox 306 2665 1919 2714; baseline 0.001 -18"><span class='ocrx_word' id='word_1_483' title='bbox 306 2665 520 2710; x_wconf 85' lang='lat' dir='ltr'><em>potuissent,</em></span> <span class='ocrx_word' id='word_1_484' title='bbox 542 2675 574 2700; x_wconf 86' lang='lat' dir='ltr'><em>et</em></span> <span class='ocrx_word' id='word_1_485' title='bbox 595 2666 723 2701; x_wconf 86' lang='lat' dir='ltr'><em>menda</em></span> <span class='ocrx_word' id='word_1_486' title='bbox 743 2667 853 2701; x_wconf 87' lang='lat' dir='ltr'><em>etiam</em></span> <span class='ocrx_word' id='word_1_487' title='bbox 871 2667 1002 2701; x_wconf 86' lang='lat' dir='ltr'><em>codicis</em></span> <span class='ocrx_word' id='word_1_488' title='bbox 1020 2667 1212 2714; x_wconf 84' lang='lat' dir='ltr'><em>parisiaci,</em></span> <span class='ocrx_word' id='word_1_489' title='bbox 1237 2668 1290 2702; x_wconf 70' lang='lat' dir='ltr'><em>vel</em></span> <span class='ocrx_word' id='word_1_490' title='bbox 1305 2667 1539 2714; x_wconf 81' lang='lat' dir='ltr'><em>quorumlibet</em></span> <span class='ocrx_word' id='word_1_491' title='bbox 1558 2667 1807 2704; x_wconf 83' lang='lat' dir='ltr'><em>librariorum,</em></span> <span class='ocrx_word' id='word_1_492' title='bbox 1831 2667 1919 2699; x_wconf 77' lang='lat' dir='ltr'><em>tolli.</em></span> 
     </span>
    </p>
   </div>
   <div class='ocr_carea' id='block_1_6' title="bbox 2182 2389 2205 2875">
    <p class='ocr_par' dir='ltr' id='par_1_7' title="bbox 2182 2389 2205 2875">
     <span class='ocr_line' id='line_1_45' title="bbox 2182 2389 2205 2875; textangle 90"><span class='ocrx_word' id='word_1_493' title='bbox 2182 2628 2201 2875; x_wconf 50' lang='lat' dir='ltr'><em>——h—-Q—a·</em></span> <span class='ocrx_word' id='word_1_494' title='bbox 2194 2406 2205 2623; x_wconf 42' lang='grc' dir='ltr'><em>-κᾳ-ν-.Π</em></span> <span class='ocrx_word' id='word_1_495' title='bbox 2203 2389 2205 2397; x_wconf 23' lang='grc' dir='ltr'>μ</span> 
     </span>
    </p>
   </div>
  </div>
 </body>
</html>
