2205 3177
292 393 312 407 ι.
331 390 360 408 ts.

170 504 210 523 ΤΝ
228 503 300 523 XXXX
311 503 363 523 lif).

167 621 171 626 '
187 618 266 638 *tatttr
280 618 315 637 ,Xl-
327 622 358 637 2⁹«.

169 2280 228 2300 ’1,ι1Δ
253 2280 300 2300 λΙλ
327 2286 355 2300 Δ»

404 191 472 224 ets
907 197 935 219 s.
964 196 1090 219 eruum
1118 195 1338 218 ALEXANntnNI
1365 195 1571 217 exre-xxxmo

403 267 505 299 tineat
527 264 590 308 Ml:
609 264 783 307 utiturque
802 261 1004 306 metaphora
1024 260 1181 297 illorum,
1199 261 1257 305 qui
1277 272 1355 293 cum
1376 260 1586 297 irascuntur,
1605 258 1724 292 faciem
1744 266 1914 293 avertunt.
1938 260 2082 295 Aversio

401 329 513 356 autem
540 319 695 357 Domini,
719 318 895 351 derelictio
921 324 983 351 est.

935 384 1091 410 Quoniam
1108 383 1262 410 tribulor,
1280 384 1342 405 cilo
1359 382 1471 405 exaudi
1489 388 1546 404 me.

498 438 638 480 Propter
665 434 797 466 doloris
823 444 1015 471 excessum,
1038 432 1189 466 subitum
1210 432 1291 464 milii
1312 431 1465 465 solamen
1489 431 1694 476 impertitor.
1724 430 1813 471 Quid
1841 442 1947 476 porro
1965 438 1998 466 te
2018 444 2076 466 an-

399 495 465 539 git.
490 494 579 526 sare:
603 491 684 536 quid
715 490 794 526 tibi,
818 501 838 521 o
866 489 991 525 David.
1013 489 1196 523 molestum
1223 490 1297 523 est?
1324 488 1412 521 Audi
1440 494 1556 533 aperte
1581 488 1752 522 dicentem
1773 489 1801 521 ἐ
1822 489 1985 533 quoniam
2011 490 2078 522 ini-

398 551 543 595 quitates
563 560 657 582 meae
676 558 914 593 supergressae
933 553 1008 580 sunt
1030 553 1128 592 eaput
1150 557 1265 579 meum
1278 572 1285 583 ,
1307 557 1367 579 ceu
1388 556 1476 578 onus
1494 551 1652 590 gravatae
1671 551 1749 578 sunt
1769 557 1872 591 super
1889 557 1957 579 me.
1986 546 2079 591 Ergo

399 606 520 641 accede
547 606 588 639 ad
615 616 694 638 eum
720 606 778 649 qui
805 605 847 637 ait
871 606 900 636 ‘:
923 604 1036 637 xenite
1062 604 1103 637 ad
1130 615 1184 637 me.
1211 614 1331 636 omnes
1356 603 1414 647 qui
1442 601 1605 636 laboratis
1624 608 1654 636 et
1675 602 1807 636 onerati
1832 603 1930 641 estis,
1953 608 1986 635 et.
2011 614 2076 647 ego

397 663 545 697 reficiam
564 674 638 696 xos.
667 682 689 687 —
714 662 866 695 Christus
884 673 1023 707 quoque
1043 662 1088 695 ita
1108 661 1250 694 fortasse
1277 671 1353 693 eum
1381 666 1477 705 patre
1504 660 1677 705 loquitur:
1700 660 1743 693 de
1769 660 1943 693 communi
1962 671 2018 699 re,
2040 659 2077 693 id

396 728 442 754 est
471 721 629 756 homine.
657 720 824 753 sollicitus
852 731 946 754 sum.
972 725 1005 751 ut
1035 730 1052 752 a
1080 717 1179 752 nobis
1206 724 1380 763 tamquam
1407 718 1561 762 captivus
1588 718 1623 750 in
1649 716 1843 750 libertatem
1868 717 2074 751 vindicetur.

397 779 470 811 Cito
496 777 635 812 exaudi.
657 777 736 822 quia
763 777 845 810 hacc
872 788 992 809 arcana
1020 776 1107 808 eirca
1133 775 1311 808 hominem
1335 775 1492 820 operatio
1518 773 1732 807 festinatione
1759 773 1902 819 indiget.

891 841 1035 863 Actu—neto
1051 841 1175 863 animae
1191 847 1294 869 mene,
1308 842 1338 862 et
1356 840 1458 862 libera
1474 840 1584 866 ipsam.

492 894 610 926 Dicere
637 892 773 925 videtur
792 892 879 936 patri
901 892 1078 924 Servator:
1100 890 1232 924 redime
1258 891 1405 923 animam
1432 901 1543 924 meam
1562 888 1605 922 ab
1625 900 1666 923 eo
1685 890 1743 934 qui
1770 901 1844 923 eam
1870 889 2018 928 detinet,
2040 890 2077 924 id

396 957 445 984 est
465 962 481 983 a
502 956 624 983 morte.
642 952 816 989 Quaenam
834 960 918 981 vero
936 948 1184 993 redemptionis
1202 948 1311 981 ratio?
1327 946 1524 981 Iustificatio
1543 947 1577 980 in
1595 946 1748 985 Christo,
1763 947 1854 980 salus
1872 959 1934 993 per
1952 946 2074 986 fidem,

396 1015 615 1053 peecatorum
635 1019 696 1052 per
713 1013 868 1040 sanctum
888 1005 1095 1051 baptismum
1117 1006 1285 1039 remissio.
1305 1005 1358 1038 Sic.
1377 1005 1462 1038 olim
1480 1003 1639 1038 liberavit
1657 1004 1851 1038 Israhelitas
1869 1005 1976 1044 Deus,
1997 1011 2079 1039 tam-

395 1077 497 1110 quam
526 1064 647 1097 umbra
675 1076 711 1097 ae
739 1065 829 1109 typis
856 1069 953 1097 antea
980 1062 1080 1097 nobis
1106 1063 1295 1108 depingens
1320 1062 1443 1096 Christi
1470 1062 1692 1106 mysterium,
1720 1061 1815 1107 quod
1842 1062 1922 1107 ipsis
1947 1062 2079 1108 angelis

398 1130 469 1156 erat
498 1122 720 1167 incognitum.

954 1185 1092 1212 Propter
1108 1185 1250 1207 inimicos
1266 1190 1347 1207 meos
1364 1184 1451 1211 eripe
1467 1190 1524 1207 me.

493 1237 542 1270 En
561 1238 632 1282 ipse
651 1238 826 1273 Sei-vator,
848 1241 992 1280 propter
1012 1246 1087 1268 eam
1105 1246 1210 1280 quarn
1237 1235 1387 1279 patimur
1407 1233 1449 1267 ab
1468 1232 1758 1267 intellectualibus
1782 1233 1926 1267 inimicis
1950 1234 2079 1280 iniqui-

396 1301 518 1332 tatem,
539 1293 585 1328 ob
605 1294 692 1327 hanc
711 1294 850 1338 inquam
870 1293 979 1337 ipsam
1000 1298 1133 1337 patrem
1152 1291 1273 1325 excitat
1293 1297 1329 1324 nt
1350 1291 1457 1324 nostri
1477 1292 1690 1325 misereatur.
1713 1290 1814 1331 Quod
1833 1292 1858 1324 si
1878 1291 1956 1336 quis
1973 1290 2081 1325 ambi-

395 1358 467 1395 gat.
490 1364 550 1384 cur
570 1358 750 1397 postquam
771 1352 818 1383 sie
837 1350 987 1383 oraverit
1006 1350 1178 1387 Christus,
1201 1349 1406 1382 tentationes
1426 1354 1539 1381 tamen
1558 1359 1627 1381 non
1647 1347 1822 1393 effugerit,
1844 1343 1958 1382 au‘diat
1977 1359 2074 1388 sane,

395 1420 473 1441 eum
493 1415 526 1441 ut
549 1408 726 1442 hominem
746 1418 858 1440 orasse
878 1406 1019 1451 quidem
1039 1413 1075 1439 ut
1094 1407 1128 1439 in
1149 1407 1372 1439 tentationem
1392 1417 1462 1439 non
1482 1405 1720 1439 induceretur:
1741 1411 1977 1439 verumtamen
1996 1404 2077 1450 quia

396 1466 478 1499 utile
505 1472 640 1499 nostrae
666 1465 767 1499 saluti
793 1470 863 1498 erat
891 1465 1005 1510 ipsum
1031 1465 1120 1509 pati,
1142 1464 1336 1510 passionem
1361 1463 1512 1508 excepit,
1535 1462 1686 1496 divinam
1714 1462 1883 1496 humanae
1908 1463 2077 1497 voluntati

395 1522 586 1556 anteferens
611 1522 672 1567 (2).

989 1585 1037 1608 'ru
1053 1586 1112 1608 seis
1129 1585 1355 1612 improperium
1371 1590 1482 1607 meum.

491 1639 649 1671 Seri-ator
668 1648 808 1682 quoque
834 1637 921 1681 patri
947 1635 1063 1674 rides,
1089 1636 1215 1680 inquit,
1237 1634 1485 1680 opprobrium,
1505 1645 1576 1679 quo
1595 1640 1736 1680 propter
1754 1645 1881 1668 nomen
1900 1640 1996 1668 tuum
2016 1634 2079 1669 ad-

396 1695 503 1729 fectus
522 1707 615 1733 sum,
635 1695 859 1740 ignominiam
877 1705 981 1739 quam
1001 1699 1079 1726 tuae
1098 1693 1249 1726 veritatis
1268 1703 1367 1725 causa
1387 1692 1549 1729 sustinui,
1571 1691 1739 1737 pudorem
1757 1703 1828 1736 quo
1845 1691 1929 1725 dum
1947 1691 2078 1737 gloriae

396 1759 473 1787 tuae
498 1752 621 1786 studeo
647 1752 796 1786 suffusus
814 1763 902 1785 sum.
932 1751 1029 1785 Certe
1052 1751 1111 1796 qui
1137 1762 1192 1784 me
1218 1756 1361 1788 vexant,
1385 1749 1583 1795 exalapant,
1608 1748 1829 1794 crucifigunt,
1854 1749 1937 1783 haec
1961 1750 2077 1784 omnia

395 1817 472 1844 ante
498 1810 617 1844 oculos
643 1816 720 1843 tuos
747 1815 960 1855 perpetrant.

819 1874 1050 1901 Imm-operiam
1066 1873 1239 1900 expectavit
1257 1878 1310 1894 cor
1326 1877 1427 1894 meum
1443 1872 1474 1894 et
1490 1871 1659 1894 misen-iam.

491 1926 580 1958 lIinc
604 1925 670 1957 iam
697 1925 850 1957 Christus
878 1925 1069 1968 passionem
1089 1934 1185 1956 suam
1205 1927 1358 1960 enarrat,
1379 1932 1484 1966 quam
1502 1920 1583 1954 dein
1601 1920 1727 1954 diserte
1753 1921 1901 1966 apostoli
1927 1921 2078 1955 conscri—

396 1988 550 2027 pserunt.
579 1984 686 2015 Nemo
712 1992 796 2015 vero
822 1987 894 2014 erat
912 1987 969 2014 aut
989 1981 1201 2026 compatiens
1221 1986 1278 2012 aut
1297 1978 1499 2017 consolans,
1521 1978 1601 2023 quia
1627 1977 1786 2024 discipuli
1812 1978 1898 2013 alius
1923 1978 1991 2012 alio
2009 1978 2079 2012 dif-

397 2038 566 2084 fugerant.

660 2103 820 2125 Dederunt
838 2103 870 2124 in
888 2108 988 2125 escam
1004 2108 1104 2124 meam
1121 2101 1180 2129 sel,
1195 2103 1227 2124 et
1243 2102 1276 2123 in
1293 2101 1346 2123 siti
1363 2106 1431 2123 mea
1448 2101 1636 2127 potaverunt
1653 2106 1700 2122 me
1717 2102 1813 2123 aceto.

491 2154 605 2198 Ipsum
627 2153 707 2185 milii
729 2152 861 2189 cibum,
883 2153 1011 2197 inquit,
1033 2163 1188 2185 amarum
1209 2150 1440 2195 acerbumque
1459 2150 1663 2184 effecerunt:
1686 2161 1834 2195 namque
1860 2150 2008 2184 insuavis
2026 2156 2078 2184 est

395 2209 575 2243 edentibus
596 2208 813 2242 cumdolore
839 2210 979 2253 quaevis
999 2209 1099 2242 etiam
1126 2220 1201 2242 esca
1227 2208 1477 2241 delicatissima.
1507 2209 1654 2241 Narrant
1681 2213 1794 2241 autern
1821 2206 1911 2241 beati
1930 2218 2079 2252 evange-

395 2266 490 2300 listae
518 2267 549 2303 ⁶,
576 2267 699 2299 sitienti
726 2266 860 2299 Christo
886 2266 970 2299 dum
997 2267 1030 2299 in
1057 2277 1157 2299 eruce
1184 2265 1369 2310 penderet,
1398 2270 1590 2310 potumque
1615 2265 1764 2310 petenti,
1793 2264 1949 2298 oblatum
1976 2264 2079 2298 fuisse

396 2330 527 2358 acetum
547 2324 625 2358 felle
646 2324 807 2362 mixtum3
823 2323 918 2369 quod
937 2335 1046 2369 quum
1064 2329 1247 2368 gustasset,
1264 2322 1383 2356 bibere
1402 2322 1525 2355 noluit.
1547 2323 1677 2367 Nempe
1698 2328 1733 2355 ut
1753 2322 1835 2355 haec
1852 2322 1976 2368 psalmi
1994 2321 2079 2355 scri-

397 2388 495 2426 ptura
523 2381 782 2426 adimpleretur.

857 2446 929 2468 Fiat
947 2452 1053 2468 mensa
1069 2451 1176 2468 eorum
1192 2451 1295 2467 eoram
1311 2445 1388 2471 ipsis
1404 2445 1437 2466 in
1456 2444 1614 2471 laqueum.

491 2498 543 2531 Sic
568 2498 670 2531 etiam
696 2496 918 2542 Symmachus
944 2497 1187 2542 interpretatus
1212 2501 1278 2528 est:
1304 2509 1319 2525 «
1342 2494 1399 2528 fiat
1426 2506 1541 2529 mensa
1567 2506 1690 2529 eorum
1716 2507 1831 2529 coram
1857 2495 1940 2540 ipsis
1964 2495 1999 2528 in
2026 2494 2078 2528 la-

395 2566 521 2599 queum
541 2561 573 2588 et
599 2556 633 2588 in
661 2566 821 2600 poenam.
848 2569 863 2586 »
886 2555 932 2588 lta
960 2560 997 2587 ut
1023 2554 1102 2587 hinc
1125 2553 1324 2597 colligatur,
1346 2558 1508 2586 eventura
1534 2564 1673 2598 quoque
1699 2553 1832 2586 ludaeis
1857 2559 1935 2598 post
1952 2552 2077 2586 Christi

399 2613 589 2655 passionem
610 2612 698 2645 mala
718 2611 913 2657 significari.
942 2610 1086 2644 Perinde
1106 2616 1154 2643 est
1175 2621 1212 2643 ac
1233 2611 1257 2643 si
1279 2609 1426 2642 diceret:
1449 2611 1541 2655 paria
1567 2611 1742 2656 patiantur
1760 2611 1816 2649 iis,
1837 2621 1925 2655 quae
1942 2620 1998 2642 me
2017 2620 2078 2643 ex-

399 2668 501 2712 periri
522 2668 716 2702 xoluerunt.
734 2670 802 2701 Vae
820 2669 911 2701 cuim
929 2667 1050 2713 impio!
1066 2668 1145 2712 quia
1165 2666 1253 2700 mala
1275 2666 1335 2712 ipsi
1356 2678 1420 2712 pro
1437 2678 1579 2700 suorum
1597 2679 1743 2713 operum
1760 2667 1885 2700 merito
1902 2666 2073 2700 evenient.

498 2764 529 2792 ἰζ
550 2763 590 2788 En
610 2763 711 2796 gratiae
730 2763 904 2790 iustitieantis
922 2763 1114 2798 privationem,
1131 2770 1214 2797 quam
1234 2762 1414 2796 theologicam
1435 2770 1492 2790 esse
1511 2763 1613 2797 peceati
1633 2762 1775 2797 originalis
1796 2761 1999 2794 definitionem,
2019 2760 2074 2787 iam

398 2805 516 2832 diximus
536 2814 560 2839 p.
582 2807 629 2832 lat.
651 2811 710 2834 221.
733 2807 798 2834 adn.
824 2812 844 2833 t.

497 2852 529 2880 (2,
552 2850 591 2876 En
610 2855 703 2877 eontra
723 2851 916 2878 Monothelitas
935 2851 1073 2886 duplicem
1095 2851 1122 2877 in
1142 2850 1249 2878 Christo
1268 2850 1444 2877 voluntatem.

2107 338 2129 351 ο
2136 338 2138 340 .
