2205 3177
866 187 898 209 m
924 187 1089 209 i‘sAmirM.
1119 187 1203 210 xvii.
1812 181 1878 213 129

741 254 915 277 Tenebrosa
933 260 1014 280 aqua
1032 255 1065 276 ἰιι
1076 255 1220 284 ‘nubibus
1237 254 1330 277 aiii-ts.

291 308 387 342 Adeo
414 308 630 342 reconditum
658 314 707 341 est
732 308 855 341 Christi
881 308 1100 351 mysterium!

538 374 625 396 Misit
643 381 679 396 ex
696 374 761 396 alto
777 375 806 395 et
825 374 957 399 suscepi!
976 379 1037 400 me,
1054 374 1168 400 recepit
1187 380 1234 395 me
1251 380 1286 396 ex
1303 375 1394 401 aquis
1412 374 1531 397 munis.

288 424 427 457 Fatetur
454 423 609 457 fidelium
635 423 792 459 ecclesia.
816 422 1032 455 Servatorem
1059 422 1239 455 dominum
1267 422 1330 456 sibi
1357 423 1400 456 de
1427 424 1521 457 caelo
1547 425 1688 458 missum
1715 436 1731 458 a
1759 431 1872 470 patre.

192 487 233 514 ut'
255 481 298 514 de
324 481 395 515 sole
425 481 577 515 radium.
601 491 702 524 seque
730 479 907 512 liberatam
934 490 974 511 cx
1002 479 1097 523 aquis
1123 479 1259 515 multis,
1284 480 1382 512 idest
1405 480 1607 514 adversas-iis
1631 482 1873 527 potestatibus,

192 539 384 583 amarisque
404 544 433 571 et
456 537 662 571 turbulentis
681 537 768 569 vitae
789 536 887 569 liuius
908 537 1054 580 negotiis
1069 542 1100 568 et
1120 537 1394 570 circumstantiis.
1412 538 1534 571 Multas
1552 550 1634 572 vero
1652 539 1729 572 dicit
1750 552 1871 585 aquas.

190 596 270 641 quia
296 597 388 629 xaria
415 602 491 629 sunt
519 595 747 628 tentationum
774 605 913 639 genera,
937 599 967 626 et
995 593 1168 627 malorum
1188 594 1371 639 spirituum
1393 595 1548 629 insidiae.
1578 596 1642 629 Sed
1662 609 1701 630 ex
1721 596 1772 631 his
1798 609 1875 631 oin-

191 653 292 686 nibus
318 653 442 698 cripuit
470 664 531 686 nos
558 651 722 684 Christus.

544 716 720 739 Setun-lum
737 717 909 742 pun-itatem
928 722 1079 738 manuum
1098 721 1238 738 mearum
1256 716 1411 738 retribuet
1428 718 1518 739 mihi.

285 768 517 801 Consentanee
543 777 708 799 manuum
735 765 937 798 munditiem
965 765 1057 798 dices
1083 776 1154 798 esse
1186 764 1366 810 splendida
1393 772 1427 799 et
1452 765 1581 811 absque
1611 768 1685 801 ullo
1715 770 1875 815 inquina-

189 831 306 858 mento
331 835 435 869 opera
463 822 562 858 fidei,
586 823 658 855 sine.
683 821 810 867 quibus
837 821 921 855 tides
948 828 1082 855 mortua
1110 828 1171 855 est.

755 888 837 911 neus
854 894 953 914 meust,
971 888 1138 914 impolluta
1156 888 1206 911 via
1223 889 1300 911 eius.

282 940 400 973 Solum
419 939 480 973 Dei
499 938 652 972 Verbum
672 939 760 971 Deus
780 949 882 971 verus
900 943 971 974 est:
993 937 1122 971 idcirco
1148 944 1181 971 et
1209 939 1440 983 unigenitum,
1465 941 1544 985 quia
1568 941 1707 975 unicum
1727 950 1796 980 est,
1819 951 1872 977 ut-

186 1004 267 1044 pote
287 998 396 1030 Deus:
420 996 522 1030 ceteri
544 997 635 1029 enim
654 1006 774 1029 omnes
794 996 985 1040 praesentia
1012 996 1071 1028 Dei
1098 994 1201 1029 Verbi
1229 995 1314 1029 fiunt
1336 996 1396 1029 dii.
1424 997 1507 1030 Illos
1533 999 1662 1044 quippe
1688 999 1768 1033 dicit
1790 1003 1871 1034 scri-

184 1061 283 1100 ptura
310 1054 412 1092 deos,
436 1053 477 1087 ad
505 1065 593 1098 quos
619 1052 765 1086 terbum
792 1053 850 1086 Dei
878 1052 1005 1085 factum
1031 1059 1079 1086 est
1103 1054 1125 1085 '.

428 1120 511 1143 Deus
527 1120 581 1147 qui
600 1120 775 1146 praecinxit
793 1125 839 1141 me
857 1120 989 1146 virtute,
1006 1120 1036 1141 et
1053 1120 1155 1145 posuit
1173 1119 1408 1142 immaculatam
1426 1121 1508 1143 viam
1525 1128 1633 1144 meam.

279 1170 481 1213 Congruunt
501 1169 582 1202 haec
602 1170 704 1201 etiam
725 1168 891 1212 evangelii
911 1168 1092 1202 ministris,
1110 1167 1236 1213 quilius
1252 1170 1410 1202 Servator
1430 1169 1539 1203 aiebat
1560 1171 1588 1203 ἐ
1609 1186 1623 1202 «
1641 1171 1756 1205 sedete
1777 1173 1869 1218 apud

183 1226 416 1264 Hierusalem,
438 1226 549 1259 donec
574 1225 764 1259 induamini
792 1226 917 1258 xirtute
943 1237 982 1258 ex
1010 1225 1097 1258 alto:
1124 1241 1138 1256 »
1161 1237 1228 1270 qua
1256 1227 1438 1271 praecincti
1459 1234 1490 1260 et
1512 1235 1629 1261 sancto
1656 1231 1775 1263 armati
1803 1232 1869 1276 spi-

183 1284 272 1322 ritu,
294 1284 378 1316 haec
403 1284 495 1316 enim
521 1289 592 1316 erat
620 1283 786 1328 promissa
814 1283 942 1319 virtus,
965 1283 1162 1315 restiterunt
1183 1282 1410 1317 daemonibus
1436 1290 1466 1317 ct
1495 1285 1773 1330 persecutoribus
1793 1299 1870 1333 pas-

181 1340 423 1386 sionibusque,
446 1341 604 1384 xiamque
631 1341 718 1373 ritae
744 1340 946 1384 inculpatim
974 1339 1214 1373 decurrerunt.

423 1406 485 1432 (lui
503 1407 634 1433 pen-fecit
653 1407 743 1433 pedes
760 1413 841 1428 meos
858 1408 1017 1433 tamquam
1035 1407 1130 1434 cervi,
1147 1408 1178 1429 et
1195 1414 1288 1433 super
1306 1408 1425 1431 excelsa
1442 1410 1554 1431 statutt
1573 1416 1629 1432 me.

273 1457 379 1489 Aiunt
405 1467 525 1489 cervos
550 1455 786 1489 velocissimos
811 1467 900 1494 esse,
923 1462 1167 1501 praetereaque
1186 1457 1404 1502 serpentibus
1422 1459 1599 1497 exitiosos,
1622 1466 1656 1493 et
1681 1461 1866 1506 insequen-

178 1511 269 1546 tibus
294 1511 517 1546 venatoribus
543 1512 586 1546 ad
613 1513 679 1546 alta
706 1512 928 1546 contendere.
959 1514 1130 1546 Persecuti
1156 1514 1270 1558 itaque
1290 1514 1456 1549 Das-idem
1481 1523 1558 1550 sunt
1586 1529 1664 1550 cum
1691 1518 1765 1556 alii,
1794 1526 1866 1552 turn

175 1570 278 1603 etiam
304 1569 401 1607 Saul,
423 1570 483 1615 qui
510 1569 608 1603 illum
635 1575 751 1604 tamen
778 1581 848 1603 non
875 1570 1155 1616 comprehendit,
1178 1572 1248 1604 Deo
1275 1572 1485 1606 celeritatem
1512 1574 1679 1613 addente,
1703 1581 1804 1622 atque
1828 1584 1865 1610 ut

174 1633 357 1660 venenatas
374 1627 529 1672 viperas,
552 1627 666 1661 hostes
693 1639 817 1673 nempe
843 1627 1006 1666 calcaret,
1033 1628 1209 1673 largiente.
1241 1630 1325 1670 Quia
1345 1642 1428 1663 vero
1448 1632 1611 1665 naturalis
1637 1639 1685 1666 est
1713 1632 1864 1668 hinnulis

173 1673 455 1729 perimendarum
476 1684 628 1718 serarum
648 1686 716 1723 vis,
739 1684 915 1730 halituque
935 1692 965 1718 et
987 1685 1073 1719 cutis
1094 1687 1303 1731 proprietate
1323 1694 1498 1733 serpentes
1518 1689 1676 1734 fugandi,
1693 1697 1784 1725 recte
1802 1692 1864 1725 Do-

172 1741 286 1774 minus
305 1740 470 1774 hinnulus
495 1741 640 1779 dicitur,
661 1747 781 1786 utpote
807 1742 1015 1775 contrariam
1042 1744 1231 1787 potentiam
1251 1743 1383 1777 calcans
1404 1751 1504 1790 atque
1531 1757 1748 1781 consumens.
1778 1749 1862 1781 Suos

172 1799 255 1831 item
281 1798 468 1844 discipulos
495 1803 616 1833 natura
635 1799 898 1844 quodammodo
917 1811 1099 1834 cervorum
1120 1802 1297 1839 instruxit,
1319 1802 1403 1836 dum
1423 1804 1466 1836 ait
1489 1804 1518 1837 'z
1540 1810 1742 1850 potestatem
1763 1806 1862 1840 vobis

172 1855 252 1889 dedi
280 1856 432 1890 calcandi
460 1863 635 1902 serpentes
655 1864 684 1890 et
710 1858 877 1903 scorpios.
908 1858 1102 1903 Insequitur
1129 1870 1212 1903 ergo
1238 1862 1406 1905 serpentis
1431 1862 1537 1895 instar
1563 1864 1863 1899 Satanaszvverum

171 1912 204 1945 hi
231 1919 367 1958 accepta
395 1925 412 1947 a
438 1914 618 1947 Sci-tatorc
645 1920 811 1959 potestate
837 1915 991 1948 calcandi
1018 1922 1194 1961 serpentes
1212 1923 1243 1950 et
1269 1918 1442 1963 scorpios.
1465 1919 1715 1954 intellectuales
1740 1921 1861 1955 videli-

170 1976 219 2003 cet
234 1997 241 2009 ,
264 1982 326 2003 nec
347 1982 415 2004 non
435 1970 623 2016 quamlibet
652 1973 779 2005 inimici
801 1973 888 2011 iim,
911 1984 980 2006 non
1001 1974 1204 2019 capiuntur:
1226 1974 1284 2007 sed
1304 1977 1432 2009 omisso
1452 1976 1574 2010 humili
1601 1980 1753 2012 terrestri
1779 1979 1861 2013 affe-

169 2034 244 2065 ctu,
263 2028 407 2061 tendunt
428 2035 601 2073 tamquam
623 2030 657 2062 in
678 2036 831 2063 montem
853 2030 894 2063 ad
915 2031 1102 2076 pretiosam
1121 2032 1297 2066 xirtutem.
1316 2033 1359 2066 At
1377 2035 1466 2067 enim
1488 2046 1556 2068 non
1576 2041 1625 2068 est
1648 2034 1860 2070 tendendum

168 2086 427 2124 tantummodo,
455 2087 513 2120 sed
542 2086 792 2121 inhaerendum
819 2094 867 2122 est
895 2100 933 2122 ac
959 2089 1169 2122 manendam
1198 2091 1232 2123 in
1260 2092 1416 2136 supernis
1443 2092 1546 2129 locis,
1573 2098 1603 2126 et
1632 2094 1666 2126 in
1692 2095 1859 2128 virtutum

167 2143 375 2177 culminibus
396 2143 635 2178 habitandum.
663 2145 898 2185 Quamobrem
919 2147 1065 2183 iustum.
1089 2146 1197 2180 sirmis
1217 2147 1366 2193 pedibus
1384 2150 1449 2182 iam
1479 2150 1690 2196 praeditum.
1718 2163 1786 2185 non
1806 2164 1859 2185 so-

167 2199 239 2233 lum
266 2200 308 2234 ad
337 2201 402 2235 alta
430 2202 543 2236 evehit
570 2203 677 2241 Deus,
700 2214 820 2236 x'erum
848 2210 879 2237 et
907 2204 977 2238 illic
1003 2206 1137 2242 statuit,
1161 2206 1194 2239 id
1221 2212 1267 2239 est
1297 2207 1330 2240 in
1357 2208 1484 2241 virtute
1511 2207 1668 2242 stabilem
1697 2210 1792 2248 tacit,
1818 2222 1858 2244 ne

166 2268 329 2303 umquam
357 2258 502 2292 excidat.

800 2326 930 2350 (stt-essue
948 2334 1029 2351 meos
1046 2329 1220 2355 ampliasti.

260 2373 400 2406 Gressus
419 2373 518 2411 dicit,
539 2373 665 2420 quibus
685 2386 702 2409 a
723 2376 806 2409 vitio
826 2376 868 2409 ad
889 2377 1067 2415 xirtutem,
1094 2384 1125 2411 et
1146 2389 1185 2412 ex
1210 2378 1432 2413 sensibilibus
1456 2381 1498 2413 ad
1524 2380 1783 2419 intellectualia.
1805 2388 1856 2414 at-

162 2442 230 2476 que
256 2442 274 2464 a
300 2432 470 2476 praesenti
491 2433 628 2466 saeculo
648 2433 690 2467 ad
712 2434 867 2467 futurum
894 2436 1063 2481 quispiam
1091 2437 1260 2481 graditur.
1293 2438 1388 2471 lnitia
1408 2438 1512 2483 igitur
1532 2445 1621 2471 arcta
1643 2444 1721 2471 sunt
1746 2445 1778 2472 et
1807 2439 1855 2473 la-

162 2486 299 2521 boriosa
327 2489 417 2522 viam
443 2496 620 2534 angustam
642 2493 782 2529 terenti,
805 2499 836 2525 et
858 2493 1077 2527 inimicorum
1106 2494 1315 2529 offendicula
1342 2495 1577 2542 praetergredi
1597 2497 1744 2529 volenti:
1772 2508 1854 2543 pro—

161 2545 330 2590 gredienti
359 2552 491 2585 tamen,
519 2547 619 2592 plana
647 2548 722 2582 loca
749 2549 929 2594 patefiunt.

330 2604 333 2606 .
617 2613 772 2643 Populus,
788 2623 879 2643 quem
895 2624 956 2640 non
975 2624 1136 2646 novel-nm,
1156 2619 1284 2641 serv-ivit
1302 2619 1391 2641 mihi.

254 2662 331 2695 Non
358 2667 407 2695 est
434 2662 499 2696 hoc
525 2663 721 2697 inscientiae
747 2665 933 2705 indicium,
958 2679 1035 2700 nam
1056 2674 1086 2701 et
1107 2668 1183 2701 illas
1209 2675 1327 2712 gentes
1347 2675 1467 2713 utpote
1487 2670 1577 2703 Deus
1603 2675 1767 2709 noverat;
1789 2670 1849 2704 sed

158 2720 203 2752 ita
229 2719 371 2753 denotat
397 2731 455 2753 eos
481 2721 540 2765 qui
568 2733 628 2766 per
655 2723 746 2756 varia
774 2729 929 2769 tempora
956 2726 1062 2770 ipsius
1090 2724 1354 2759 familiaritatem
1377 2737 1443 2759 nou
1465 2733 1542 2760 sunt
1569 2726 1697 2773 adepti.
1727 2747 1749 2753 -
1775 2728 1847 2761 Dici

157 2776 241 2810 haec
268 2784 408 2822 possunt
436 2779 537 2811 etiam
564 2790 602 2812 ex
631 2779 753 2813 Christi
781 2792 926 2825 persona
954 2789 984 2815 et
1013 2783 1163 2816 Davidis.
1194 2784 1294 2824 Quod
1322 2784 1348 2816 si
1375 2783 1534 2827 gentibus
1565 2796 1635 2818 non
1666 2785 1847 2831 imperavit

156 2834 285 2873 David,
315 2835 350 2868 in
375 2835 527 2875 Christo,
555 2837 613 2882 qui
640 2848 679 2870 ex
708 2837 768 2871 illo
795 2844 891 2872 ortus
917 2846 984 2878 est,
1014 2851 1210 2873 sermonem
1237 2841 1412 2879 sistamus,
1434 2842 1493 2886 qui
1520 2853 1657 2888 semper
1682 2842 1843 2888 quidem,

1698 2911 1729 2935 17

1911 1070 1918 1078 ’
1936 1068 1982 1089 1011.
1999 1070 2025 1090 Χ.
2046 1075 2077 1091 ar„

1909 1132 1929 1146 ν.
1946 1130 1977 1148 :33

1910 1154 1948 1173 Gr.
1962 1159 1985 1180 p,
2001 1158 2046 1175 203.

1908 1180 1988 1227 {nomm
2005 1181 2083 1203 XXIV.

1902 1823 1908 1830 ·
1926 1822 1978 1841 Luc.
1995 1822 2020 1842 λ.
2041 1825 2069 1842 1¹¹.

1889 2633 1908 2648 v.
1925 2630 1956 2648 Μ.

1889 2743 1925 2763 (ir.
1941 2748 1963 2769 p.
1979 2746 2024 2764 2¹³2,
