2205 3177
203 403 226 423 'l
242 404 286 423 uu·
305 402 315 421 l
326 402 351 423 ll.
361 405 391 421 Μ.

341 476 343 478 .
360 462 392 478 “.“ι».

326 1094 343 1107 v.
362 1090 392 1108 Ιι·ν

337 2308 357 2323 V.

375 2306 405 2323 13.

352 2439 355 2441 .
374 2425 403 2442 1¹0.

437 206 501 239 ΗΞ,
942 215 970 236 s.
999 214 1127 237 crustu
1154 215 1375 237 Ataxaiwmxt
1401 215 1606 238 EXPLANATlo

432 280 587 325 spiritum
609 279 680 311 noo
702 277 919 311 commendat
933 304 940 313 ,
962 278 1214 323 providentiam
1233 280 1304 313 eius
1321 290 1485 313 manuum
1503 278 1674 313 vocabulo
1692 279 1887 325 indigitans.
1911 281 1951 314 Et
1969 279 2109 325 quidem

433 342 609 382 praesente
635 336 727 368 dicto
748 336 823 368 Scri
833 341 908 369 ator
930 347 1070 380 quoque
1096 338 1130 370 in
1157 349 1257 371 cruce
1277 338 1362 371 fixus
1388 349 1469 370 usus
1494 343 1555 370 est.
1584 338 1748 382 Spiritum
1770 344 1883 372 autem
1903 337 2111 383 quandoque

434 406 496 439 pro
516 393 721 437 cogitatione
740 394 835 438 ponit
856 394 1043 439 scriptura:
1066 394 1171 428 xeluti
1194 407 1272 428 cuin
1292 395 1372 428 dicit
1394 394 1436 428 de
1459 396 1589 439 virgine
1609 395 1784 440 apostolus
1802 395 1834 434 *,
1856 402 1891 429 ut
1911 396 1977 429 sint
1995 401 2109 429 sancta

432 462 579 495 corpore
599 456 630 483 et
652 450 786 495 spiritu.
810 450 1025 495 Quandoque
1045 458 1158 485 autent
1180 464 1244 497 pro
1264 453 1394 490 anima,
1416 451 1521 485 xeluti
1542 451 1633 497 apud
1653 451 1815 485 Iacobum
1835 452 1864 485 'z
1888 464 2014 499 corpus
2033 451 2112 486 abs-

432 519 498 553 que
525 507 646 552 spiritu
674 513 850 540 mortuum
869 513 932 540 est.
962 508 1177 553 Quandoque
1196 509 1337 542 demum
1364 521 1428 554 pro
1451 509 1550 542 insita
1577 509 1693 542 animo
1712 509 1936 547 conscientia;
1956 509 2050 542 velut
2070 508 2112 542 il-

389 589 392 592 .
434 564 492 597 lud
516 565 543 596 ⁶:
565 565 641 609 quis
659 564 751 597 videt
774 565 912 610 propria
934 564 1103 602 hominis,
1127 566 1189 598 nisi
1215 567 1273 610 qui
1293 566 1328 598 in
1348 567 1424 611 ipso
1443 572 1489 599 est
1511 567 1673 611 spiritus?
1697 566 1858 599 Praesens
1883 571 1974 599 certe
2001 571 2112 599 teitus

431 620 558 666 triplici
577 621 642 654 hoe
662 621 769 655 modo
789 622 1012 666 intelligetur.
1030 623 1139 656 Daxid
1158 622 1299 667 quidem
1321 622 1363 656 ab
1382 622 1539 656 hostibus
1558 630 1693 669 captus.
1711 635 1728 657 a
1748 624 1819 657 Deo
1838 634 1874 657 se
1890 623 2113 668 redemptum

432 678 533 713 dicit:
555 685 585 711 et
613 679 693 723 quia
719 690 797 725 spes
823 690 883 712 sua
909 690 988 712 eum
1016 691 1086 713 non
1114 679 1254 718 fefellit,
1276 681 1384 713 Deum
1412 681 1630 725 peculiariter
1655 681 1835 714 veritatem
1863 680 2028 726 appellat.

951 745 1103 767 §tatuini
1122 746 1153 767 in
1172 745 1237 767 loeo
1253 746 1388 771 spatioso
1405 746 1496 772 peiles
1511 752 1602 769 meos.

529 796 560 828 Si
587 796 757 840 spatiosus
784 795 879 829 locus
899 795 991 828 idem
1010 801 1058 829 est
1079 795 1174 840 quod
1195 795 1261 829 lata
1285 797 1359 833 via,
1381 796 1416 828 id
1435 803 1482 829 est
1502 797 1695 842 xoluptaria
1721 798 1807 836 vita,
1829 797 1953 842 gratias
1971 798 2043 831 Deo
2062 797 2117 830 iu-

433 859 504 886 stus
531 854 616 897 agit,
637 853 733 898 qnod
760 860 898 885 terreno
925 854 959 885 in
987 853 1065 887 loco
1091 864 1250 891 xersans,
1270 854 1305 886 in
1331 865 1402 898 quo
1421 853 1467 887 ob
1487 853 1631 888 latentes
1658 853 1896 900 improbitates
1922 853 2115 900 periculose

433 911 559 944 x‘it‘itur
576 937 584 947 ,
615 910 812 944 lirmitatem
839 916 957 943 nactus
983 911 1023 943 sit
1050 911 1237 955 quominus
1263 910 1325 944 hac
1351 917 1383 943 et
1410 911 1488 945 illac
1515 923 1533 945 a
1558 911 1804 958 cupiditatibus
1829 912 1898 945 suis
1924 911 2113 946 deferatur.

432 967 532 1008 Quod
554 969 579 1001 si
600 967 819 1001 latitudinem
840 967 1005 1001 laudabili
1033 980 1134 1001 sensu
1161 968 1261 1006 dicit,
1283 969 1427 1013 gratiam
1454 967 1557 1003 habet
1582 969 1677 1014 quod
1697 981 1835 1015 pressus
1853 981 1924 1004 non
1943 969 2117 1003 constrin-

433 1026 544 1070 gitur.
569 1025 629 1059 sed
656 1026 820 1071 angustiis
846 1025 1026 1071 expeditus
1051 1025 1190 1059 labores
1215 1026 1370 1060 sustinet.

989 1091 1139 1114 Miserere
1155 1092 1231 1118 mei,
1247 1092 1396 1118 quoniam
1412 1091 1561 1115 tribulor.

530 1140 673 1174 Videtur
698 1140 962 1185 quodammodo
989 1152 1058 1174 non
1085 1152 1296 1186 magnopere
1321 1152 1511 1176 consonare
1537 1142 1706 1188 superiori
1732 1141 1903 1176 versiculo
1928 1141 2117 1188 praesentis

434 1200 612 1232 sententia.
643 1200 739 1232 Dicet
758 1200 850 1232 enim
872 1199 1014 1232 sortasse
1041 1199 1184 1244 aliquis:
1204 1200 1263 1244 qui
1283 1200 1318 1232 in
1337 1199 1416 1233 loco
1434 1200 1586 1245 spatioso
1605 1200 1807 1233 constitutos
1827 1200 1872 1234 ait
1890 1199 1996 1246 pedes
2014 1211 2114 1238 suos,

433 1255 613 1300 quomodo
640 1256 716 1289 heic
743 1257 854 1302 premi
880 1268 915 1289 se
941 1256 1043 1295 dicit,
1067 1256 1174 1290 veluti
1200 1262 1298 1290 antea
1324 1256 1497 1290 dictorum
1523 1255 1679 1290 oblitus?
1703 1256 1792 1297 Quid
1819 1267 1903 1302 ergo
1928 1255 2118 1303 responde-

434 1312 570 1346 bimus?
597 1314 701 1346 Sentit
723 1315 841 1359 utique
867 1314 1013 1359 gratiam
1032 1313 1174 1352 Christi,
1196 1315 1341 1348 miratur
1367 1314 1483 1349 auxilii
1509 1315 1699 1353 rationem
1721 1314 1782 1348 sed
1803 1315 1900 1359 quasi
1924 1313 2013 1348 illud
2030 1325 2118 1348 non-

434 1370 517 1404 dum
546 1371 707 1417 adeptus,
730 1372 879 1405 ruminat
907 1371 1013 1405 veluti
1040 1372 1274 1406 narrationem
1294 1383 1410 1410 suam,
1431 1378 1465 1405 et
1483 1378 1561 1405 ante
1587 1372 1732 1417 gratiam
1749 1372 1906 1406 meminit
1925 1371 2116 1409 malorum,

435 1435 471 1462 ut
499 1435 593 1463 tanto
614 1431 724 1463 maior
743 1430 906 1463 salvantis
925 1429 1035 1475 gloria
1054 1430 1108 1463 sit.
1137 1430 1313 1470 Quaenam
1333 1441 1440 1476 porro
1459 1430 1502 1463 sit
1520 1430 1604 1464 haec
1629 1429 1828 1469 tribulatio,
1850 1429 2017 1476 prolixius
2036 1440 2119 1463 mox

435 1488 590 1532 exponit.

802 1553 894 1580 Apud
911 1559 1017 1576 omnes
1033 1553 1175 1576 inimicos
1192 1552 1227 1582 (1)
1242 1559 1324 1575 meos
1340 1552 1442 1575 factus
1457 1558 1525 1575 sum
1541 1553 1755 1580 opprobrium.

532 1603 563 1636 Si
590 1602 675 1636 haec
700 1603 744 1637 de
770 1615 832 1641 eo,
855 1603 913 1648 qui
941 1602 1007 1637 hoc
1032 1604 1067 1636 in
1094 1602 1228 1648 psalmo
1253 1601 1457 1641 confitetur,
1485 1602 1741 1648 intelligantur,
1769 1602 1915 1636 multam
1940 1612 2020 1636 sane
2044 1607 2119 1636 tum

437 1660 677 1706 praecedentia
697 1661 787 1694 dicta
806 1667 880 1694 tum
901 1661 1005 1694 etiam
1025 1661 1216 1706 praesentia
1235 1660 1475 1694 demonstrant
1494 1661 1600 1706 ipsius
1618 1659 1859 1694 calamitatem.
1879 1661 2002 1695 Factus
2020 1671 2097 1694 sum
2109 1685 2119 1699 ,

437 1719 547 1763 inquit
560 1744 568 1757 ,
590 1718 682 1764 apud
710 1719 866 1752 inimicos
886 1729 983 1751 meos
1001 1716 1251 1763 opprobrium,
1273 1729 1333 1751 ceu
1353 1718 1412 1762 qui
1431 1729 1487 1751 me
1505 1718 1620 1763 ipsum
1645 1717 1771 1751 frustra
1790 1717 1947 1763 fatigem;
1969 1728 2032 1751 nec
2049 1728 2121 1751 non

440 1776 529 1808 notis
547 1776 631 1809 meis
650 1776 886 1821 proximisque
907 1777 1031 1813 timor,
1046 1775 1131 1809 dum
1151 1782 1310 1809 metuunt
1329 1788 1372 1810 ne
1391 1775 1481 1810 forte
1498 1776 1566 1810 iam
1584 1786 1740 1821 peream,
1763 1781 1907 1822 propter
1924 1786 2000 1821 eam
2017 1785 2123 1821 quam

439 1844 480 1865 ex
507 1844 582 1866 mea
609 1832 825 1866 confessione
851 1839 1041 1878 agnoscunt
1065 1833 1320 1871 infelicitatem,
1348 1840 1382 1867 et
1407 1832 1454 1867 ob
1479 1844 1559 1866 eum
1585 1844 1689 1878 quem
1715 1845 1798 1879 prae
1823 1845 1879 1867 me
1904 1832 1979 1867 fero
2004 1832 2125 1878 paeni-

440 1891 565 1924 tentiae
590 1902 784 1929 excessum,
807 1902 905 1924 sacco
930 1896 963 1925 et
989 1892 1104 1925 cinere
1130 1897 1258 1925 memet
1282 1902 1427 1930 vexans,
1450 1897 1556 1925 noctu
1574 1891 1704 1937 diuque
1722 1891 1862 1937 lugens,
1884 1897 2024 1936 tamque
2044 1901 2125 1936 gra-

439 1947 542 1982 wihus
567 1960 622 1981 me
649 1947 828 1982 laboribus
854 1954 1016 1983 atterens.
1044 1950 1085 1982 Et
1109 1950 1170 1994 qui
1195 1961 1251 1983 me
1276 1948 1494 1995 spectabant,
1516 1949 1621 1994 longe
1641 1960 1659 1983 a
1676 1961 1732 1983 me
1757 1954 1988 1987 recesserunt,
2010 1959 2123 1982 meam

441 2012 617 2051 tamquam
635 2007 764 2039 mortui
783 2006 1007 2052 desperantes
1025 2007 1189 2045 salutem;
1212 2006 1356 2040 fortasse
1375 2007 1478 2040 etiam
1495 2018 1551 2041 me
1570 2007 1718 2041 insanire
1736 2006 1905 2046 dicentes,
1926 2017 2037 2051 neque
2053 2005 2124 2039 iam

442 2063 530 2096 vitae
558 2063 732 2097 desiderio
759 2065 880 2097 teneri.
910 2064 1023 2104 Quare
1049 2070 1082 2097 et
1108 2065 1223 2097 omnia
1247 2075 1322 2098 mea
1349 2075 1457 2109 paene
1482 2063 1659 2098 oblivione
1683 2062 1897 2102 obruerunt,
1917 2074 2040 2109 meque
2059 2074 2123 2097 ceu

442 2131 502 2153 vas
528 2112 647 2154 inutile
673 2127 705 2153 et
726 2121 900 2166 perditum
920 2120 1076 2155 arbitrati
1094 2127 1185 2155 sunt.
1214 2122 1369 2166 Namque
1387 2121 1428 2154 iis
1445 2119 1723 2166 diffugientibus,
1743 2121 1840 2166 quasi
1858 2126 2016 2154 mortuus
2031 2118 2127 2154 obli-

443 2178 537 2211 vioni
563 2190 639 2211 sum
667 2178 825 2212 traditus.
847 2180 945 2212 Visus
971 2191 1046 2212 sum
1069 2179 1218 2224 denique
1243 2190 1304 2212 ceu
1331 2178 1470 2212 infimae
1490 2179 1696 2224 ignominiae
1713 2190 1773 2212 vas
1794 2178 1987 2224 proiectum
2007 2177 2124 2212 nullo-

443 2247 510 2281 que
538 2237 649 2281 pretio
675 2236 839 2281 dignum,
862 2237 1010 2281 ideoque
1037 2248 1099 2270 nec
1125 2236 1385 2281 requirendum.

838 2301 1002 2324 obliuione
1020 2302 1141 2324 deletus
1157 2308 1239 2329 sum,
1255 2304 1414 2329 tamquam
1431 2304 1587 2330 mortuus,
1602 2309 1622 2325 a
1637 2302 1738 2325 corde.

542 2352 571 2384 Α
597 2351 720 2390 corde,
749 2352 781 2385 id
809 2359 859 2386 cst
886 2364 903 2385 a
930 2359 1044 2386 mente
1070 2364 1107 2385 ac
1133 2353 1312 2386 memoria.

668 2416 825 2443 Quoniam
843 2418 949 2439 audivi
968 2418 1229 2444 vituperationem
1245 2417 1417 2440 multorum
1432 2418 1690 2440 commorantium
1706 2418 1740 2440 in
1757 2417 1905 2440 eii-cuitu.

544 2466 699 2499 Fortasse
717 2466 811 2511 quod
831 2466 976 2500 audierit
993 2468 1283 2512 x‘ituperationem
1301 2466 1490 2500 multorum
1501 2493 1508 2505 ,
1525 2479 1563 2501 ea
1582 2479 1680 2501 causa
1698 2466 1761 2501 fuit
1778 2466 1956 2512 superiora
1969 2464 2123 2504 dicendi;

447 2524 542 2566 quasi
562 2535 645 2557 vero
665 2536 755 2557 nunc
781 2523 890 2557 dicat:
915 2536 982 2557 non
1005 2523 1128 2557 frustra
1149 2530 1275 2557 memet
1296 2523 1488 2568 affligebam
1501 2550 1509 2563 ,
1531 2524 1590 2558 sed
1609 2525 1689 2570 quia
1708 2524 1895 2558 invisibiles
1916 2523 2048 2562 hostes,
2068 2533 2124 2556 me

546 2614 579 2636 (Γ
601 2611 637 2637 Ex
658 2610 854 2637 commentario
874 2615 985 2645 apparet
999 2610 1132 2646 Cyrillum
1154 2610 1251 2644 legisse
1265 2612 1320 2645 παρ’
1338 2611 1460 2647 ἐχθροῖς,
1475 2611 1553 2645 apud
1571 2613 1715 2645 inimicos,
1730 2618 1787 2639 non
1801 2612 1857 2647 παρ’
1870 2610 1990 2647 ἐχθρούς.
2010 2610 2045 2637 Et
2062 2609 2125 2644 qui-

449 2653 509 2680 dem
523 2655 650 2682 Nobilius
669 2656 698 2682 in
717 2656 814 2682 sixtina
835 2656 935 2683 diSerte
955 2655 1068 2683 adnotat
1088 2656 1147 2682 heic
1167 2657 1233 2682 verti
1255 2664 1331 2690 posse
1345 2657 1423 2691 apud
1440 2665 1534 2683 onmes
1552 2658 1697 2690 inimicos,-
1709 2661 1791 2692 atque
1808 2657 1847 2684 ita
1865 2657 1900 2684 cl.
1916 2657 1996 2684 Bem.
2012 2653 2125 2682 Rubeus

451 2697 578 2731 magrister
596 2699 661 2725 olim
684 2708 759 2726 meus
778 2700 972 2734 interpretatus
992 2704 1032 2727 est
1051 2700 1078 2726 iu
1099 2708 1147 2726 sua
1173 2700 1263 2726 italica
1288 2701 1454 2734 psalmorum
1479 2701 1606 2728 editione.
1627 2701 1728 2735 Utique
1747 2705 1774 2728 et
1792 2708 1842 2728 nos
1861 2701 1890 2727 in
1909 2698 2042 2727 hebraicis
2065 2702 2124 2725 stu-

451 2739 504 2766 diis
524 2750 553 2767 ac
574 2743 737 2777 philologia,
753 2745 910 2778 praesertim
931 2744 982 2771 sub
1003 2748 1078 2771 tanto
1099 2743 1183 2777 duee,
1197 2744 1357 2771 iuvenilium
1378 2753 1512 2772 annorum
1532 2748 1635 2779 partem
1655 2745 1888 2780 consumpsimus,
1903 2743 1980 2771 cuius
1998 2745 2070 2769 certe
2087 2741 2125 2769 la-

452 2783 524 2810 boris
544 2793 695 2820 numquam
717 2789 859 2822 paenituit.
876 2789 956 2815 Num·
976 2792 1068 2814 tamen
1090 2788 1116 2814 in
1137 2787 1241 2814 edendo
1256 2788 1358 2823 Cyrillo
1378 2797 1411 2815 ne
1431 2789 1531 2824 paratis
1549 2789 1659 2823 quidem
1676 2788 1778 2816 iamdiu
1793 2788 1893 2815 nostris
1912 2786 1946 2815 ad
1964 2786 2125 2821 psalterium

453 2830 731 2857 commentationibus
754 2831 793 2857 uti
819 2832 958 2862 volumus:
982 2833 1086 2866 primo.
1107 2832 1171 2867 quia
1196 2832 1224 2857 in
1248 2840 1359 2866 graeco,
1379 2841 1435 2860 non
1454 2833 1482 2860 in
1501 2832 1642 2865 hebraico,
1662 2837 1735 2860 textu
1755 2840 1906 2863 versamur;
1925 2831 2040 2862 iterum,
2060 2829 2126 2864 quia

454 2870 522 2897 ribi!
545 2877 648 2892 nrum·-
667 2874 759 2900 ‹·x·ritli
781 2883 891 2902 sensum
911 2875 1107 2914 declarandum
1127 2875 1306 2910 suscepimus.
