2205 3177
248 1262 262 1282 1,
274 1262 319 1286 111-μ’
339 1262 394 1282 λλ1Δ
406 1265 420 1282 l.

471 203 532 237 {50
969 210 995 232 s.
1025 210 1150 232 crium
1179 209 1397 232 summumst
1424 209 1627 232 EXPLANATIO

463 277 700 311 defensorem.
731 275 819 306 iires
846 273 1058 318 salutemque
1087 272 1320 318 praebentem.
1351 274 1531 318 Propterea
1559 273 1710 306 addunt:
1739 275 1903 318 quoniam
1931 273 2067 309 adiutor
2098 282 2130 309 61

465 340 636 379 protector
664 338 778 364 noster
805 338 865 364 est.
899 331 1026 364 Idcirco
1053 330 1312 369 sustinebimus,
1341 332 1454 367 aiunt,
1483 337 1513 363 et
1541 331 1633 363 omni
1661 332 1846 365 constantia
1873 331 2131 376 probatissimos

464 396 592 423 nosmet
621 388 873 424 exhibebimus,
894 394 993 433 atque
1013 388 1056 421 ita
1077 388 1247 422 fidelitatis
1273 399 1398 421 corona
1420 388 1615 430 cingentur,
1637 394 1810 432 tamquam
1830 389 1888 422 Dei
1907 388 2078 422 adiutorio
2097 396 2130 424 et

466 447 675 493 protectione
703 452 846 479 utentes.

928 511 998 533 Fiat
1017 511 1228 534 mlsertcordiu
1248 513 1319 538 tun,
1337 510 1482 537 nomine,
1500 516 1592 537 super
1610 517 1674 533 nos.

560 561 792 605 subsequatur
819 560 1051 593 misericordia
1072 567 1125 594 tua
1140 586 1148 596 ,
1170 560 1203 593 id
1229 566 1276 593 est
1297 558 1383 592 adsit
1409 558 1624 604 sperantibus
1642 560 1676 593 in
1697 565 1741 593 te.
1771 561 1844 593 Hoc.
1862 561 1963 594 etiam
1982 561 2134 605 germani

463 618 588 651 amoris
613 617 714 650 xalde.
739 616 878 650 exideus
904 617 1067 651 indicium
1094 623 1155 650 est.
1185 618 1267 650 Nam
1294 628 1356 650 ceu
1383 616 1565 650 familiares
1587 617 1676 655 eius,
1700 623 1730 650 et
1752 617 1784 650 in
1804 628 1846 651 eo
1872 616 1946 651 solo
1972 617 2136 651 laetantes

462 687 627 721 spemque
653 675 837 720 repositam
864 672 1044 712 habentes,
1068 674 1337 707 miscricordiam
1364 674 1549 719 postulant.

1082 770 1309 808 PSALMUS
1338 770 1518 808 XXXIII.

614 857 741 883 nant-ti,
759 863 826 879 cuin
846 856 1019 878 iunii-navit
1039 856 1158 878 vultum
1174 862 1264 878 suum
1279 862 1381 878 coram
1399 855 1611 883 ,ἰδίως-166110,
1627 863 1645 878 n
1663 863 1722 883 qno
1739 856 1883 878 dimissus
1899 856 1990 879 abin.

555 906 686 939 Titulus
713 906 766 938 hi<=
793 905 877 938 nulli
899 917 917 937 c
937 904 1218 950 praecedentibus
1244 905 1362 937 similis
1381 911 1443 938 cst.
1471 906 1558 938 Nam
1577 917 1686 950 neque
1706 907 1892 943 canticum,
1917 916 2027 950 neque
2046 905 2135 951 psal-

464 975 557 996 mum
583 964 746 1008 seriptum
767 963 831 995 hoc
851 962 1047 1007 appellavit.
1070 962 1212 996 Videtur
1230 963 1344 1007 itaque
1362 962 1575 996 eucharistici
1595 963 1712 1007 hymni
1733 963 1899 997 rationem
1918 961 2046 997 habere
2063 963 2136 997 Deo

462 1021 588 1057 oblati.
611 1027 783 1065 tamquam
811 1021 843 1053 in
873 1032 1016 1066 persona
1042 1020 1181 1064 quidem
1200 1020 1269 1054 dixi
1290 1020 1443 1058 l)avidis;
1467 1020 1525 1054 sed
1547 1031 1657 1065 neque
1683 1021 1802 1054 ceteris
1827 1020 1975 1059 inutilis,
1996 1021 2055 1065 qui
2072 1021 2135 1055 Dei

463 1078 629 1112 beneficio
656 1077 900 1112 mutationibus
925 1078 1110 1115 evaserint,
1132 1078 1323 1123 codemque
1350 1077 1506 1112 adiutore
1532 1079 1746 1123 gravissimas
1772 1085 2029 1124 persecutorum
2051 1079 2135 1112 insi-

461 1136 533 1169 dias
553 1136 746 1169 x‘itaverint.
769 1135 995 1175 Quandonam
1015 1146 1097 1169 vero
1117 1135 1252 1168 vultum
1271 1147 1371 1169 500111
1391 1137 1638 1175 immutaverit,
1659 1136 1735 1181 quis
1755 1134 1855 1169 fuerit
1873 1135 2132 1175 Abimelechus‚

461 1200 492 1226 et
513 1193 691 1238 quomodo
710 1193 765 1226 hic
787 1193 948 1226 Dax‘idem
966 1193 1147 1229 dimiserit.
1168 1204 1301 1226 necesse
1320 1199 1369 1226 est
1388 1205 1450 1227 1105
1469 1193 1582 1227 dicere
1600 1205 1638 1227 ex
1659 1194 1762 1227 sacris
1781 1193 1901 1227 litteris
1919 1198 2136 1227 contexentes

464 1251 638 1285 historiam
661 1252 684 1284 ¹.
714 1252 985 1284 Persecutionem
1005 1251 1065 1284 illo
1086 1257 1241 1296 tempore
1268 1250 1460 1297 patiebatur
1479 1263 1496 1284 a
1516 1251 1614 1285 Saule
1635 1250 1848 1285 beatissimus
1872 1251 1999 1285 David:
2021 1251 2135 1297 palam

462 1316 575 1342 antem
603 1322 637 1343 se
663 1309 711 1342 illi
739 1320 916 1354 opponere
942 1309 1097 1342 nondum
1123 1308 1261 1347 walens,
1290 1310 1368 1354 quia
1394 1308 1534 1342 nutibus
1559 1309 1630 1342 eius
1659 1308 1912 1354 obsequebatur
1940 1314 2060 1342 cuncta
2084 1309 2135 1342 vis

230 2363 235 2367 ’
250 2360 329 2380 walth.
342 2360 382 2381 XII
401 2364 418 2380 ι’..

400 2762 409 2770 Υ,

284 2786 313 2802 ἰν
335 2764 418 2809 piavi

463 1367 603 1400 militiae
630 1366 804 1403 lsrahclis,
833 1366 1018 1411 confugere
1044 1366 1196 1399 decrexit
1222 1367 1263 1400 ad
1291 1366 1412 1399 Achim
1437 1366 1684 1404 Gefflaeorum,
1708 1378 1767 1400 seu
1792 1366 2057 1411 alienigenarum
2081 1378 2136 1400 re-

459 1437 554 1470 gem,
579 1424 723 1458 consilio
750 1424 791 1457 ad
819 1424 853 1457 id
882 1423 1041 1457 lonathae
1068 1435 1160 1457 usus.
1189 1425 1266 1457 Mox
1293 1425 1326 1456 111
1354 1424 1473 1457 itinere
1498 1424 1648 1457 occurrit
1664 1422 1887 1457 Abimelecho
1905 1423 2072 1457 sacerdoti
2100 1425 2134 1457 in

459 1482 590 1528 oppido
608 1481 760 1516 Nomba:
782 1493 885 1527 quem
905 1481 1045 1527 quidem
1064 1481 1178 1526 fugam
1198 1492 1294 1514 suam
1313 1481 1433 1514 celavit
1445 1507 1452 1517 ,
1476 1481 1685 1526 missumque
1704 1492 1739 1514 se
1758 1480 1841 1514 dixit
1861 1492 1879 1514 a
1898 1491 1994 1526 rege,
2017 1486 2049 1514 et
2067 1480 2136 1514 Go-

459 1540 553 1573 liatlii
581 1551 720 1585 quoque
739 1539 891 1584 gladium
912 1539 1020 1584 petiit.
1050 1539 1167 1583 Neque
1186 1550 1221 1571 se
1239 1537 1403 1571 Davidem
1425 1537 1524 1570 illum
1550 1549 1622 1571 esse
1647 1537 1753 1571 fassus
1778 1544 1844 1576 est,
1865 1538 1923 1583 qui
1943 1548 2047 1571 manu
2064 1537 2135 1571 divi

461 1597 649 1642 prophetae
675 1596 840 1630 Samuelis
866 1602 987 1629 unctus
1012 1596 1047 1628 in
1074 1606 1188 1639 regem
1209 1595 1336 1632 fuerat,
1357 1594 1416 1628 sed
1443 1601 1477 1628 ut
1505 1596 1679 1640 gregarius
1705 1595 1873 1640 quispiam
1896 1606 1999 1640 panes
2025 1593 2068 1628 ab
2093 1605 2137 1629 eo

459 1655 663 1700 postulavit:
685 1666 702 1688 a
729 1666 799 1699 quo
826 1665 1028 1698 responsum
1054 1654 1082 1687 ei
1111 1652 1191 1691 fuit.
1213 1652 1327 1686 nullos
1352 1664 1424 1686 esse
1451 1658 1586 1697 praeter
1613 1664 1715 1698 panes
1734 1652 1917 1686 oblationis
1943 1663 1961 1686 a
1987 1652 2136 1686 mosaica

460 1712 534 1757 lege
555 1713 752 1757 imperatae.
781 1712 963 1756 Quumque
989 1711 1052 1744 hos
1078 1711 1170 1755 ipsos
1189 1710 1261 1743 dari
1288 1709 1351 1743 sibi
1379 1709 1497 1743 beatus
1515 1709 1623 1743 David
1642 1716 1815 1755 posceret,
1838 1708 1996 1743 sacerdos
2021 1715 2135 1743 autem

460 1770 651 1813 exquireret
679 1781 761 1802 num
790 1768 876 1802 forte
900 1768 1020 1802 famuli
1039 1769 1258 1802 contaminati
1284 1774 1415 1805 essent;
1437 1767 1631 1813 respondit.
1654 1779 1671 1801 a
1692 1767 1825 1801 feminis
1844 1766 2045 1800 abstinuisse
2066 1767 2135 1801 iam

460 1826 576 1860 triduo
601 1827 660 1872 qui
680 1838 757 1859 cum
777 1837 818 1859 eo
838 1832 930 1859 erant
952 1827 986 1859 111
1006 1827 1128 1859 11111616
1147 1837 1278 1859 omnes.
1304 1826 1470 1870 Acceptos
1490 1825 1591 1869 igitur
1611 1836 1714 1870 panes
1733 1824 1892 1858 comedit.
1918 1825 2009 1869 Ergo
2027 1835 2136 1870 quum

462 1884 554 1916 aliud
582 1883 721 1920 dixerit,
745 1883 838 1916 aliud
865 1884 899 1916 in
924 1890 1038 1917 mente
1063 1883 1240 1921 habuerit,
1261 1884 1457 1916 immutasse
1483 1894 1561 1916 eum
1587 1882 1721 1916 vultum
1749 1882 1907 1916 nonnulli
1933 1883 2137 1927 interpretes

460 1941 589 1975 dicunt.
621 1941 749 1974 Deinde
775 1941 818 1974 ad
843 1941 1009 1975 Gethaeos
1035 1941 1226 1986 profectus,
1250 1942 1372 1975 timens
1398 1941 1467 1975 illic
1493 1940 1644 1974 1105110111
1664 1940 1822 1978 insidias,
1844 1940 2009 1974 insaniam
2028 1940 2134 1974 simu-

461 1998 563 2035 lavit;
583 2009 653 2043 quo
678 1999 778 2031 etiam
805 2004 980 2043 tempore,
1001 1999 1049 2032 uti
1076 2000 1241 2044 scriptum
1266 2005 1332 2036 est,
1357 1998 1498 2032 saliiam
1521 1997 1723 2031 demittebat
1750 1998 1783 2030 in
1809 1996 1970 2036 barbam,
1993 2002 2027 2030 et
2053 2008 2136 2042 por-

460 2055 596 2089 tabatur
622 2056 779 2100 gradiens
804 2068 864 2089 ceu
894 2062 1005 2089 mente
1031 2063 1149 2102 captus
1175 2062 1205 2089 et
1234 2056 1362 2090 furens.
1391 2056 1502 2101 Atque
1522 2055 1587 2089 hoc
1607 2061 1706 2100 pacto
1724 2055 1824 2088 saluti
1850 2066 1929 2088 suae
1948 2054 2132 2089 consuluit.

460 2114 568 2146 lluius
594 2113 720 2146 diserte
747 2113 907 2146 historiae
928 2114 1081 2146 meminit
1100 2113 1230 2146 titulus.
1260 2113 1439 2147 Sciendum
1460 2119 1588 2151 autem,
1611 2112 1788 2146 (lominum
1812 2123 1951 2157 quoque
1977 2118 2134 2146 nostrum

461 2171 570 2205 16511111
590 2171 761 2204 Christum
787 2171 909 2204 dixisse
930 2171 1115 2205 Pharisaeis
1142 2171 1318 2204 nonnullis
1337 2171 1523 2216 discipulos
1548 2169 1783 2204 accusantibus
1805 2169 1899 2214 quod
1925 2169 2034 2215 spicas
2052 2181 2136 2203 con-

459 2229 617 2262 fricantes
636 2228 880 2262 manducarent
902 2229 934 2261 111
956 2228 1118 2263 sabbato:
1140 2240 1255 2263 nonne
1273 2230 1378 2262 nostis
1396 2228 1480 2273 quid
1501 2228 1616 2262 fecerit
1636 2227 1744 2261 David
1763 2227 1902 2272 quando
1921 2227 2039 2261 esuriit
2062 2228 2136 2273 ipse

458 2293 487 2319 et
516 2288 656 2320 comites
683 2288 779 2320 eius?
806 2287 984 2331 quomodo
1010 2288 1048 2319 sit
1078 2287 1249 2332 ingressus
1275 2287 1394 2320 aedem
1419 2287 1497 2324 Dei,
1522 2297 1692 2331 panesque
1717 2284 1903 2318 oblationis
1928 2285 2132 2324 comederit,

458 2343 585 2389 quibus
610 2345 697 2377 vesci
719 2355 786 2376 non
807 2343 926 2377 licebat
956 2345 1016 2377 nisi
1045 2345 1125 2378 solis
1144 2343 1378 2377 sacerdotibus
1398 2345 1434 2377 “3
1454 2345 1544 2388 Ergo
1562 2343 1707 2377 salutem
1727 2342 1870 2388 adeptus
1888 2342 1988 2376 divus
2006 2342 2133 2381 David,

459 2409 489 2435 et
517 2414 556 2435 cx
583 2402 676 2435 omni
703 2400 796 2434 bello
823 2401 1020 2439 incolumis,
1043 2402 1229 2446 gratiarum
1257 2402 1427 2434 actionem
1453 2401 1569 2434 recitat
1596 2400 1731 2434 dicens:

994 2466 1030 2489 ln
1049 2466 1181 2489 nomino
1198 2466 1383 2489 laudabitur
1400 2467 1505 2489 anima
1525 2472 1602 2489 mea.

554 2519 663 2551 Nemo
681 2518 739 2562 qui
761 2518 869 2550 carnis
896 2515 1030 2561 legibus
1048 2517 1147 2551 vivit,
1169 2516 1227 2549 sed
1248 2516 1273 2549 si
1294 2517 1370 2561 quis
1397 2516 1510 2561 potius
1536 2516 1742 2561 spiritalium
1761 2526 1877 2549 rerum
1895 2515 2135 2561 vitaeque'ho-

459 2576 666 2608 nestissimae
693 2575 859 2618 genuinus
885 2580 1017 2607 amator
1042 2580 1111 2610 est,
1133 2573 1240 2606 dicet:
1263 2574 1297 2606 in
1324 2574 1473 2606 Domino
1499 2574 1543 2618 (l)
1569 2572 1768 2607 laudabitur
1794 2574 1906 2607 anima
1930 2584 2019 2606 mea.
2048 2573 2133 2606 Nam

457 2634 513 2676 qui
541 2632 702 2666 animales
729 2639 950 2676 terrenosque
969 2631 1108 2665 affectus
1128 2630 1271 2667 habent.
1294 2631 1315 2663 ii
1341 2631 1487 2675 gloriam
1507 2632 1540 2663 in
1563 2631 1748 2676 ignominia
1775 2642 1833 2664 sua
1857 2629 1997 2664 habent.
2027 2630 2133 2663 Porro

458 2700 672 2734 nequaquam
699 2700 786 2735 01105
813 2701 830 2722 a
857 2689 994 2722 1016016
1020 2689 1176 2725 1101111116,
1199 2687 1257 2721 sed
1285 2699 1301 2720 a
1329 2689 1433 2731 gratia
1462 2688 1630 2732 dirigente
1657 2687 1845 2733 perficitur.

1016 2754 1157 2777 Aunliant
1173 2753 1343 2780 mansueti,
1359 2755 1391 2776 et
1407 2753 1578 2776 laetentur.

553 2803 724 2837 Gaudcant
754 2805 920 2837 mansueti
941 2803 1081 2837 utilibus
1100 2805 1230 2837 animae
1250 2802 1482 2840 sermonibus,
1506 2809 1539 2836 et
1558 2803 1772 2837 delectentur
1791 2802 1870 2837 illis.
1896 2802 1981 2835 Nam
2000 2802 2059 2846 qui
2079 2813 2132 2835 sa-

558 2876 589 2904 sl)
610 2873 674 2900 Cod,
697 2882 788 2908 reapse
808 2877 838 2908 τῷ
858 2876 944 2911 κυρίῳ,
965 2875 1012 2902 sed
1032 2874 1138 2901 ridetur
1157 2872 1348 2908 corrigendum
1370 2874 1393 2898 iv
1414 2875 1446 2906 τῷ
1465 2874 1547 2907 κυρίῳ.
