2205 3177
525 180 556 202 is
583 180 763 202 ErismLAM
789 180 812 201 1.
842 178 884 200 AD
910 176 1101 199 comninos
1127 177 1200 200 car.
1229 178 1251 199 1.
1283 177 1323 199 Er
1350 177 1386 199 11.
1756 166 1800 199 35

120 253 220 291 atque
244 243 449 277 elocutionis
471 243 644 278 datorem.
667 242 797 276 etiamsi
817 241 919 285 aliqui
947 251 1015 272 non
1042 246 1077 273 ut
1098 252 1159 285 par
1181 248 1252 274 erat
1277 241 1330 274 his
1356 241 1407 274 usi
1427 246 1516 274 sunt.
1538 239 1802 273 Praedicationis

123 313 204 336 vero
231 301 409 334 stultitiam
432 300 512 333 dicit
541 300 728 333 verborum
756 298 1024 343 simplicitatem:
1047 298 1124 330 rudi
1148 299 1239 330 enirn
1266 309 1424 332 sermone
1451 297 1589 331 fuerunt
1607 296 1676 330 dix-i
1703 296 1804 330 disci-

126 358 218 404 puli.
239 357 299 391 sed
323 358 489 390 sententia
516 357 632 390 dixite.

373 421 529 449 Quoniam
545 424 576 445 et
592 422 703 445 ludaei
719 421 842 448 signum
858 420 985 446 petunt,
1000 420 1029 440 el
1048 418 1166 440 ethnici
1183 419 1373 445 sapientiam
1390 421 1557 446 quaerum.

224 473 415 517 Utrumque
434 484 515 505 vere
537 471 619 504 dicit
638 469 773 503 Paulus.
802 468 935 501 Etenim
956 467 1041 501 olim
1063 467 1198 500 Christo
1219 467 1262 500 de
1280 469 1384 500 sacris
1402 468 1505 512 septis
1526 468 1671 500 eiicienti
1691 468 1808 501 ovium

129 530 323 574 boumque,
353 536 526 563 turturum
552 535 585 562 et
612 525 852 560 columbarum
879 525 1096 562 venditores,
1125 524 1359 569 edicentique,
1388 525 1496 558 nolite
1527 525 1637 558 facere
1663 525 1807 558 domum

130 588 235 633 patris
254 588 336 623 mei,
366 587 509 620 domum
528 583 783 630 negotiationis,
812 582 980 616 adversati
1004 588 1081 616 sunt
1102 581 1217 615 Iudaei
1236 582 1378 615 aientes:
1399 581 1576 626 quodnam
1594 582 1729 626 signum
1747 594 1808 615 no-

129 645 182 679 bis
206 644 375 682 ostendis,
403 642 629 689 quamobrem
649 641 685 674 id
711 641 814 674 facis?
840 639 893 674 rel
921 640 997 685 quis
1021 639 1082 673 tibi
1105 639 1192 672 hanc
1218 645 1421 685 potestatem
1446 638 1629 671 adtribuit?
1654 641 1809 673 Accesse-

131 709 212 736 runt
237 708 351 735 autem
376 708 409 735 et
434 701 640 734 litteratores
662 698 809 743 aliquot,
833 704 908 743 post
934 704 984 731 tot
1009 697 1098 731 edita
1122 708 1138 730 a
1163 697 1298 730 Christo
1318 695 1500 729 miracula.
1522 695 1668 740 maligne
1693 696 1810 729 dicen-

132 766 197 793 tes:
219 760 396 804 magister,
416 757 576 790 volumus
598 767 615 789 a
639 762 671 789 te
696 756 831 800 signum
857 755 988 788 videre.
1017 756 1160 788 Prorsus
1182 755 1285 799 igitur
1308 752 1595 799 parxipendentes
1616 760 1809 786 sanctornm

131 828 252 854 voces,
273 828 313 850 ex
333 814 457 860 quibus
477 813 520 846 ab
545 814 592 846 eis
614 813 772 857 cognosci
796 824 859 858 par
880 818 969 848 erat.
991 813 1102 857 ipsum
1129 824 1200 845 esse
1219 812 1406 847 Christum.
1429 811 1544 843 divina
1571 816 1728 855 portenta
1751 822 1811 855 pe-

131 873 261 907 tebant.
289 871 385 906 Unde
407 870 560 904 Christus
582 870 691 903 missis
716 869 776 903 abs
797 870 947 903 Iohanne
969 870 1032 903 ait:
1058 876 1177 903 euntes
1198 870 1392 903 renunciate
1416 868 1558 901 Iohanni
1579 878 1666 912 quae
1689 867 1813 900 auditis

133 936 233 975 atque
255 929 393 962 videtis:
417 928 504 961 caeci
529 927 662 965 vident,
685 927 796 961 claudi
819 926 1015 965 ambulant,
1040 933 1070 959 et
1091 927 1234 971 reliqua.
1259 926 1390 959 Ethnici
1408 936 1492 959 xero
1511 924 1714 958 elocutionis
1735 935 1814 957 ver-

132 986 325 1031 borumque
343 984 564 1030 splendorem
583 990 786 1029 quaerentes
798 1010 805 1019 ,
828 984 1007 1017 stultitiam
1025 984 1218 1017 existimant
1237 983 1480 1016 incarnationis
1504 983 1689 1019 rationem,
1711 982 1815 1014 aiunt-

132 1055 217 1089 que:
238 1054 299 1076 cur
324 1043 469 1076 omnino
494 1053 581 1087 opus
607 1048 699 1080 erat,
721 1053 800 1075 eum
826 1042 885 1086 qui
914 1047 1033 1075 natura
1060 1042 1151 1075 Deus
1176 1048 1265 1079 erat,
1286 1047 1319 1074 et
1344 1051 1384 1073 ex
1406 1041 1477 1073 Deo
1502 1046 1621 1072 natum
1640 1038 1811 1075 Verbum,

131 1101 190 1146 qui
210 1100 281 1134 sola
299 1099 475 1133 voluntate
499 1105 653 1144 nutuque
678 1099 843 1144 quicquid
860 1100 889 1133 ei
910 1098 1067 1137 libuerit,
1097 1105 1206 1144 potest
1228 1099 1380 1136 efficere,
1410 1097 1482 1131 fieri
1506 1097 1701 1135 hominem,
1728 1109 1816 1132 mor-

134 1164 272 1202 temque
291 1156 466 1202 perferre‘?
484 1157 549 1196 Qui
568 1168 671 1195 xero,
693 1157 869 1201 inquiunt,
890 1157 989 1201 virgo
1007 1157 1140 1201 pariat?
1156 1155 1333 1200 quomodo
1352 1161 1522 1200 resurget,
1544 1155 1603 1200 qui
1622 1160 1732 1188 morte
1750 1154 1816 1188 sue-

135 1216 177 1248 rit
200 1215 407 1259 corrnptus‘?
425 1214 529 1258 Atqui
550 1214 597 1247 nil
618 1215 744 1247 mirum
763 1220 812 1247 est
832 1214 915 1247 haec
934 1213 977 1247 ab
998 1214 1064 1247 illis
1085 1214 1168 1247 dici:
1193 1225 1340 1258 namque
1360 1213 1513 1246 animalis
1534 1213 1638 1246 homo
1660 1224 1729 1245 non
1748 1224 1819 1258 per-

135 1273 215 1317 cipit
238 1283 325 1316 quae
351 1278 429 1304 sunt
454 1272 610 1316 spiritus:
633 1278 682 1305 est
702 1272 792 1304 enim
812 1271 878 1304 illis
897 1271 1038 1304 stultitia
1051 1297 1058 1309 ,
1081 1282 1167 1316 quae
1189 1271 1289 1304 nobis
1309 1277 1357 1304 est
1378 1271 1438 1303 Dei
1457 1271 1566 1304 virtus
1586 1276 1619 1304 et
1638 1270 1813 1315 sapientia.

137 1329 285 1362 Salxavit
313 1329 404 1362 enim
432 1328 602 1361 mundum
629 1329 718 1361 Deus
744 1334 840 1373 pater
868 1339 929 1373 per
954 1329 1066 1374 ipsum
1095 1326 1227 1372 (filiuni
1244 1332 1251 1372 )
1269 1354 1276 1363 ,
1305 1334 1479 1372 tamquam
1508 1339 1568 1372 per
1595 1328 1730 1360 insitam
1754 1326 1817 1360 sibi

138 1386 338 1419 naturaliter
362 1386 543 1421 w‘rtntem,
565 1384 774 1417 ineffabilem
800 1384 959 1418 xidelicet
981 1396 1076 1418 suani
1102 1385 1315 1430 sapientiam.
1342 1386 1427 1418 Nam
1452 1385 1615 1429 sapientia
1640 1385 1816 1429 xirtusque

138 1444 197 1476 Dei
216 1443 321 1487 patris
339 1448 389 1474 est
416 1441 524 1479 filius,
549 1452 609 1486 per
630 1452 734 1485 quam
761 1443 921 1474 xii-tutem
942 1447 1063 1475 cuncta
1089 1442 1257 1486 originem
1283 1443 1403 1475 sortita
1430 1448 1524 1477 sunt,
1549 1447 1582 1475 et
1604 1448 1715 1475 creata
1735 1453 1817 1475 con-

137 1505 329 1532 servantur.
353 1497 453 1537 Quod
474 1498 501 1530 si
520 1499 615 1542 quis,
638 1499 762 1543 inquit,
786 1498 965 1532 hominum
988 1498 1118 1532 xiribus
1139 1510 1339 1544 comparare
1360 1500 1420 1532 Dei
1440 1500 1510 1532 vim
1529 1499 1677 1532 voluerit
1690 1525 1697 1535 ,
1718 1498 1820 1544 plane

138 1554 349 1601 pervidebit,
371 1554 429 1587 illa
450 1555 553 1588 etiam
573 1555 634 1588 Dei
653 1566 758 1600 opera
776 1566 863 1599 quae
881 1555 1071 1589 infirmiora
1093 1556 1235 1589 sortasse
1255 1556 1433 1592 videntur,
1458 1568 1569 1601 neque
1589 1562 1695 1590 totam
1720 1567 1820 1601 agen-

139 1614 181 1646 tis
204 1614 275 1646 vim
298 1612 545 1649 exhauserunt,
569 1614 744 1658 superiora
772 1624 843 1646 esse
861 1613 1012 1658 qualibet
1033 1614 1184 1648 humana
1202 1615 1247 1647 vi.
1271 1615 1382 1659 Atque
1403 1614 1522 1648 eadem
1541 1615 1604 1648 hac
1628 1616 1759 1648 ratione
1779 1614 1822 1649 de

138 1671 302 1716 sapientia
321 1680 460 1714 quoque
479 1669 662 1703 iudicabis:
684 1682 807 1715 nempe
825 1670 919 1715 quod
939 1671 1081 1704 stultum
1109 1672 1142 1704 in
1169 1671 1294 1705 divinis
1320 1672 1473 1707 videtur.
1495 1672 1680 1717 sapientius
1701 1673 1823 1705 hnma-

140 1728 192 1761 nis
217 1728 414 1773 comperiri.
443 1727 557 1760 Veluti
581 1727 608 1760 si
634 1739 711 1761 cum
739 1728 974 1772 magnitudine
992 1740 1029 1762 ac
1054 1729 1312 1774 pulchritudine
1337 1730 1533 1763 caelestium
1553 1730 1820 1767 elementorum,

140 1785 221 1819 solis
247 1791 281 1818 et
307 1785 453 1819 aliorum
479 1784 651 1822 siderum,
680 1785 785 1830 ignis,
815 1797 941 1831 aquae,
969 1786 1184 1832 aliorumque
1211 1787 1427 1824 huiusmodi,
1456 1787 1613 1821 conferre
1641 1787 1716 1831 aluis
1742 1787 1821 1820 velit

142 1854 264 1888 parvas
289 1854 327 1875 ac
352 1843 510 1875 minimas
537 1848 728 1880 creaturas,
756 1844 867 1876 tenuis
894 1844 965 1877 sine
992 1843 1100 1878 dubio
1124 1845 1405 1890 deprehendetur
1432 1844 1555 1878 harum
1581 1846 1689 1878 virtus
1711 1851 1742 1878 et
1773 1856 1825 1878 sa-

143 1900 269 1944 pientia
282 1925 289 1935 ,
310 1902 418 1944 eaque
445 1899 554 1932 multo
574 1900 752 1933 inferiores
775 1899 921 1945 quilibet
944 1901 1127 1935 iudicabit.
1148 1914 1259 1948 neque
1284 1902 1406 1946 aliquis
1425 1902 1517 1947 apud
1536 1913 1599 1935 nos
1624 1909 1736 1936 tantae
1755 1903 1826 1936 vir-

145 1957 225 1989 tutis
251 1956 369 1989 artifex
393 1967 557 2002 umquam
584 1957 660 1989 erit.
690 1958 818 1990 Rex'era
847 1958 952 2003 igitur
972 1958 1066 2003 qnod
1095 1958 1272 1993 infirmum
1293 1965 1342 1993 est
1367 1960 1446 1997 Dei,
1472 1960 1594 1994 fortius
1621 1966 1669 1994 est
1696 1958 1826 1993 viribus

145 2014 321 2052 humanis;
345 2021 379 2047 et
399 2014 494 2059 quod
518 2014 552 2047 in
577 2015 649 2047 Deo
667 2014 830 2053 stultum,
853 2016 1037 2061 sapientius
1058 2024 1107 2051 est
1128 2017 1339 2051 hominihus.
1367 2019 1457 2063 Ergo
1480 2017 1595 2051 divina
1619 2018 1827 2063 dispensatio

144 2072 178 2104 in
197 2080 331 2105 summa
351 2072 513 2117 sapientia
534 2078 702 2105 versatur.
731 2073 886 2106 Universi
908 2074 999 2107 enim
1018 2073 1112 2108 orbis
1137 2086 1282 2120 regnum
1311 2075 1498 2120 prudenter
1523 2074 1670 2109 obtinuit
1695 2082 1727 2109 et
1750 2087 1825 2109 cum

145 2129 308 2174 sapientia
332 2129 497 2162 Clu-istus.

678 2194 886 2218 ..annuncians
903 2197 986 2220 vobis
1003 2197 1062 2220 Dei
1080 2199 1302 2221 testimonium.

243 2244 304 2276 Dei
330 2244 565 2278 testimonium
589 2244 670 2279 dicit
698 2245 888 2279 Christum:
917 2245 960 2279 de
985 2258 1055 2291 quo
1080 2247 1170 2280 Deus
1196 2253 1292 2292 pater
1317 2246 1514 2281 testificatus
1539 2254 1587 2281 est
1611 2248 1744 2281 dicens:
1775 2248 1827 2280 hic

149 2304 199 2331 est
224 2298 315 2332 filius
341 2311 437 2334 meus
462 2301 625 2340 dilectus,
646 2303 680 2335 in
708 2299 779 2347 quo
805 2303 889 2336 mihi
916 2304 1120 2349 complacui.

680 2368 719 2390 Et
735 2375 792 2397 ego
808 2369 842 2391 in
859 2368 1046 2392 iufirmjtate
1062 2376 1098 2392 ac
1114 2370 1226 2392 timore
1242 2372 1299 2393 etc.

246 2415 318 2459 Ego
344 2421 456 2448 tamen
483 2416 569 2450 adeo
588 2417 710 2451 humili
739 2430 937 2452 sermonum
961 2431 1086 2465 genere
1112 2431 1212 2455 usus,
1234 2419 1378 2454 verebar
1395 2432 1604 2465 magnopere
1625 2432 1665 2452 nc
1686 2420 1773 2453 forte
1795 2419 1826 2452 hi

150 2470 370 2505 sublimiores
395 2484 496 2505 sensu
523 2480 640 2508 nostro
663 2477 848 2522 comperti,
870 2477 955 2510 nihil
976 2478 1179 2523 prodessent
1196 2477 1251 2511 vel
1277 2479 1390 2523 potius
1409 2478 1597 2511 officerent.
1620 2479 1704 2510 Nam
1724 2478 1828 2511 menti

152 2535 287 2563 tenerae
311 2529 427 2563 mollis
446 2529 620 2575 facilisque
640 2535 779 2577 cognitu
797 2546 910 2568 sermo
930 2535 1209 2569 accommodatus
1231 2543 1302 2574 est;
1324 2536 1549 2569 maturiorum
1570 2541 1681 2568 autem
1701 2541 1751 2568 est
1776 2547 1829 2568 so-

151 2585 221 2620 lida
246 2587 405 2624 nutritio,
427 2587 485 2632 qui
508 2599 647 2621 sensum
666 2590 888 2624 exercitatum
909 2591 1036 2625 habent
1055 2592 1097 2626 ad
1115 2592 1199 2626 boni
1224 2593 1372 2637 malique
1391 2592 1643 2625 discretionem.
1667 2592 1740 2625 Fuit
1768 2592 1831 2625 ita-

151 2654 238 2688 que,
261 2645 323 2680 ait,
350 2649 525 2688 tamquam
551 2656 628 2678 cum
653 2646 761 2680 multa
787 2647 1008 2687 infirmitate,-
1026 2656 1060 2683 et
1085 2661 1154 2683 non
1183 2651 1312 2683 cunctis
1338 2650 1477 2682 exsertis
1500 2648 1648 2687 x-iribus,
1672 2650 1832 2683 initiantis

155 2701 301 2747 apostoli
328 2701 368 2734 ad
401 2712 462 2735 ios
493 2713 622 2735 sermo:
653 2714 764 2748 neque
794 2716 873 2738 sane
898 2717 975 2739 cum
1001 2707 1220 2752 persuasione
1245 2706 1414 2739 humanae
1440 2706 1639 2752 sapientiae,
1669 2706 1727 2739 sed
1754 2718 1831 2740 cum

154 2760 348 2793 ostensione
375 2760 514 2805 spiritus
541 2771 577 2793 ac
604 2760 755 2797 virtutis,
784 2773 826 2795 ne
852 2761 937 2796 fides
962 2771 1074 2798 vestra
1102 2765 1135 2797 in
1164 2763 1344 2797 hominum
1371 2764 1534 2808 sapientia
1561 2764 1745 2803 niteretur,
1773 2764 1832 2798 sed

155 2816 190 2848 in
209 2817 269 2850 Dei
285 2817 423 2851 virtute.
446 2818 580 2851 Etenim
599 2817 844 2862 praedicationi
865 2819 1038 2855 addebant
1054 2820 1199 2867 apostoli
1220 2820 1417 2854 divinorum
1436 2832 1574 2867 quoque
1592 2821 1832 2867 prodigiorum

1843 423 1897 443 Cir.
1914 423 1930 444 l.
1946 428 1979 444 -.”.’.

1863 2203 1918 2223 Car.
1935 2202 1961 2223 11.
1981 2206 1996 2222 i.
