2205 3177
640 310 947 382 SANCTI
995 310 1338 379 CYRILLI

284 460 1018 515 aaseffiaeeaseom
1071 460 1700 510 affiazaummua

486 587 978 622 EXPLANATIO
1025 586 1099 618 IN
1147 585 1501 617 PSALMoS.

728 784 1251 823 PROHOEMIUM.

178 905 194 921 Ἴ

156 909 300 974 bacrae
323 939 474 976 litterae,
496 945 530 972 et
555 937 751 971 dixinarum
776 937 1013 971 doctrinarum
1039 936 1235 974 mumma,
1258 935 1412 970 nobilem
1438 931 1684 969 disserentibus
1709 947 1833 981 suppe-

154 997 261 1031 ditant
288 996 482 1030 utilitatem.
505 996 627 1029 Melior
650 1002 698 1029 est
718 996 810 1029 enim
834 996 997 1041 sapientia
1017 994 1190 1040 lapidibus
1215 994 1390 1039 pretiosis:
1412 994 1519 1027 immo
1537 993 1702 1039 quicquid
1721 994 1833 1028 hono-

153 1054 261 1088 rabile
280 1060 346 1092 est,
369 1054 561 1100 comparari
581 1054 611 1086 ei
631 1055 749 1099 nequit
770 1054 793 1087 ‘.
815 1054 980 1087 Existimo
1000 1059 1114 1086 autem
1133 1064 1299 1098 perquam
1318 1052 1473 1085 alacriter
1493 1063 1564 1085 esse
1582 1050 1831 1090 laborandum;

154 1119 256 1158 atque
275 1114 309 1146 in
329 1112 381 1146 his
401 1118 579 1157 tantopere
608 1111 807 1149 fructuosis,
829 1111 1023 1145 socordiam
1044 1111 1286 1156 pigritiamque
1305 1109 1509 1143 vincendam
1535 1108 1578 1143 ab
1597 1120 1638 1143 eo
1657 1116 1748 1143 certe
1775 1111 1833 1154 qui

153 1170 354 1203 eximiarum
382 1181 500 1203 rerum
528 1169 642 1203 studio
670 1175 838 1203 teneatur.
867 1170 985 1213 Neque
1011 1169 1103 1201 enim
1132 1169 1189 1205 iis,
1218 1166 1344 1212 quibus
1372 1167 1508 1212 pigritia
1533 1166 1702 1212 obrepere
1727 1167 1832 1205 solet,

154 1228 289 1272 egregia
308 1227 458 1260 facinora
479 1232 614 1272 patrare
639 1227 831 1271 continget,
853 1225 913 1259 sed
932 1226 972 1258 iis
996 1226 1111 1270 potius
1134 1226 1192 1270 qui
1214 1224 1377 1258 sudorem
1396 1225 1465 1270 pati
1491 1224 1718 1258 decreverint.
1748 1225 1835 1258 Hinc

154 1295 218 1329 ego
245 1296 384 1330 quoque
410 1296 501 1318 nunc
528 1296 604 1318 sum
631 1290 813 1321 exacutus,
843 1290 879 1317 ut
907 1294 971 1329 pro
997 1282 1129 1316 viribus
1156 1282 1307 1316 breviter
1335 1282 1547 1328 psalmorum
1578 1283 1680 1316 etiam
1707 1281 1835 1316 librum

157 1343 373 1387 interpreter.
404 1343 446 1375 Ili
473 1343 563 1375 enim
593 1343 739 1375 maxime
767 1348 936 1375 canuntur
962 1342 995 1374 in
1022 1342 1094 1386 ipsa
1120 1341 1258 1374 Domini
1283 1341 1423 1374 ecclesia
1452 1340 1493 1374 ad
1519 1340 1639 1386 populi
1665 1341 1833 1374 auditum.

154 1401 195 1432 Et
218 1400 376 1444 Asaphus
394 1400 534 1444 quidem
554 1399 724 1445 propheta
752 1398 871 1433 haberi
900 1405 1013 1444 potest
1040 1405 1216 1444 tamquam
1240 1399 1397 1444 princeps
1425 1405 1458 1431 et
1485 1400 1646 1444 magister
1673 1400 1836 1433 constitu-

154 1463 207 1490 tus
227 1468 244 1490 a
263 1456 392 1490 Daxide
421 1458 454 1489 in
483 1456 615 1501 populo
640 1456 683 1490 ad
711 1456 905 1490 canendum
933 1457 1099 1494 Domino,
1121 1458 1220 1501 eique
1248 1456 1496 1490 confitendum.
1526 1458 1617 1491 Haec
1643 1463 1776 1491 tantum
1802 1458 1836 1491 in

153 1514 322 1558 praesenti
348 1513 438 1547 dicta
458 1525 476 1548 a
496 1513 597 1547 nobis
624 1515 703 1548 sint.
733 1515 782 1547 De
801 1514 944 1560 reliquis
963 1521 1078 1548 autem
1096 1525 1184 1559 quae
1206 1520 1407 1553 occurrent,
1430 1521 1511 1560 puta
1530 1515 1573 1548 de
1593 1514 1835 1561 diapsalmate,

152 1570 206 1604 vel
232 1569 357 1609 obelo,
377 1571 432 1604 vel
461 1571 646 1610 lemnisco,
675 1571 730 1605 x‘cl
757 1571 821 1606 alia
848 1583 885 1606 re
911 1572 1048 1617 quavis,
1077 1572 1112 1605 in
1138 1583 1349 1618 unoquoque
1376 1572 1528 1618 psalmo,
1555 1573 1693 1606 Domini
1721 1573 1838 1608 favore

151 1628 294 1667 ductus,
316 1630 457 1674 eiusque
476 1630 662 1664 comitante
688 1630 815 1675 gratia,
837 1631 1049 1664 mentionem
1069 1636 1187 1676 postea
1213 1630 1347 1664 faciam.
1375 1631 1415 1663 Et
1435 1630 1477 1664 de
1497 1631 1679 1676 praedictis
1697 1642 1837 1676 quoque

152 1686 187 1719 in
214 1685 503 1732 subsequentibus
529 1686 629 1721 latius
655 1687 797 1733 loquar,
817 1689 877 1721 Dei
905 1689 1012 1733 gratia
1041 1687 1187 1722 favente.
1549 1689 1552 1691 ’

849 1782 1081 1821 PSALMUS
1112 1785 1140 1822 l.

597 1867 637 1890 Et
654 1868 759 1890 omnia
776 1874 987 1895 quaecumque
1004 1869 1099 1891 faciet
1115 1870 1395 1896 prosperabuntur.

253 1917 338 1949 Ante
364 1916 555 1950 servatoris
580 1916 721 1962 quidem
753 1919 860 1951 nostri
895 1918 1081 1952 adventum
1108 1919 1200 1953 haud
1228 1918 1325 1953 facile
1351 1926 1423 1953 erat
1450 1919 1653 1954 mortalibus
1679 1933 1840 1967 superare

155 1972 286 2007 xiribus
312 1974 380 2007 suis
407 1973 594 2008 absurdam
619 1974 852 2020 voluptatem,
874 1982 908 2009 et
935 1976 1119 2010 mundanis
1146 1976 1390 2022 cupiditatibus
1414 1979 1627 2024 superiorem
1653 1989 1688 2012 se
1715 1981 1839 2013 consti-

155 2037 262 2064 tuere.
292 2032 477 2076 Postquam
505 2043 589 2065 vero
616 2031 716 2066 nobis
735 2033 894 2078 apparuit
912 2033 1002 2066 Deus
1026 2033 1208 2072 dominus,
1230 2034 1332 2080 plana
1353 2042 1385 2068 et
1412 2035 1520 2069 facilis
1538 2036 1692 2081 nihilque
1711 2036 1841 2071 hahens

154 2087 302 2122 arduum
330 2094 388 2122 aut
414 2100 575 2134 asperum
599 2090 672 2123 visa
698 2090 752 2123 via
777 2097 827 2124 est
853 2101 941 2135 quae
966 2102 1030 2124 nos
1056 2091 1099 2125 ad
1123 2093 1286 2126 virtutem
1311 2093 1418 2127 ducit.

686 2155 752 2178 Non
771 2158 936 2186 resurgent
952 2156 1043 2184 impii
1060 2158 1093 2179 iu
1111 2158 1227 2180 iudicio
1243 2160 1300 2181 etc.

250 2204 410 2248 Sequitur
437 2204 640 2250 (culparum
666 2205 842 2238 minorum
870 2206 968 2252 reos)
996 2207 1165 2252 quaedam
1191 2208 1292 2241 etiam
1319 2207 1505 2253 aliquando
1525 2209 1776 2248 misericordia,
1800 2221 1841 2244 ne

157 2260 228 2304 pari
254 2272 332 2294 cum
358 2262 472 2307 impiis
498 2273 610 2307 poena
637 2263 840 2296 multentur.
870 2284 891 2288 —
918 2265 1036 2310 ltaque
1063 2266 1263 2299 revixisccnt
1290 2266 1432 2311 quidem
1459 2274 1491 2300 et
1519 2266 1571 2305 hi,
1600 2272 1838 2300 verumtamen

156 2316 247 2350 liaud
274 2319 307 2351 in
327 2319 474 2353 concilio
499 2320 691 2354 iustorum:
718 2336 732 2351 «
756 2321 939 2355 concilium
960 2328 1073 2356 autem
1101 2324 1269 2357 iustorum
1294 2324 1446 2370 intellige
1472 2324 1631 2358 ordinem
1650 2324 1837 2369 quemdam

156 2380 212 2407 aut
232 2374 431 2420 dignitatem
455 2377 513 2422 (2).
540 2392 555 2409 »
578 2380 663 2412 Nam
683 2381 743 2413 etsi
765 2379 867 2425 aliqui
890 2380 979 2414 sorte
1000 2381 1145 2421 fuerint,
1167 2393 1206 2414 ex
1227 2382 1280 2415 liis
1298 2383 1356 2427 qui
1377 2388 1582 2428 peccarunt,
1604 2382 1838 2416 misericordia

156 2437 212 2465 aut
241 2432 451 2478 indulgentia
476 2434 590 2480 digni,
612 2448 683 2470 non
708 2437 786 2471 idco
816 2445 929 2472 tamen
958 2440 991 2472 in
1017 2445 1215 2473 sanctorum
1240 2439 1354 2473 clioris
1377 2438 1734 2473 connumerabuntur.
1764 2440 1839 2474 Alia

155 2490 246 2522 enim
273 2489 399 2524 horum
425 2498 472 2525 est
500 2504 593 2532 sors,
619 2495 750 2529 excelsa
777 2496 903 2541 gloria,
930 2496 1144 2531 admirabilis
1171 2498 1294 2543 gratia,
1324 2497 1520 2530 immortale
1548 2496 1724 2541 gaudium.
1754 2499 1841 2531 Fru—

155 2552 248 2580 ctum
267 2547 396 2593 quippe
414 2549 672 2593 praeclarorum
691 2563 837 2598 operum
858 2554 1045 2600 colligunt,
1068 2561 1100 2588 ct
1120 2566 1200 2588 suae
1219 2554 1261 2587 ad
1281 2566 1384 2588 omne
1403 2553 1536 2587 bonum
1555 2554 1737 2587 alacritatis
1757 2566 1840 2588 mer-

155 2604 275 2638 cedem
302 2606 514 2651 percipiunt,
537 2608 672 2643 Christo
698 2611 781 2655 ipsis
807 2611 959 2646 dicente:
982 2613 1094 2646 venite
1114 2612 1285 2645 benedicti
1312 2613 1418 2657 patris
1439 2612 1522 2649 mei,
1544 2612 1716 2657 possidete
1740 2624 1841 2658 para-

253 2691 288 2720 (1)
308 2689 392 2724 Saepe
409 2696 489 2716 suuni
507 2689 608 2718 laboris
628 2699 749 2719 amorem
767 2694 905 2728 praedicat
920 2696 947 2721 S.
962 2696 1095 2732 Cyritlus,
1110 2703 1208 2729 nempe
1226 2695 1253 2721 in
1273 2695 1440 2729 prohoemiis
1457 2694 1491 2721 ad
1510 2695 1658 2731 ghphyma,
1672 2695 1706 2723 ad
1724 2696 1839 2729 Oseam,

155 2732 189 2759 ad
208 2733 321 2765 Isaiam,
337 2733 371 2760 ad
388 2733 554 2767 Iohannem,
570 2734 604 2762 ad
622 2735 722 2768 dialog.
738 2738 798 2763 vll.
819 2737 852 2765 de
871 2740 964 2773 Trin.‚
983 2740 1016 2767 ad
1037 2748 1080 2775 op.
1095 2739 1129 2766 de
1149 2740 1223 2766 ador.
1240 2740 1268 2765 in
1284 2747 1324 2774 sp.
1341 2743 1368 2766 et
1385 2747 1438 2766 ver.
1454 2744 1481 2766 et
1498 2744 1590 2767 contra
1610 2741 1701 2773 Nest.‚
1722 2749 1771 2768 nec
1786 2749 1843 2768 non

157 2777 251 2804 homil.
275 2779 361 2804 xwt.
379 2783 404 2805 et
424 2779 526 2805 xxvi.
548 2780 671 2807 Profecto
691 2782 760 2808 nihil
781 2786 821 2809 est
840 2783 965 2818 dignius7
986 2785 1141 2811 animarum
1163 2784 1320 2818 praesertim
1343 2788 1462 2818 pastore,
1483 2792 1565 2819 quam
1588 2784 1729 2812 assiduum
1749 2794 1843 2813 sacrae

115 2824 118 2827 ’
155 2821 284 2849 scientiae
303 2822 436 2849 studium.
459 2823 531 2850 Hinc
553 2828 593 2850 tot
613 2825 714 2856 curceii
737 2826 770 2852 ab
790 2827 910 2862 antiquis
931 2829 1090 2863 praesertim
1113 2828 1247 2863 episcopis
1270 2836 1318 2863 pro
1338 2832 1431 2855 sancta
1455 2828 1586 2864 religione
1607 2830 1659 2857 orti
1681 2834 1745 2857 sunt
1767 2829 1840 2856 libri.

253 2869 288 2898 (2)
310 2868 383 2894 Haec.
404 2867 491 2894 brevis
511 2869 635 2904 pericope
658 2878 712 2896 non
734 2871 834 2905 legitur
854 2873 905 2899 uisi
926 2873 954 2899 in
974 2872 1053 2899 codd.
1077 2874 1104 2898 B.
1127 2876 1152 2899 et
1174 2874 1210 2906 E,
1231 2881 1342 2908 nempe:
1366 2874 1460 2904 βουλήν
1476 2876 1499 2899 δέ
1521 2876 1617 2901 δικαίων
1633 2877 1712 2909 φησί-ι
1729 2875 1779 2901 οἷον
1799 2877 1841 2902 τήν

160 2914 228 2944 τάξι-ι
250 2914 293 2938 καί
312 2915 340 2938 τό
361 2915 467 2948 ἀξίωμα.
490 2914 561 2940 Hinc
580 2915 768 2942 Rornanorum
788 2921 898 2944 senatus
919 2917 1061 2945 dicebatur
1081 2926 1095 2944 a
1117 2918 1230 2945 Graecis
1249 2919 1339 2950 βουλή.

1875 1067 1881 1072 ·
1898 1063 1964 1085 Proin
1982 1064 2019 1086 ΙΙΙ.
2036 1067 2065 1086 14.

1877 1876 1897 1890 v.
1914 1874 1932 1891 3.

1877 1897 1914 1917 Gr.
1930 1903 1951 1924 p.
1971 1902 2013 1919 1523*
