<?xml version="1.0" encoding="UTF-8"?>
<!DOCTYPE html PUBLIC "-//W3C//DTD XHTML 1.0 Transitional//EN"
    "http://www.w3.org/TR/xhtml1/DTD/xhtml1-transitional.dtd">
<html xmlns="http://www.w3.org/1999/xhtml" xml:lang="en" lang="en">
 <head>
  <title>
</title>
<meta http-equiv="Content-Type" content="text/html;charset=utf-8" />
  <meta name='ocr-system' content='tesseract 3.04.00' />
  <meta name='ocr-capabilities' content='ocr_page ocr_carea ocr_par ocr_line ocrx_word'/>
</head>
<body>
  <div class='ocr_page' id='page_1' title='image "./novaepatrumbibli03maiauoft/novaepatrumbibli03maiauoft_0486.png"; bbox 0 0 2205 3177; ppageno 0'>
   <div class='ocr_carea' id='block_1_1' title="bbox 402 212 1567 240">
    <p class='ocr_par' dir='ltr' id='par_1_1' title="bbox 402 212 1567 240">
     <span class='ocr_line' id='line_1_1' title="bbox 402 212 1567 240; baseline 0.001 -3"><span class='ocrx_word' id='word_1_1' title='bbox 402 212 421 240; x_wconf 62' lang='grc' dir='ltr'>δ’</span> <span class='ocrx_word' id='word_1_2' title='bbox 905 215 932 236; x_wconf 77' lang='lat' dir='ltr'>S.</span> <span class='ocrx_word' id='word_1_3' title='bbox 961 215 1088 237; x_wconf 75' lang='lat' dir='ltr'>CYRlLLl</span> <span class='ocrx_word' id='word_1_4' title='bbox 1114 215 1334 237; x_wconf 68' lang='lat' dir='ltr'>ALExAxnmNt</span> <span class='ocrx_word' id='word_1_5' title='bbox 1362 215 1567 238; x_wconf 71' lang='lat' dir='ltr'>EXPLANATIO</span> 
     </span>
    </p>
   </div>
   <div class='ocr_carea' id='block_1_2' title="bbox 202 279 2086 2327">
    <p class='ocr_par' dir='ltr' id='par_1_2' title="bbox 400 279 2072 329">
     <span class='ocr_line' id='line_1_2' title="bbox 400 279 2072 329; baseline 0 -12"><span class='ocrx_word' id='word_1_6' title='bbox 400 297 415 317; x_wconf 86' lang='lat' dir='ltr'>a</span> <span class='ocrx_word' id='word_1_7' title='bbox 438 285 545 329; x_wconf 81' lang='lat' dir='ltr'>prima</span> <span class='ocrx_word' id='word_1_8' title='bbox 568 281 679 314; x_wconf 84' lang='lat' dir='ltr'>radice</span> <span class='ocrx_word' id='word_1_9' title='bbox 697 280 843 313; x_wconf 63' lang='lat' dir='ltr'>manaxit</span> <span class='ocrx_word' id='word_1_10' title='bbox 863 280 898 312; x_wconf 93' lang='lat' dir='ltr'>in</span> <span class='ocrx_word' id='word_1_11' title='bbox 919 290 1057 312; x_wconf 83' lang='lat' dir='ltr'>omnem</span> <span class='ocrx_word' id='word_1_12' title='bbox 1078 291 1118 313; x_wconf 87' lang='lat' dir='ltr'>ex</span> <span class='ocrx_word' id='word_1_13' title='bbox 1136 291 1173 313; x_wconf 85' lang='lat' dir='ltr'>ea</span> <span class='ocrx_word' id='word_1_14' title='bbox 1194 286 1309 314; x_wconf 86' lang='lat' dir='ltr'>natum</span> <span class='ocrx_word' id='word_1_15' title='bbox 1328 279 1373 325; x_wconf 83' lang='lat'>(1)</span> <span class='ocrx_word' id='word_1_16' title='bbox 1392 279 1585 317; x_wconf 80' lang='lat' dir='ltr'>surculum,</span> <span class='ocrx_word' id='word_1_17' title='bbox 1607 281 1852 316; x_wconf 71' lang='lat' dir='ltr'>maledictionis</span> <span class='ocrx_word' id='word_1_18' title='bbox 1874 282 1942 316; x_wconf 78' lang='lat' dir='ltr'>filia</span> <span class='ocrx_word' id='word_1_19' title='bbox 1960 295 2072 321; x_wconf 85' lang='lat' dir='ltr'>mors;</span> 
     </span>
    </p>

    <p class='ocr_par' dir='ltr' id='par_1_3' title="bbox 401 335 2071 386">
     <span class='ocr_line' id='line_1_3' title="bbox 401 335 2071 386; baseline 0.002 -15"><span class='ocrx_word' id='word_1_20' title='bbox 401 347 514 386; x_wconf 75' lang='lat' dir='ltr'>postea</span> <span class='ocrx_word' id='word_1_21' title='bbox 542 345 652 370; x_wconf 80' lang='lat' dir='ltr'>tamen</span> <span class='ocrx_word' id='word_1_22' title='bbox 681 335 848 369; x_wconf 70' lang='lat' dir='ltr'>iustificati</span> <span class='ocrx_word' id='word_1_23' title='bbox 876 336 1002 369; x_wconf 79' lang='lat' dir='ltr'>fuimus</span> <span class='ocrx_word' id='word_1_24' title='bbox 1027 342 1128 382; x_wconf 82' lang='lat' dir='ltr'>atque</span> <span class='ocrx_word' id='word_1_25' title='bbox 1154 338 1188 370; x_wconf 92' lang='lat' dir='ltr'>in</span> <span class='ocrx_word' id='word_1_26' title='bbox 1215 339 1317 370; x_wconf 67' lang='lat' dir='ltr'>xitam</span> <span class='ocrx_word' id='word_1_27' title='bbox 1345 337 1471 374; x_wconf 81' lang='lat' dir='ltr'>renati.</span> <span class='ocrx_word' id='word_1_28' title='bbox 1500 336 1680 371; x_wconf 73' lang='lat' dir='ltr'>iustificam</span> <span class='ocrx_word' id='word_1_29' title='bbox 1709 350 1771 384; x_wconf 89' lang='lat' dir='ltr'>pro</span> <span class='ocrx_word' id='word_1_30' title='bbox 1799 339 1898 373; x_wconf 85' lang='lat' dir='ltr'>nobis</span> <span class='ocrx_word' id='word_1_31' title='bbox 1924 340 2071 374; x_wconf 87' lang='lat' dir='ltr'>Christo.</span> 
     </span>
    </p>

    <p class='ocr_par' dir='ltr' id='par_1_4' title="bbox 399 393 2074 442">
     <span class='ocr_line' id='line_1_4' title="bbox 399 393 2074 442; baseline 0.001 -12"><span class='ocrx_word' id='word_1_32' title='bbox 399 400 600 440; x_wconf 73' lang='lat' dir='ltr'>Contempto</span> <span class='ocrx_word' id='word_1_33' title='bbox 625 395 714 427; x_wconf 84' lang='lat' dir='ltr'>cuim</span> <span class='ocrx_word' id='word_1_34' title='bbox 742 394 901 439; x_wconf 89' lang='lat' dir='ltr'>imposito</span> <span class='ocrx_word' id='word_1_35' title='bbox 929 393 991 427; x_wconf 88' lang='lat' dir='ltr'>sihi</span> <span class='ocrx_word' id='word_1_36' title='bbox 1018 395 1180 429; x_wconf 89' lang='lat' dir='ltr'>mandato</span> <span class='ocrx_word' id='word_1_37' title='bbox 1207 395 1422 440; x_wconf 65' lang='lat' dir='ltr'>progenitor,</span> <span class='ocrx_word' id='word_1_38' title='bbox 1451 395 1559 428; x_wconf 82' lang='lat' dir='ltr'>Deum</span> <span class='ocrx_word' id='word_1_39' title='bbox 1586 394 1746 433; x_wconf 76' lang='lat' dir='ltr'>offendit,</span> <span class='ocrx_word' id='word_1_40' title='bbox 1774 396 1977 442; x_wconf 67' lang='lat' dir='ltr'>divinaeque</span> <span class='ocrx_word' id='word_1_41' title='bbox 2005 399 2074 432; x_wconf 89' lang='lat' dir='ltr'>irae</span> 
     </span>
    </p>

    <p class='ocr_par' dir='ltr' id='par_1_5' title="bbox 399 453 2076 500">
     <span class='ocr_line' id='line_1_5' title="bbox 399 453 2076 500; baseline 0.001 -13"><span class='ocrx_word' id='word_1_42' title='bbox 399 453 555 487; x_wconf 71' lang='lat' dir='ltr'>effectum</span> <span class='ocrx_word' id='word_1_43' title='bbox 577 457 736 497; x_wconf 83' lang='lat' dir='ltr'>expertus</span> <span class='ocrx_word' id='word_1_44' title='bbox 754 458 820 486; x_wconf 83' lang='lat' dir='ltr'>est.</span> <span class='ocrx_word' id='word_1_45' title='bbox 847 453 1076 497; x_wconf 87' lang='lat' dir='ltr'>corruptionis</span> <span class='ocrx_word' id='word_1_46' title='bbox 1093 454 1323 486; x_wconf 79' lang='lat' dir='ltr'>necessitatem</span> <span class='ocrx_word' id='word_1_47' title='bbox 1343 453 1531 485; x_wconf 84' lang='lat' dir='ltr'>incurrens.</span> <span class='ocrx_word' id='word_1_48' title='bbox 1556 453 1648 485; x_wconf 90' lang='lat' dir='ltr'>Tunc</span> <span class='ocrx_word' id='word_1_49' title='bbox 1669 459 1843 497; x_wconf 86' lang='lat' dir='ltr'>peccatum</span> <span class='ocrx_word' id='word_1_50' title='bbox 1860 467 1999 500; x_wconf 83' lang='lat' dir='ltr'>quoquc</span> <span class='ocrx_word' id='word_1_51' title='bbox 2018 455 2076 489; x_wconf 89' lang='lat' dir='ltr'>hu-</span> 
     </span>
    </p>

    <p class='ocr_par' dir='ltr' id='par_1_6' title="bbox 220 509 2083 1688">
     <span class='ocr_line' id='line_1_6' title="bbox 401 509 2076 557; baseline 0.002 -15"><span class='ocrx_word' id='word_1_52' title='bbox 401 521 535 543; x_wconf 88' lang='lat' dir='ltr'>manam</span> <span class='ocrx_word' id='word_1_53' title='bbox 556 515 710 542; x_wconf 90' lang='lat' dir='ltr'>naturam</span> <span class='ocrx_word' id='word_1_54' title='bbox 729 509 911 554; x_wconf 76' lang='lat' dir='ltr'>corripuit.</span> <span class='ocrx_word' id='word_1_55' title='bbox 939 515 1039 554; x_wconf 87' lang='lat' dir='ltr'>atque</span> <span class='ocrx_word' id='word_1_56' title='bbox 1057 510 1101 542; x_wconf 82' lang='lat' dir='ltr'>ita</span> <span class='ocrx_word' id='word_1_57' title='bbox 1121 516 1313 555; x_wconf 70' lang='lat' dir='ltr'>peccatores</span> <span class='ocrx_word' id='word_1_58' title='bbox 1336 509 1508 543; x_wconf 84' lang='lat' dir='ltr'>constituti</span> <span class='ocrx_word' id='word_1_59' title='bbox 1528 515 1606 542; x_wconf 89' lang='lat' dir='ltr'>sunt</span> <span class='ocrx_word' id='word_1_60' title='bbox 1627 509 1744 548; x_wconf 85' lang='lat' dir='ltr'>multi,</span> <span class='ocrx_word' id='word_1_61' title='bbox 1772 510 1807 543; x_wconf 93' lang='lat' dir='ltr'>id</span> <span class='ocrx_word' id='word_1_62' title='bbox 1830 518 1877 545; x_wconf 88' lang='lat' dir='ltr'>est</span> <span class='ocrx_word' id='word_1_63' title='bbox 1904 518 2076 557; x_wconf 74' lang='lat' dir='ltr'>quotquot</span> 
     </span>
     <span class='ocr_line' id='line_1_7' title="bbox 254 565 2077 614; baseline 0.002 -14"><span class='ocrx_word' id='word_1_64' title='bbox 254 577 326 600; x_wconf 58' lang='lat'>«1211-</span> <span class='ocrx_word' id='word_1_65' title='bbox 343 581 361 593; x_wconf 52' lang='lat'>2¹&gt;</span> <span class='ocrx_word' id='word_1_66' title='bbox 401 568 434 599; x_wconf 90' lang='lat' dir='ltr'>in</span> <span class='ocrx_word' id='word_1_67' title='bbox 461 565 545 599; x_wconf 85' lang='lat' dir='ltr'>orbe</span> <span class='ocrx_word' id='word_1_68' title='bbox 569 572 759 599; x_wconf 54' lang='lat' dir='ltr'>versantur.</span> <span class='ocrx_word' id='word_1_69' title='bbox 789 566 851 599; x_wconf 80' lang='lat' dir='ltr'>Sed</span> <span class='ocrx_word' id='word_1_70' title='bbox 878 566 965 600; x_wconf 89' lang='lat' dir='ltr'>dicet</span> <span class='ocrx_word' id='word_1_71' title='bbox 992 567 1130 611; x_wconf 86' lang='lat' dir='ltr'>aliquis:</span> <span class='ocrx_word' id='word_1_72' title='bbox 1159 573 1230 600; x_wconf 84' lang='lat' dir='ltr'>esto</span> <span class='ocrx_word' id='word_1_73' title='bbox 1255 566 1350 612; x_wconf 89' lang='lat' dir='ltr'>quod</span> <span class='ocrx_word' id='word_1_74' title='bbox 1368 567 1475 600; x_wconf 75' lang='lat' dir='ltr'>Adam</span> <span class='ocrx_word' id='word_1_75' title='bbox 1497 566 1611 612; x_wconf 85' lang='lat' dir='ltr'>lapsus</span> <span class='ocrx_word' id='word_1_76' title='bbox 1636 567 1694 603; x_wconf 80' lang='lat' dir='ltr'>sit.</span> <span class='ocrx_word' id='word_1_77' title='bbox 1722 573 1753 599; x_wconf 91' lang='lat' dir='ltr'>ct</span> <span class='ocrx_word' id='word_1_78' title='bbox 1780 567 1897 601; x_wconf 72' lang='lat' dir='ltr'>divino</span> <span class='ocrx_word' id='word_1_79' title='bbox 1921 570 2077 614; x_wconf 70' lang='lat' dir='ltr'>neglecto</span> 
     </span>
     <span class='ocr_line' id='line_1_8' title="bbox 398 623 2076 672; baseline 0.002 -16"><span class='ocrx_word' id='word_1_80' title='bbox 398 623 578 660; x_wconf 79' lang='lat' dir='ltr'>mamiato,</span> <span class='ocrx_word' id='word_1_81' title='bbox 605 623 818 668; x_wconf 89' lang='lat' dir='ltr'>corruptioni</span> <span class='ocrx_word' id='word_1_82' title='bbox 839 635 876 657; x_wconf 88' lang='lat' dir='ltr'>ac</span> <span class='ocrx_word' id='word_1_83' title='bbox 897 625 999 658; x_wconf 89' lang='lat' dir='ltr'>morti</span> <span class='ocrx_word' id='word_1_84' title='bbox 1024 623 1206 668; x_wconf 89' lang='lat' dir='ltr'>deputatus</span> <span class='ocrx_word' id='word_1_85' title='bbox 1233 623 1350 657; x_wconf 83' lang='lat' dir='ltr'>fuerit:</span> <span class='ocrx_word' id='word_1_86' title='bbox 1379 630 1569 657; x_wconf 81' lang='lat' dir='ltr'>curantem</span> <span class='ocrx_word' id='word_1_87' title='bbox 1594 623 1672 656; x_wconf 80' lang='lat' dir='ltr'>inde</span> <span class='ocrx_word' id='word_1_88' title='bbox 1701 626 1921 669; x_wconf 68' lang='lat' dir='ltr'>consequitur</span> <span class='ocrx_word' id='word_1_89' title='bbox 1944 633 1981 660; x_wconf 92' lang='lat' dir='ltr'>ut</span> <span class='ocrx_word' id='word_1_90' title='bbox 2005 638 2076 672; x_wconf 85' lang='lat' dir='ltr'>pec-</span> 
     </span>
     <span class='ocr_line' id='line_1_9' title="bbox 399 679 2077 727; baseline 0.001 -13"><span class='ocrx_word' id='word_1_91' title='bbox 399 687 529 714; x_wconf 80' lang='lat' dir='ltr'>catores</span> <span class='ocrx_word' id='word_1_92' title='bbox 557 687 698 725; x_wconf 81' lang='lat' dir='ltr'>propter</span> <span class='ocrx_word' id='word_1_93' title='bbox 727 681 838 725; x_wconf 89' lang='lat' dir='ltr'>ipsum</span> <span class='ocrx_word' id='word_1_94' title='bbox 866 681 1039 714; x_wconf 84' lang='lat' dir='ltr'>constituti</span> <span class='ocrx_word' id='word_1_95' title='bbox 1067 681 1131 713; x_wconf 86' lang='lat' dir='ltr'>sint</span> <span class='ocrx_word' id='word_1_96' title='bbox 1162 679 1287 714; x_wconf 76' lang='lat' dir='ltr'>multi?</span> <span class='ocrx_word' id='word_1_97' title='bbox 1313 681 1377 721; x_wconf 85' lang='lat' dir='ltr'>Qui</span> <span class='ocrx_word' id='word_1_98' title='bbox 1407 680 1478 714; x_wconf 82' lang='lat' dir='ltr'>lieri</span> <span class='ocrx_word' id='word_1_99' title='bbox 1509 687 1618 726; x_wconf 86' lang='lat' dir='ltr'>potest</span> <span class='ocrx_word' id='word_1_100' title='bbox 1651 687 1689 713; x_wconf 89' lang='lat' dir='ltr'>ut</span> <span class='ocrx_word' id='word_1_101' title='bbox 1717 681 1788 714; x_wconf 85' lang='lat' dir='ltr'>eius</span> <span class='ocrx_word' id='word_1_102' title='bbox 1816 681 1917 727; x_wconf 85' lang='lat' dir='ltr'>culpa</span> <span class='ocrx_word' id='word_1_103' title='bbox 1944 683 1986 715; x_wconf 89' lang='lat' dir='ltr'>ad</span> <span class='ocrx_word' id='word_1_104' title='bbox 2013 694 2077 717; x_wconf 88' lang='lat' dir='ltr'>nos</span> 
     </span>
     <span class='ocr_line' id='line_1_10' title="bbox 398 737 2078 783; baseline 0.001 -12"><span class='ocrx_word' id='word_1_105' title='bbox 398 738 588 783; x_wconf 71' lang='lat' dir='ltr'>pertineat?</span> <span class='ocrx_word' id='word_1_106' title='bbox 613 737 666 771; x_wconf 73' lang='lat' dir='ltr'>vel</span> <span class='ocrx_word' id='word_1_107' title='bbox 693 748 753 771; x_wconf 88' lang='lat' dir='ltr'>cur</span> <span class='ocrx_word' id='word_1_108' title='bbox 775 738 936 774; x_wconf 77' lang='lat' dir='ltr'>omnino,</span> <span class='ocrx_word' id='word_1_109' title='bbox 964 738 1022 782; x_wconf 89' lang='lat' dir='ltr'>qui</span> <span class='ocrx_word' id='word_1_110' title='bbox 1048 737 1203 770; x_wconf 88' lang='lat' dir='ltr'>nondum</span> <span class='ocrx_word' id='word_1_111' title='bbox 1230 738 1298 770; x_wconf 90' lang='lat' dir='ltr'>nati</span> <span class='ocrx_word' id='word_1_112' title='bbox 1322 749 1475 774; x_wconf 76' lang='lat' dir='ltr'>eramus,</span> <span class='ocrx_word' id='word_1_113' title='bbox 1505 749 1582 771; x_wconf 90' lang='lat' dir='ltr'>cum</span> <span class='ocrx_word' id='word_1_114' title='bbox 1606 750 1646 770; x_wconf 83' lang='lat' dir='ltr'>co</span> <span class='ocrx_word' id='word_1_115' title='bbox 1672 737 1929 772; x_wconf 83' lang='lat' dir='ltr'>damnationem</span> <span class='ocrx_word' id='word_1_116' title='bbox 1952 739 2078 774; x_wconf 84' lang='lat' dir='ltr'>subivi-</span> 
     </span>
     <span class='ocr_line' id='line_1_11' title="bbox 399 794 2076 842; baseline 0.002 -15"><span class='ocrx_word' id='word_1_117' title='bbox 399 795 496 828; x_wconf 76' lang='lat' dir='ltr'>mus&#39;?</span> <span class='ocrx_word' id='word_1_118' title='bbox 521 806 629 839; x_wconf 91' lang='lat' dir='ltr'>quum</span> <span class='ocrx_word' id='word_1_119' title='bbox 648 795 738 828; x_wconf 87' lang='lat' dir='ltr'>Deus</span> <span class='ocrx_word' id='word_1_120' title='bbox 763 801 881 828; x_wconf 88' lang='lat' dir='ltr'>contra</span> <span class='ocrx_word' id='word_1_121' title='bbox 903 795 1023 828; x_wconf 81' lang='lat' dir='ltr'>dixerit</span> <span class='ocrx_word' id='word_1_122' title='bbox 1046 794 1073 826; x_wconf 71' lang='grc' dir='ltr'>ἐ</span> <span class='ocrx_word' id='word_1_123' title='bbox 1102 808 1117 825; x_wconf 91' lang='lat'>«</span> <span class='ocrx_word' id='word_1_124' title='bbox 1139 804 1208 827; x_wconf 90' lang='lat' dir='ltr'>non</span> <span class='ocrx_word' id='word_1_125' title='bbox 1235 795 1424 828; x_wconf 89' lang='lat' dir='ltr'>morientur</span> <span class='ocrx_word' id='word_1_126' title='bbox 1450 801 1561 840; x_wconf 86' lang='lat' dir='ltr'>patres</span> <span class='ocrx_word' id='word_1_127' title='bbox 1587 806 1651 840; x_wconf 89' lang='lat' dir='ltr'>pro</span> <span class='ocrx_word' id='word_1_128' title='bbox 1677 794 1773 833; x_wconf 78' lang='lat' dir='ltr'>filiis,</span> <span class='ocrx_word' id='word_1_129' title='bbox 1802 807 1913 840; x_wconf 85' lang='lat' dir='ltr'>neque</span> <span class='ocrx_word' id='word_1_130' title='bbox 1936 807 2001 841; x_wconf 89' lang='lat' dir='ltr'>pro</span> <span class='ocrx_word' id='word_1_131' title='bbox 2019 807 2076 842; x_wconf 88' lang='lat' dir='ltr'>pa-</span> 
     </span>
     <span class='ocr_line' id='line_1_12' title="bbox 402 851 2079 897; baseline 0.002 -13"><span class='ocrx_word' id='word_1_132' title='bbox 402 851 510 885; x_wconf 83' lang='lat' dir='ltr'>tribus</span> <span class='ocrx_word' id='word_1_133' title='bbox 539 851 619 888; x_wconf 78' lang='lat' dir='ltr'>tilii:</span> <span class='ocrx_word' id='word_1_134' title='bbox 648 852 705 885; x_wconf 85' lang='lat' dir='ltr'>scd</span> <span class='ocrx_word' id='word_1_135' title='bbox 733 853 842 885; x_wconf 90' lang='lat' dir='ltr'>anima</span> <span class='ocrx_word' id='word_1_136' title='bbox 870 863 957 896; x_wconf 88' lang='lat' dir='ltr'>quae</span> <span class='ocrx_word' id='word_1_137' title='bbox 985 851 1192 896; x_wconf 63' lang='lat' dir='ltr'>peccaverit.</span> <span class='ocrx_word' id='word_1_138' title='bbox 1221 851 1291 896; x_wconf 87' lang='lat' dir='ltr'>ipsa</span> <span class='ocrx_word' id='word_1_139' title='bbox 1318 853 1496 886; x_wconf 84' lang='lat' dir='ltr'>morietur.</span> <span class='ocrx_word' id='word_1_140' title='bbox 1527 866 1542 883; x_wconf 91' lang='lat'>»</span> <span class='ocrx_word' id='word_1_141' title='bbox 1571 853 1762 892; x_wconf 85' lang='lat' dir='ltr'>Quamnam</span> <span class='ocrx_word' id='word_1_142' title='bbox 1790 853 1893 897; x_wconf 79' lang='lat' dir='ltr'>igitur</span> <span class='ocrx_word' id='word_1_143' title='bbox 1918 852 2079 887; x_wconf 89' lang='lat' dir='ltr'>faciemus</span> 
     </span>
     <span class='ocr_line' id='line_1_13' title="bbox 402 908 2079 954; baseline 0.001 -12"><span class='ocrx_word' id='word_1_144' title='bbox 402 909 501 942; x_wconf 87' lang='lat' dir='ltr'>huius</span> <span class='ocrx_word' id='word_1_145' title='bbox 527 909 695 953; x_wconf 70' lang='lat' dir='ltr'>dogmatis</span> <span class='ocrx_word' id='word_1_146' title='bbox 721 909 979 942; x_wconf 67' lang='lat' dir='ltr'>defensionem?</span> <span class='ocrx_word' id='word_1_147' title='bbox 1004 909 1143 945; x_wconf 76' lang='lat' dir='ltr'>Anima,</span> <span class='ocrx_word' id='word_1_148' title='bbox 1171 908 1327 952; x_wconf 87' lang='lat' dir='ltr'>inquam,</span> <span class='ocrx_word' id='word_1_149' title='bbox 1355 920 1441 953; x_wconf 86' lang='lat' dir='ltr'>quac</span> <span class='ocrx_word' id='word_1_150' title='bbox 1468 910 1673 954; x_wconf 66' lang='lat' dir='ltr'>peccaverit.</span> <span class='ocrx_word' id='word_1_151' title='bbox 1703 910 1775 954; x_wconf 87' lang='lat' dir='ltr'>ipsa</span> <span class='ocrx_word' id='word_1_152' title='bbox 1803 911 1980 944; x_wconf 86' lang='lat' dir='ltr'>morietur.</span> <span class='ocrx_word' id='word_1_153' title='bbox 2009 912 2079 944; x_wconf 83' lang='lat' dir='ltr'>Nos</span> 
     </span>
     <span class='ocr_line' id='line_1_14' title="bbox 402 964 2079 1012; baseline 0.001 -12"><span class='ocrx_word' id='word_1_154' title='bbox 402 973 512 1000; x_wconf 85' lang='lat' dir='ltr'>autem</span> <span class='ocrx_word' id='word_1_155' title='bbox 542 973 734 1012; x_wconf 74' lang='lat' dir='ltr'>peccatores</span> <span class='ocrx_word' id='word_1_156' title='bbox 759 966 867 999; x_wconf 75' lang='lat' dir='ltr'>essccti</span> <span class='ocrx_word' id='word_1_157' title='bbox 895 977 1012 999; x_wconf 90' lang='lat' dir='ltr'>sumus</span> <span class='ocrx_word' id='word_1_158' title='bbox 1037 964 1083 998; x_wconf 93' lang='lat' dir='ltr'>ob</span> <span class='ocrx_word' id='word_1_159' title='bbox 1110 965 1232 998; x_wconf 83' lang='lat' dir='ltr'>Adami</span> <span class='ocrx_word' id='word_1_160' title='bbox 1259 964 1524 999; x_wconf 81' lang='lat' dir='ltr'>inobedientiam</span> <span class='ocrx_word' id='word_1_161' title='bbox 1549 966 1651 999; x_wconf 86' lang='lat' dir='ltr'>hacce</span> <span class='ocrx_word' id='word_1_162' title='bbox 1677 967 1821 1001; x_wconf 81' lang='lat' dir='ltr'>ratione.</span> <span class='ocrx_word' id='word_1_163' title='bbox 1852 967 1912 1001; x_wconf 88' lang='lat' dir='ltr'>Ille</span> <span class='ocrx_word' id='word_1_164' title='bbox 1938 967 2079 1012; x_wconf 86' lang='lat' dir='ltr'>quidem</span> 
     </span>
     <span class='ocr_line' id='line_1_15' title="bbox 403 1022 2079 1070; baseline 0 -13"><span class='ocrx_word' id='word_1_165' title='bbox 403 1030 532 1057; x_wconf 86' lang='lat' dir='ltr'>creatus</span> <span class='ocrx_word' id='word_1_166' title='bbox 559 1023 666 1057; x_wconf 85' lang='lat' dir='ltr'>fuerat</span> <span class='ocrx_word' id='word_1_167' title='bbox 689 1023 731 1056; x_wconf 87' lang='lat' dir='ltr'>ad</span> <span class='ocrx_word' id='word_1_168' title='bbox 755 1023 1051 1068; x_wconf 78' lang='lat' dir='ltr'>incorruptionem</span> <span class='ocrx_word' id='word_1_169' title='bbox 1078 1029 1178 1067; x_wconf 85' lang='lat' dir='ltr'>atque</span> <span class='ocrx_word' id='word_1_170' title='bbox 1200 1022 1324 1059; x_wconf 51' lang='lat' dir='ltr'>witam,</span> <span class='ocrx_word' id='word_1_171' title='bbox 1349 1023 1522 1067; x_wconf 79' lang='lat' dir='ltr'>sanctique</span> <span class='ocrx_word' id='word_1_172' title='bbox 1542 1024 1613 1057; x_wconf 87' lang='lat' dir='ltr'>eius</span> <span class='ocrx_word' id='word_1_173' title='bbox 1639 1025 1674 1057; x_wconf 92' lang='lat' dir='ltr'>in</span> <span class='ocrx_word' id='word_1_174' title='bbox 1702 1025 1860 1070; x_wconf 84' lang='lat' dir='ltr'>paradiso</span> <span class='ocrx_word' id='word_1_175' title='bbox 1881 1024 2079 1058; x_wconf 82' lang='lat' dir='ltr'>deliciarum</span> 
     </span>
     <span class='ocr_line' id='line_1_16' title="bbox 402 1078 2081 1127; baseline 0 -14"><span class='ocrx_word' id='word_1_176' title='bbox 402 1092 513 1113; x_wconf 83' lang='lat' dir='ltr'>mores</span> <span class='ocrx_word' id='word_1_177' title='bbox 531 1087 643 1117; x_wconf 86' lang='lat' dir='ltr'>crant,</span> <span class='ocrx_word' id='word_1_178' title='bbox 665 1091 759 1113; x_wconf 86' lang='lat' dir='ltr'>mens</span> <span class='ocrx_word' id='word_1_179' title='bbox 778 1079 929 1113; x_wconf 81' lang='lat' dir='ltr'>eiusdem</span> <span class='ocrx_word' id='word_1_180' title='bbox 949 1079 1072 1112; x_wconf 70' lang='lat' dir='ltr'>dixinis</span> <span class='ocrx_word' id='word_1_181' title='bbox 1089 1078 1278 1112; x_wconf 59' lang='lat' dir='ltr'>x‘isionibus</span> <span class='ocrx_word' id='word_1_182' title='bbox 1297 1090 1430 1124; x_wconf 86' lang='lat' dir='ltr'>semper</span> <span class='ocrx_word' id='word_1_183' title='bbox 1448 1080 1593 1118; x_wconf 86' lang='lat' dir='ltr'>intenta,</span> <span class='ocrx_word' id='word_1_184' title='bbox 1614 1081 1786 1114; x_wconf 79' lang='lat' dir='ltr'>incolume</span> <span class='ocrx_word' id='word_1_185' title='bbox 1803 1092 1927 1127; x_wconf 89' lang='lat' dir='ltr'>corpus</span> <span class='ocrx_word' id='word_1_186' title='bbox 1945 1087 1975 1114; x_wconf 89' lang='lat' dir='ltr'>et</span> <span class='ocrx_word' id='word_1_187' title='bbox 1995 1087 2081 1113; x_wconf 90' lang='lat' dir='ltr'>tran-</span> 
     </span>
     <span class='ocr_line' id='line_1_17' title="bbox 400 1135 2080 1182; baseline 0.001 -12"><span class='ocrx_word' id='word_1_188' title='bbox 400 1138 546 1182; x_wconf 88' lang='lat' dir='ltr'>quillum</span> <span class='ocrx_word' id='word_1_189' title='bbox 559 1164 566 1174; x_wconf 88' lang='grc'>,</span> <span class='ocrx_word' id='word_1_190' title='bbox 589 1137 682 1171; x_wconf 87' lang='grc'>0111111</span> <span class='ocrx_word' id='word_1_191' title='bbox 701 1137 791 1181; x_wconf 88' lang='lat' dir='ltr'>turpi</span> <span class='ocrx_word' id='word_1_192' title='bbox 810 1136 986 1182; x_wconf 62' lang='lat' dir='ltr'>voluptate</span> <span class='ocrx_word' id='word_1_193' title='bbox 1005 1148 1140 1174; x_wconf 82' lang='lat' dir='ltr'>carens;</span> <span class='ocrx_word' id='word_1_194' title='bbox 1159 1136 1287 1181; x_wconf 87' lang='lat' dir='ltr'>quippe</span> <span class='ocrx_word' id='word_1_195' title='bbox 1305 1135 1462 1169; x_wconf 84' lang='lat' dir='ltr'>absurdis</span> <span class='ocrx_word' id='word_1_196' title='bbox 1487 1137 1521 1169; x_wconf 91' lang='lat' dir='ltr'>in</span> <span class='ocrx_word' id='word_1_197' title='bbox 1541 1148 1582 1170; x_wconf 88' lang='lat' dir='ltr'>eo</span> <span class='ocrx_word' id='word_1_198' title='bbox 1604 1137 1756 1171; x_wconf 82' lang='lat' dir='ltr'>motibus</span> <span class='ocrx_word' id='word_1_199' title='bbox 1781 1150 1851 1171; x_wconf 90' lang='lat' dir='ltr'>non</span> <span class='ocrx_word' id='word_1_200' title='bbox 1871 1138 2080 1178; x_wconf 83' lang='lat' dir='ltr'>tumultuan-</span> 
     </span>
     <span class='ocr_line' id='line_1_18' title="bbox 403 1193 2082 1240; baseline -0.001 -12"><span class='ocrx_word' id='word_1_201' title='bbox 403 1194 504 1228; x_wconf 83' lang='lat' dir='ltr'>tibus.</span> <span class='ocrx_word' id='word_1_202' title='bbox 534 1196 650 1229; x_wconf 80' lang='lat' dir='ltr'>Postea</span> <span class='ocrx_word' id='word_1_203' title='bbox 675 1201 786 1228; x_wconf 88' lang='lat' dir='ltr'>tamen</span> <span class='ocrx_word' id='word_1_204' title='bbox 811 1205 914 1239; x_wconf 89' lang='lat' dir='ltr'>quam</span> <span class='ocrx_word' id='word_1_205' title='bbox 932 1195 966 1227; x_wconf 91' lang='lat' dir='ltr'>in</span> <span class='ocrx_word' id='word_1_206' title='bbox 990 1200 1166 1240; x_wconf 87' lang='lat' dir='ltr'>peccatum</span> <span class='ocrx_word' id='word_1_207' title='bbox 1190 1193 1332 1231; x_wconf 80' lang='lat' dir='ltr'>decidit,</span> <span class='ocrx_word' id='word_1_208' title='bbox 1360 1199 1393 1227; x_wconf 88' lang='lat' dir='ltr'>et</span> <span class='ocrx_word' id='word_1_209' title='bbox 1412 1194 1624 1239; x_wconf 87' lang='lat' dir='ltr'>corruptioni</span> <span class='ocrx_word' id='word_1_210' title='bbox 1651 1195 1776 1239; x_wconf 85' lang='lat' dir='ltr'>patuit,</span> <span class='ocrx_word' id='word_1_211' title='bbox 1803 1194 1895 1231; x_wconf 81' lang='lat' dir='ltr'>illico</span> <span class='ocrx_word' id='word_1_212' title='bbox 1914 1195 1947 1226; x_wconf 91' lang='lat' dir='ltr'>in</span> <span class='ocrx_word' id='word_1_213' title='bbox 1971 1195 2082 1226; x_wconf 88' lang='lat' dir='ltr'>carnis</span> 
     </span>
     <span class='ocr_line' id='line_1_19' title="bbox 402 1249 2083 1297; baseline -0.001 -12"><span class='ocrx_word' id='word_1_214' title='bbox 402 1259 556 1286; x_wconf 88' lang='lat' dir='ltr'>naturam</span> <span class='ocrx_word' id='word_1_215' title='bbox 580 1252 772 1297; x_wconf 62' lang='lat' dir='ltr'>voluptates</span> <span class='ocrx_word' id='word_1_216' title='bbox 798 1253 953 1297; x_wconf 86' lang='lat' dir='ltr'>impurae</span> <span class='ocrx_word' id='word_1_217' title='bbox 971 1253 1199 1297; x_wconf 88' lang='lat' dir='ltr'>irrepserunt,</span> <span class='ocrx_word' id='word_1_218' title='bbox 1227 1250 1397 1296; x_wconf 90' lang='lat' dir='ltr'>simulque</span> <span class='ocrx_word' id='word_1_219' title='bbox 1422 1250 1523 1285; x_wconf 91' lang='lat' dir='ltr'>nobis</span> <span class='ocrx_word' id='word_1_220' title='bbox 1550 1262 1649 1285; x_wconf 86' lang='lat' dir='ltr'>saeva</span> <span class='ocrx_word' id='word_1_221' title='bbox 1674 1251 1728 1285; x_wconf 82' lang='lat' dir='ltr'>lex</span> <span class='ocrx_word' id='word_1_222' title='bbox 1746 1250 1983 1285; x_wconf 88' lang='lat' dir='ltr'>membrorum</span> <span class='ocrx_word' id='word_1_223' title='bbox 2007 1249 2083 1283; x_wconf 87' lang='lat' dir='ltr'>sub-</span> 
     </span>
     <span class='ocr_line' id='line_1_20' title="bbox 402 1306 2083 1355; baseline -0.001 -12"><span class='ocrx_word' id='word_1_224' title='bbox 402 1316 478 1343; x_wconf 89' lang='lat' dir='ltr'>nata</span> <span class='ocrx_word' id='word_1_225' title='bbox 498 1316 559 1343; x_wconf 83' lang='lat' dir='ltr'>est.</span> <span class='ocrx_word' id='word_1_226' title='bbox 589 1310 715 1343; x_wconf 88' lang='lat' dir='ltr'>Peccati</span> <span class='ocrx_word' id='word_1_227' title='bbox 737 1310 840 1355; x_wconf 76' lang='lat' dir='ltr'>igitur</span> <span class='ocrx_word' id='word_1_228' title='bbox 864 1308 1026 1343; x_wconf 90' lang='lat' dir='ltr'>morbum</span> <span class='ocrx_word' id='word_1_229' title='bbox 1049 1315 1170 1342; x_wconf 89' lang='lat' dir='ltr'>natura</span> <span class='ocrx_word' id='word_1_230' title='bbox 1195 1309 1364 1342; x_wconf 83' lang='lat' dir='ltr'>contraxit</span> <span class='ocrx_word' id='word_1_231' title='bbox 1382 1307 1429 1341; x_wconf 91' lang='lat' dir='ltr'>ob</span> <span class='ocrx_word' id='word_1_232' title='bbox 1448 1309 1568 1347; x_wconf 90' lang='lat' dir='ltr'>unius,</span> <span class='ocrx_word' id='word_1_233' title='bbox 1590 1308 1626 1342; x_wconf 87' lang='lat' dir='ltr'>id</span> <span class='ocrx_word' id='word_1_234' title='bbox 1651 1315 1701 1342; x_wconf 87' lang='lat' dir='ltr'>est</span> <span class='ocrx_word' id='word_1_235' title='bbox 1722 1308 1862 1347; x_wconf 88' lang='lat' dir='ltr'>Adami,</span> <span class='ocrx_word' id='word_1_236' title='bbox 1884 1306 2083 1342; x_wconf 87' lang='lat' dir='ltr'>inobedien-</span> 
     </span>
     <span class='ocr_line' id='line_1_21' title="bbox 403 1365 2083 1413; baseline -0.001 -14"><span class='ocrx_word' id='word_1_237' title='bbox 403 1367 498 1400; x_wconf 74' lang='lat' dir='ltr'>tiam:</span> <span class='ocrx_word' id='word_1_238' title='bbox 527 1373 628 1412; x_wconf 88' lang='lat' dir='ltr'>atque</span> <span class='ocrx_word' id='word_1_239' title='bbox 647 1367 691 1400; x_wconf 87' lang='lat' dir='ltr'>ita</span> <span class='ocrx_word' id='word_1_240' title='bbox 716 1373 910 1413; x_wconf 84' lang='lat' dir='ltr'>peccatores</span> <span class='ocrx_word' id='word_1_241' title='bbox 927 1366 1101 1400; x_wconf 87' lang='lat' dir='ltr'>constituti</span> <span class='ocrx_word' id='word_1_242' title='bbox 1121 1371 1200 1399; x_wconf 91' lang='lat' dir='ltr'>sunt</span> <span class='ocrx_word' id='word_1_243' title='bbox 1224 1365 1344 1403; x_wconf 89' lang='lat' dir='ltr'>multi;</span> <span class='ocrx_word' id='word_1_244' title='bbox 1372 1376 1442 1399; x_wconf 91' lang='lat' dir='ltr'>non</span> <span class='ocrx_word' id='word_1_245' title='bbox 1468 1365 1565 1410; x_wconf 88' lang='lat' dir='ltr'>quod</span> <span class='ocrx_word' id='word_1_246' title='bbox 1583 1377 1663 1400; x_wconf 85' lang='lat' dir='ltr'>cum</span> <span class='ocrx_word' id='word_1_247' title='bbox 1681 1366 1815 1400; x_wconf 87' lang='lat' dir='ltr'>Adamo</span> <span class='ocrx_word' id='word_1_248' title='bbox 1839 1365 1939 1399; x_wconf 89' lang='lat' dir='ltr'>simul</span> <span class='ocrx_word' id='word_1_249' title='bbox 1966 1375 2083 1410; x_wconf 85' lang='lat' dir='ltr'>pecca-</span> 
     </span>
     <span class='ocr_line' id='line_1_22' title="bbox 403 1422 2083 1470; baseline -0.002 -12"><span class='ocrx_word' id='word_1_250' title='bbox 403 1426 529 1461; x_wconf 68' lang='lat' dir='ltr'>xerint,</span> <span class='ocrx_word' id='word_1_251' title='bbox 557 1425 615 1470; x_wconf 93' lang='lat' dir='ltr'>qui</span> <span class='ocrx_word' id='word_1_252' title='bbox 638 1424 724 1458; x_wconf 90' lang='lat' dir='ltr'>nulli</span> <span class='ocrx_word' id='word_1_253' title='bbox 747 1435 888 1470; x_wconf 87' lang='lat' dir='ltr'>prorsus</span> <span class='ocrx_word' id='word_1_254' title='bbox 907 1430 1020 1461; x_wconf 86' lang='lat' dir='ltr'>erant,</span> <span class='ocrx_word' id='word_1_255' title='bbox 1049 1423 1107 1457; x_wconf 91' lang='lat' dir='ltr'>sed</span> <span class='ocrx_word' id='word_1_256' title='bbox 1127 1423 1206 1468; x_wconf 89' lang='lat' dir='ltr'>quia</span> <span class='ocrx_word' id='word_1_257' title='bbox 1226 1422 1377 1456; x_wconf 90' lang='lat' dir='ltr'>eiusdem</span> <span class='ocrx_word' id='word_1_258' title='bbox 1405 1429 1505 1468; x_wconf 86' lang='lat' dir='ltr'>atque</span> <span class='ocrx_word' id='word_1_259' title='bbox 1529 1422 1684 1458; x_wconf 84' lang='lat' dir='ltr'>Adamus</span> <span class='ocrx_word' id='word_1_260' title='bbox 1706 1429 1848 1457; x_wconf 86' lang='lat' dir='ltr'>naturae</span> <span class='ocrx_word' id='word_1_261' title='bbox 1872 1428 1967 1461; x_wconf 82' lang='lat' dir='ltr'>sunt,</span> <span class='ocrx_word' id='word_1_262' title='bbox 1995 1433 2083 1467; x_wconf 89' lang='lat' dir='ltr'>quae</span> 
     </span>
     <span class='ocr_line' id='line_1_23' title="bbox 403 1478 2081 1527; baseline -0.002 -12"><span class='ocrx_word' id='word_1_263' title='bbox 403 1480 467 1514; x_wconf 89' lang='lat' dir='ltr'>sub</span> <span class='ocrx_word' id='word_1_264' title='bbox 485 1482 610 1526; x_wconf 82' lang='lat' dir='ltr'>pcccati</span> <span class='ocrx_word' id='word_1_265' title='bbox 630 1481 739 1526; x_wconf 81' lang='lat' dir='ltr'>legem</span> <span class='ocrx_word' id='word_1_266' title='bbox 759 1481 878 1515; x_wconf 90' lang='lat' dir='ltr'>cecidit</span> <span class='ocrx_word' id='word_1_267' title='bbox 895 1481 955 1527; x_wconf 78' lang='lat'>(2).</span> <span class='ocrx_word' id='word_1_268' title='bbox 975 1481 1066 1515; x_wconf 88' lang='lat' dir='ltr'>Sicut</span> <span class='ocrx_word' id='word_1_269' title='bbox 1085 1481 1189 1525; x_wconf 85' lang='lat' dir='ltr'>igitur</span> <span class='ocrx_word' id='word_1_270' title='bbox 1207 1480 1356 1513; x_wconf 86' lang='lat' dir='ltr'>humana</span> <span class='ocrx_word' id='word_1_271' title='bbox 1373 1480 1407 1513; x_wconf 91' lang='lat' dir='ltr'>in</span> <span class='ocrx_word' id='word_1_272' title='bbox 1425 1479 1560 1513; x_wconf 85' lang='lat' dir='ltr'>Adamo</span> <span class='ocrx_word' id='word_1_273' title='bbox 1577 1486 1716 1518; x_wconf 80' lang='lat' dir='ltr'>natura,</span> <span class='ocrx_word' id='word_1_274' title='bbox 1734 1479 1780 1513; x_wconf 91' lang='lat' dir='ltr'>ob</span> <span class='ocrx_word' id='word_1_275' title='bbox 1797 1478 2081 1517; x_wconf 80' lang='lat' dir='ltr'>inobedientiam,</span> 
     </span>
     <span class='ocr_line' id='line_1_24' title="bbox 403 1536 2083 1584; baseline -0.001 -13"><span class='ocrx_word' id='word_1_276' title='bbox 403 1539 630 1584; x_wconf 84' lang='lat' dir='ltr'>corruptionis</span> <span class='ocrx_word' id='word_1_277' title='bbox 654 1538 889 1572; x_wconf 85' lang='lat' dir='ltr'>infirmitatem</span> <span class='ocrx_word' id='word_1_278' title='bbox 916 1545 1014 1572; x_wconf 88' lang='lat' dir='ltr'>nacta</span> <span class='ocrx_word' id='word_1_279' title='bbox 1042 1544 1112 1575; x_wconf 81' lang='lat' dir='ltr'>est,</span> <span class='ocrx_word' id='word_1_280' title='bbox 1140 1543 1174 1571; x_wconf 91' lang='lat' dir='ltr'>et</span> <span class='ocrx_word' id='word_1_281' title='bbox 1202 1538 1372 1583; x_wconf 88' lang='lat' dir='ltr'>passiones</span> <span class='ocrx_word' id='word_1_282' title='bbox 1398 1548 1474 1570; x_wconf 88' lang='lat' dir='ltr'>cam</span> <span class='ocrx_word' id='word_1_283' title='bbox 1499 1537 1720 1575; x_wconf 86' lang='lat' dir='ltr'>invaserunt,</span> <span class='ocrx_word' id='word_1_284' title='bbox 1748 1538 1795 1570; x_wconf 86' lang='lat' dir='ltr'>sie</span> <span class='ocrx_word' id='word_1_285' title='bbox 1820 1536 1939 1570; x_wconf 88' lang='lat' dir='ltr'>eadem</span> <span class='ocrx_word' id='word_1_286' title='bbox 1966 1542 2083 1581; x_wconf 83' lang='lat' dir='ltr'>postea</span> 
     </span>
     <span class='ocr_line' id='line_1_25' title="bbox 405 1593 2080 1641; baseline -0.002 -12"><span class='ocrx_word' id='word_1_287' title='bbox 405 1607 465 1641; x_wconf 86' lang='lat' dir='ltr'>per</span> <span class='ocrx_word' id='word_1_288' title='bbox 488 1596 659 1630; x_wconf 82' lang='lat' dir='ltr'>Christum</span> <span class='ocrx_word' id='word_1_289' title='bbox 685 1595 827 1630; x_wconf 87' lang='lat' dir='ltr'>liberata</span> <span class='ocrx_word' id='word_1_290' title='bbox 853 1602 922 1634; x_wconf 85' lang='lat' dir='ltr'>est,</span> <span class='ocrx_word' id='word_1_291' title='bbox 949 1596 1007 1641; x_wconf 88' lang='lat' dir='ltr'>qui</span> <span class='ocrx_word' id='word_1_292' title='bbox 1032 1594 1196 1629; x_wconf 88' lang='lat' dir='ltr'>obediens</span> <span class='ocrx_word' id='word_1_293' title='bbox 1220 1595 1291 1627; x_wconf 90' lang='lat' dir='ltr'>Deo</span> <span class='ocrx_word' id='word_1_294' title='bbox 1316 1594 1403 1639; x_wconf 90' lang='lat' dir='ltr'>patri</span> <span class='ocrx_word' id='word_1_295' title='bbox 1432 1593 1512 1633; x_wconf 84' lang='lat' dir='ltr'>fuit,</span> <span class='ocrx_word' id='word_1_296' title='bbox 1541 1600 1574 1627; x_wconf 87' lang='lat' dir='ltr'>et</span> <span class='ocrx_word' id='word_1_297' title='bbox 1600 1600 1776 1639; x_wconf 89' lang='lat' dir='ltr'>peccatum</span> <span class='ocrx_word' id='word_1_298' title='bbox 1801 1605 1872 1628; x_wconf 91' lang='lat' dir='ltr'>non</span> <span class='ocrx_word' id='word_1_299' title='bbox 1898 1593 2080 1626; x_wconf 87' lang='lat' dir='ltr'>commisit.</span> 
     </span>
     <span class='ocr_line' id='line_1_26' title="bbox 220 1658 1658 1688; baseline -0.005 0"><span class='ocrx_word' id='word_1_300' title='bbox 220 1668 275 1688; x_wconf 53' lang='grc' dir='ltr'>(ΑΡ.</span> <span class='ocrx_word' id='word_1_301' title='bbox 291 1667 317 1687; x_wconf 72' lang='lat' dir='ltr'>V.</span> <span class='ocrx_word' id='word_1_302' title='bbox 334 1672 365 1688; x_wconf 81' lang='lat'><strong>·.=¹·.</strong></span> <span class='ocrx_word' id='word_1_303' title='bbox 828 1661 890 1684; x_wconf 74' lang='lat' dir='ltr'>Lex</span> <span class='ocrx_word' id='word_1_304' title='bbox 908 1663 1012 1683; x_wconf 76' lang='lat' dir='ltr'>nutem</span> <span class='ocrx_word' id='word_1_305' title='bbox 1028 1660 1238 1687; x_wconf 72' lang='lat' dir='ltr'>subintravit,</span> <span class='ocrx_word' id='word_1_306' title='bbox 1254 1661 1289 1681; x_wconf 68' lang='lat' dir='ltr'>ut</span> <span class='ocrx_word' id='word_1_307' title='bbox 1305 1659 1480 1681; x_wconf 75' lang='lat' dir='ltr'>abundaret</span> <span class='ocrx_word' id='word_1_308' title='bbox 1497 1658 1658 1682; x_wconf 68' lang='lat' dir='ltr'>delictum.</span> 
     </span>
    </p>

    <p class='ocr_par' dir='ltr' id='par_1_7' title="bbox 404 1707 2086 2097">
     <span class='ocr_line' id='line_1_27' title="bbox 500 1707 2084 1756; baseline -0.002 -13"><span class='ocrx_word' id='word_1_309' title='bbox 500 1712 654 1745; x_wconf 86' lang='lat' dir='ltr'>Fortasse</span> <span class='ocrx_word' id='word_1_310' title='bbox 673 1711 810 1756; x_wconf 85' lang='lat' dir='ltr'>aliquis,</span> <span class='ocrx_word' id='word_1_311' title='bbox 835 1710 1008 1744; x_wconf 63' lang='lat' dir='ltr'>verisimili</span> <span class='ocrx_word' id='word_1_312' title='bbox 1028 1709 1134 1743; x_wconf 90' lang='lat' dir='ltr'>modo</span> <span class='ocrx_word' id='word_1_313' title='bbox 1157 1707 1434 1745; x_wconf 85' lang='lat' dir='ltr'>ratiocinabitur,</span> <span class='ocrx_word' id='word_1_314' title='bbox 1457 1708 1502 1741; x_wconf 88' lang='lat' dir='ltr'>ita</span> <span class='ocrx_word' id='word_1_315' title='bbox 1527 1707 1664 1742; x_wconf 87' lang='lat' dir='ltr'>dicens:</span> <span class='ocrx_word' id='word_1_316' title='bbox 1686 1715 1786 1754; x_wconf 79' lang='lat' dir='ltr'>typus</span> <span class='ocrx_word' id='word_1_317' title='bbox 1807 1708 1914 1742; x_wconf 88' lang='lat' dir='ltr'>futuri</span> <span class='ocrx_word' id='word_1_318' title='bbox 1932 1707 2084 1741; x_wconf 88' lang='lat' dir='ltr'>Adamus</span> 
     </span>
     <span class='ocr_line' id='line_1_28' title="bbox 404 1765 2084 1814; baseline -0.002 -13"><span class='ocrx_word' id='word_1_319' title='bbox 404 1775 493 1806; x_wconf 81' lang='lat' dir='ltr'>erat;</span> <span class='ocrx_word' id='word_1_320' title='bbox 515 1775 615 1814; x_wconf 89' lang='lat' dir='ltr'>atque</span> <span class='ocrx_word' id='word_1_321' title='bbox 640 1775 678 1803; x_wconf 94' lang='lat' dir='ltr'>ut</span> <span class='ocrx_word' id='word_1_322' title='bbox 699 1769 734 1802; x_wconf 93' lang='lat' dir='ltr'>in</span> <span class='ocrx_word' id='word_1_323' title='bbox 753 1768 815 1802; x_wconf 89' lang='lat' dir='ltr'>illo</span> <span class='ocrx_word' id='word_1_324' title='bbox 838 1768 884 1802; x_wconf 93' lang='lat' dir='ltr'>ob</span> <span class='ocrx_word' id='word_1_325' title='bbox 910 1767 1211 1813; x_wconf 83' lang='lat' dir='ltr'>transgressionem</span> <span class='ocrx_word' id='word_1_326' title='bbox 1237 1772 1431 1812; x_wconf 83' lang='lat' dir='ltr'>peccatores</span> <span class='ocrx_word' id='word_1_327' title='bbox 1454 1765 1563 1799; x_wconf 79' lang='lat' dir='ltr'>effecti</span> <span class='ocrx_word' id='word_1_328' title='bbox 1588 1777 1722 1803; x_wconf 85' lang='lat' dir='ltr'>sumus,</span> <span class='ocrx_word' id='word_1_329' title='bbox 1748 1766 1792 1799; x_wconf 86' lang='lat' dir='ltr'>ita</span> <span class='ocrx_word' id='word_1_330' title='bbox 1818 1767 1853 1798; x_wconf 89' lang='lat' dir='ltr'>in</span> <span class='ocrx_word' id='word_1_331' title='bbox 1870 1765 2004 1799; x_wconf 89' lang='lat' dir='ltr'>Christo</span> <span class='ocrx_word' id='word_1_332' title='bbox 2022 1776 2084 1810; x_wconf 89' lang='lat' dir='ltr'>per</span> 
     </span>
     <span class='ocr_line' id='line_1_29' title="bbox 405 1821 2083 1870; baseline -0.002 -11"><span class='ocrx_word' id='word_1_333' title='bbox 405 1826 475 1859; x_wconf 86' lang='lat' dir='ltr'>eius</span> <span class='ocrx_word' id='word_1_334' title='bbox 501 1826 731 1859; x_wconf 83' lang='lat' dir='ltr'>obedientiam</span> <span class='ocrx_word' id='word_1_335' title='bbox 757 1826 833 1859; x_wconf 89' lang='lat' dir='ltr'>iusti</span> <span class='ocrx_word' id='word_1_336' title='bbox 856 1826 1035 1859; x_wconf 86' lang='lat' dir='ltr'>evasimus.</span> <span class='ocrx_word' id='word_1_337' title='bbox 1064 1824 1225 1870; x_wconf 89' lang='lat' dir='ltr'>Oportuit</span> <span class='ocrx_word' id='word_1_338' title='bbox 1247 1824 1350 1868; x_wconf 84' lang='lat' dir='ltr'>igitur</span> <span class='ocrx_word' id='word_1_339' title='bbox 1369 1829 1424 1860; x_wconf 91' lang='lat' dir='ltr'>ut,</span> <span class='ocrx_word' id='word_1_340' title='bbox 1446 1823 1580 1856; x_wconf 84' lang='lat' dir='ltr'>nemine</span> <span class='ocrx_word' id='word_1_341' title='bbox 1602 1823 1796 1861; x_wconf 83' lang='lat' dir='ltr'>interiecto,</span> <span class='ocrx_word' id='word_1_342' title='bbox 1819 1823 1941 1856; x_wconf 88' lang='lat' dir='ltr'>Christi</span> <span class='ocrx_word' id='word_1_343' title='bbox 1963 1821 2083 1855; x_wconf 84' lang='lat' dir='ltr'>iustifi-</span> 
     </span>
     <span class='ocr_line' id='line_1_30' title="bbox 405 1879 2083 1928; baseline -0.002 -12"><span class='ocrx_word' id='word_1_344' title='bbox 405 1884 492 1916; x_wconf 90' lang='lat' dir='ltr'>catio</span> <span class='ocrx_word' id='word_1_345' title='bbox 511 1884 549 1915; x_wconf 91' lang='lat' dir='ltr'>iis</span> <span class='ocrx_word' id='word_1_346' title='bbox 567 1884 625 1928; x_wconf 90' lang='lat' dir='ltr'>qui</span> <span class='ocrx_word' id='word_1_347' title='bbox 647 1889 743 1916; x_wconf 86' lang='lat' dir='ltr'>erant</span> <span class='ocrx_word' id='word_1_348' title='bbox 763 1883 796 1915; x_wconf 92' lang='lat' dir='ltr'>in</span> <span class='ocrx_word' id='word_1_349' title='bbox 819 1882 950 1916; x_wconf 90' lang='lat' dir='ltr'>mundo</span> <span class='ocrx_word' id='word_1_350' title='bbox 970 1882 1193 1915; x_wconf 88' lang='lat' dir='ltr'>illucesceret.</span> <span class='ocrx_word' id='word_1_351' title='bbox 1217 1880 1392 1920; x_wconf 88' lang='lat' dir='ltr'>Quaenam</span> <span class='ocrx_word' id='word_1_352' title='bbox 1410 1891 1493 1925; x_wconf 76' lang='lat' dir='ltr'>ergo</span> <span class='ocrx_word' id='word_1_353' title='bbox 1513 1879 1576 1913; x_wconf 89' lang='lat' dir='ltr'>fuit</span> <span class='ocrx_word' id='word_1_354' title='bbox 1596 1880 1722 1913; x_wconf 86' lang='lat' dir='ltr'>utilitas</span> <span class='ocrx_word' id='word_1_355' title='bbox 1741 1880 1905 1912; x_wconf 86' lang='lat' dir='ltr'>mosaicae</span> <span class='ocrx_word' id='word_1_356' title='bbox 1924 1879 2007 1924; x_wconf 83' lang='lat' dir='ltr'>legis</span> <span class='ocrx_word' id='word_1_357' title='bbox 2027 1885 2083 1913; x_wconf 87' lang='lat' dir='ltr'>aut</span> 
     </span>
     <span class='ocr_line' id='line_1_31' title="bbox 407 1935 2086 1982; baseline -0.002 -9"><span class='ocrx_word' id='word_1_358' title='bbox 407 1940 605 1973; x_wconf 78' lang='lat' dir='ltr'>necessitas?</span> <span class='ocrx_word' id='word_1_359' title='bbox 624 1939 677 1972; x_wconf 78' lang='lat' dir='ltr'>Ad</span> <span class='ocrx_word' id='word_1_360' title='bbox 694 1940 776 1973; x_wconf 88' lang='lat' dir='ltr'>haec</span> <span class='ocrx_word' id='word_1_361' title='bbox 798 1951 915 1973; x_wconf 88' lang='lat' dir='ltr'>rursus</span> <span class='ocrx_word' id='word_1_362' title='bbox 940 1939 1040 1972; x_wconf 86' lang='lat' dir='ltr'>divus</span> <span class='ocrx_word' id='word_1_363' title='bbox 1060 1938 1182 1971; x_wconf 88' lang='lat' dir='ltr'>Paulus</span> <span class='ocrx_word' id='word_1_364' title='bbox 1208 1937 1312 1970; x_wconf 58' lang='lat' dir='ltr'>veluti</span> <span class='ocrx_word' id='word_1_365' title='bbox 1334 1948 1374 1970; x_wconf 84' lang='lat' dir='ltr'>ex</span> <span class='ocrx_word' id='word_1_366' title='bbox 1393 1937 1451 1970; x_wconf 65' lang='lat' dir='ltr'>adi</span> <span class='ocrx_word' id='word_1_367' title='bbox 1460 1948 1536 1970; x_wconf 88' lang='lat' dir='ltr'>erso</span> <span class='ocrx_word' id='word_1_368' title='bbox 1560 1948 1787 1982; x_wconf 81' lang='lat' dir='ltr'>consurgens,</span> <span class='ocrx_word' id='word_1_369' title='bbox 1810 1937 1870 1970; x_wconf 87' lang='lat' dir='ltr'>ait:</span> <span class='ocrx_word' id='word_1_370' title='bbox 1893 1936 1947 1969; x_wconf 80' lang='lat' dir='ltr'>lex</span> <span class='ocrx_word' id='word_1_371' title='bbox 1966 1935 2086 1969; x_wconf 88' lang='lat' dir='ltr'>subin-</span> 
     </span>
     <span class='ocr_line' id='line_1_32' title="bbox 407 1993 2084 2043; baseline -0.002 -13"><span class='ocrx_word' id='word_1_372' title='bbox 407 1998 523 2034; x_wconf 83' lang='lat' dir='ltr'>travit,</span> <span class='ocrx_word' id='word_1_373' title='bbox 545 2004 582 2031; x_wconf 91' lang='lat' dir='ltr'>ut</span> <span class='ocrx_word' id='word_1_374' title='bbox 609 2004 782 2043; x_wconf 85' lang='lat' dir='ltr'>peccatum</span> <span class='ocrx_word' id='word_1_375' title='bbox 809 1996 1010 2031; x_wconf 85' lang='lat' dir='ltr'>abundaret.</span> <span class='ocrx_word' id='word_1_376' title='bbox 1040 1995 1249 2029; x_wconf 67' lang='lat' dir='ltr'>subintravit</span> <span class='ocrx_word' id='word_1_377' title='bbox 1273 1994 1374 2032; x_wconf 81' lang='lat' dir='ltr'>dixit,</span> <span class='ocrx_word' id='word_1_378' title='bbox 1403 2006 1467 2040; x_wconf 90' lang='lat' dir='ltr'>pro</span> <span class='ocrx_word' id='word_1_379' title='bbox 1494 2000 1600 2027; x_wconf 86' lang='lat' dir='ltr'>semet</span> <span class='ocrx_word' id='word_1_380' title='bbox 1624 1994 1829 2039; x_wconf 82' lang='lat' dir='ltr'>interposuit</span> <span class='ocrx_word' id='word_1_381' title='bbox 1851 1994 1940 2026; x_wconf 89' lang='lat' dir='ltr'>inter</span> <span class='ocrx_word' id='word_1_382' title='bbox 1962 1993 2084 2026; x_wconf 87' lang='lat' dir='ltr'>Adami</span> 
     </span>
     <span class='ocr_line' id='line_1_33' title="bbox 407 2051 2085 2097; baseline -0.002 -10"><span class='ocrx_word' id='word_1_383' title='bbox 407 2054 679 2093; x_wconf 79' lang='lat' dir='ltr'>damnationem,</span> <span class='ocrx_word' id='word_1_384' title='bbox 698 2061 730 2088; x_wconf 86' lang='lat' dir='ltr'>et</span> <span class='ocrx_word' id='word_1_385' title='bbox 748 2055 907 2088; x_wconf 88' lang='lat' dir='ltr'>iustitiam</span> <span class='ocrx_word' id='word_1_386' title='bbox 926 2053 1060 2087; x_wconf 87' lang='lat' dir='ltr'>Christi.</span> <span class='ocrx_word' id='word_1_387' title='bbox 1082 2053 1227 2093; x_wconf 86' lang='lat' dir='ltr'>Quinam</span> <span class='ocrx_word' id='word_1_388' title='bbox 1247 2064 1330 2086; x_wconf 67' lang='lat' dir='ltr'>vero</span> <span class='ocrx_word' id='word_1_389' title='bbox 1353 2051 1454 2086; x_wconf 81' lang='lat' dir='ltr'>fuerit</span> <span class='ocrx_word' id='word_1_390' title='bbox 1477 2052 1532 2085; x_wconf 90' lang='lat' dir='ltr'>hic</span> <span class='ocrx_word' id='word_1_391' title='bbox 1550 2052 1770 2097; x_wconf 85' lang='lat' dir='ltr'>interpositae</span> <span class='ocrx_word' id='word_1_392' title='bbox 1788 2051 1871 2096; x_wconf 84' lang='lat' dir='ltr'>legis</span> <span class='ocrx_word' id='word_1_393' title='bbox 1891 2062 1991 2090; x_wconf 88' lang='lat' dir='ltr'>usus,</span> <span class='ocrx_word' id='word_1_394' title='bbox 2011 2061 2085 2084; x_wconf 91' lang='lat' dir='ltr'>ma-</span> 
     </span>
    </p>

    <p class='ocr_par' dir='ltr' id='par_1_8' title="bbox 246 2107 2084 2215">
     <span class='ocr_line' id='line_1_34' title="bbox 246 2107 2083 2158; baseline -0.001 -16"><span class='ocrx_word' id='word_1_395' title='bbox 246 2126 319 2149; x_wconf 51' lang='lat' dir='ltr'>mp.</span> <span class='ocrx_word' id='word_1_396' title='bbox 339 2127 368 2144; x_wconf 59' lang='grc' dir='ltr'>ιιι.</span> <span class='ocrx_word' id='word_1_397' title='bbox 409 2112 526 2145; x_wconf 89' lang='lat' dir='ltr'>nifestc</span> <span class='ocrx_word' id='word_1_398' title='bbox 552 2112 664 2158; x_wconf 90' lang='lat' dir='ltr'>ipsum</span> <span class='ocrx_word' id='word_1_399' title='bbox 690 2112 856 2146; x_wconf 88' lang='lat' dir='ltr'>dicentem</span> <span class='ocrx_word' id='word_1_400' title='bbox 883 2111 1079 2147; x_wconf 83' lang='lat' dir='ltr'>audiemus:</span> <span class='ocrx_word' id='word_1_401' title='bbox 1108 2121 1230 2155; x_wconf 88' lang='lat' dir='ltr'>nempe</span> <span class='ocrx_word' id='word_1_402' title='bbox 1257 2116 1292 2143; x_wconf 91' lang='lat' dir='ltr'>ut</span> <span class='ocrx_word' id='word_1_403' title='bbox 1321 2115 1497 2155; x_wconf 85' lang='lat' dir='ltr'>peccatum</span> <span class='ocrx_word' id='word_1_404' title='bbox 1524 2109 1726 2143; x_wconf 87' lang='lat' dir='ltr'>abundaret.</span> <span class='ocrx_word' id='word_1_405' title='bbox 1755 2108 1844 2149; x_wconf 88' lang='lat' dir='ltr'>Quid</span> <span class='ocrx_word' id='word_1_406' title='bbox 1871 2109 1935 2147; x_wconf 87' lang='lat' dir='ltr'>ais,</span> <span class='ocrx_word' id='word_1_407' title='bbox 1959 2107 2083 2142; x_wconf 74' lang='lat' dir='ltr'>Paule?</span> 
     </span>
     <span class='ocr_line' id='line_1_35' title="bbox 407 2165 2084 2215; baseline -0.002 -13"><span class='ocrx_word' id='word_1_408' title='bbox 407 2170 540 2215; x_wconf 81' lang='lat' dir='ltr'>Ergone</span> <span class='ocrx_word' id='word_1_409' title='bbox 560 2171 684 2215; x_wconf 88' lang='lat' dir='ltr'>peccati</span> <span class='ocrx_word' id='word_1_410' title='bbox 705 2170 913 2203; x_wconf 82' lang='lat' dir='ltr'>conciliatrix</span> <span class='ocrx_word' id='word_1_411' title='bbox 934 2169 987 2202; x_wconf 79' lang='lat' dir='ltr'>lcx</span> <span class='ocrx_word' id='word_1_412' title='bbox 1006 2175 1054 2201; x_wconf 87' lang='lat' dir='ltr'>cst</span> <span class='ocrx_word' id='word_1_413' title='bbox 1067 2195 1074 2207; x_wconf 85' lang='lat'>,</span> <span class='ocrx_word' id='word_1_414' title='bbox 1092 2169 1231 2213; x_wconf 84' lang='lat' dir='ltr'>eiusque</span> <span class='ocrx_word' id='word_1_415' title='bbox 1250 2178 1348 2200; x_wconf 89' lang='lat' dir='ltr'>causa</span> <span class='ocrx_word' id='word_1_416' title='bbox 1366 2173 1542 2213; x_wconf 87' lang='lat' dir='ltr'>peccatum</span> <span class='ocrx_word' id='word_1_417' title='bbox 1559 2167 1828 2213; x_wconf 77' lang='lat' dir='ltr'>multiplicatur?</span> <span class='ocrx_word' id='word_1_418' title='bbox 1843 2165 1952 2200; x_wconf 85' lang='lat' dir='ltr'>Absit.</span> <span class='ocrx_word' id='word_1_419' title='bbox 1973 2166 2084 2211; x_wconf 88' lang='lat' dir='ltr'>Opor-</span> 
     </span>
    </p>

    <p class='ocr_par' dir='ltr' id='par_1_9' title="bbox 202 2222 2085 2327">
     <span class='ocr_line' id='line_1_36' title="bbox 202 2222 2085 2271; baseline -0.003 -11"><span class='ocrx_word' id='word_1_420' title='bbox 202 2243 207 2246; x_wconf 96' lang='lat'>·</span> <span class='ocrx_word' id='word_1_421' title='bbox 226 2239 259 2259; x_wconf 66' lang='lat' dir='ltr'>rsv</span> <span class='ocrx_word' id='word_1_422' title='bbox 275 2238 334 2260; x_wconf 77' lang='lat' dir='ltr'>xiii.</span> <span class='ocrx_word' id='word_1_423' title='bbox 350 2243 368 2259; x_wconf 67' lang='grc' dir='ltr'>ιι.</span> <span class='ocrx_word' id='word_1_424' title='bbox 410 2233 455 2260; x_wconf 89' lang='lat' dir='ltr'>tet</span> <span class='ocrx_word' id='word_1_425' title='bbox 478 2227 580 2271; x_wconf 70' lang='lat' dir='ltr'>igitur</span> <span class='ocrx_word' id='word_1_426' title='bbox 603 2226 777 2259; x_wconf 86' lang='lat' dir='ltr'>doctrinae</span> <span class='ocrx_word' id='word_1_427' title='bbox 797 2227 897 2259; x_wconf 88' lang='lat' dir='ltr'>huius</span> <span class='ocrx_word' id='word_1_428' title='bbox 916 2226 1098 2271; x_wconf 77' lang='lat' dir='ltr'>explanare</span> <span class='ocrx_word' id='word_1_429' title='bbox 1124 2226 1303 2259; x_wconf 87' lang='lat' dir='ltr'>rationem.</span> <span class='ocrx_word' id='word_1_430' title='bbox 1332 2225 1468 2258; x_wconf 89' lang='lat' dir='ltr'>Dictum</span> <span class='ocrx_word' id='word_1_431' title='bbox 1488 2231 1535 2258; x_wconf 90' lang='lat' dir='ltr'>est</span> <span class='ocrx_word' id='word_1_432' title='bbox 1555 2236 1573 2258; x_wconf 91' lang='lat' dir='ltr'>a</span> <span class='ocrx_word' id='word_1_433' title='bbox 1596 2225 1660 2258; x_wconf 67' lang='lat' dir='ltr'>Dax</span> <span class='ocrx_word' id='word_1_434' title='bbox 1670 2224 1724 2257; x_wconf 85' lang='lat' dir='ltr'>ide</span> <span class='ocrx_word' id='word_1_435' title='bbox 1744 2224 1774 2256; x_wconf 69' lang='lat'>⁹:</span> <span class='ocrx_word' id='word_1_436' title='bbox 1802 2238 1817 2255; x_wconf 87' lang='lat'>«</span> <span class='ocrx_word' id='word_1_437' title='bbox 1843 2235 1962 2257; x_wconf 85' lang='lat' dir='ltr'>omnes</span> <span class='ocrx_word' id='word_1_438' title='bbox 1979 2222 2085 2256; x_wconf 89' lang='lat' dir='ltr'>decli-</span> 
     </span>
     <span class='ocr_line' id='line_1_37' title="bbox 407 2280 2080 2327; baseline -0.004 -10"><span class='ocrx_word' id='word_1_439' title='bbox 407 2290 591 2321; x_wconf 69' lang='lat' dir='ltr'>naverunt,</span> <span class='ocrx_word' id='word_1_440' title='bbox 620 2284 717 2317; x_wconf 91' lang='lat' dir='ltr'>simul</span> <span class='ocrx_word' id='word_1_441' title='bbox 741 2283 877 2317; x_wconf 81' lang='lat' dir='ltr'>inutiles</span> <span class='ocrx_word' id='word_1_442' title='bbox 902 2283 977 2316; x_wconf 85' lang='lat' dir='ltr'>facti</span> <span class='ocrx_word' id='word_1_443' title='bbox 1004 2289 1098 2318; x_wconf 78' lang='lat' dir='ltr'>sunt,</span> <span class='ocrx_word' id='word_1_444' title='bbox 1128 2294 1197 2316; x_wconf 93' lang='lat' dir='ltr'>non</span> <span class='ocrx_word' id='word_1_445' title='bbox 1225 2288 1295 2315; x_wconf 89' lang='lat' dir='ltr'>erat</span> <span class='ocrx_word' id='word_1_446' title='bbox 1321 2282 1381 2327; x_wconf 89' lang='lat' dir='ltr'>qui</span> <span class='ocrx_word' id='word_1_447' title='bbox 1404 2280 1535 2315; x_wconf 90' lang='lat' dir='ltr'>bonum</span> <span class='ocrx_word' id='word_1_448' title='bbox 1559 2287 1689 2327; x_wconf 81' lang='lat' dir='ltr'>ageret,</span> <span class='ocrx_word' id='word_1_449' title='bbox 1718 2293 1760 2314; x_wconf 92' lang='lat' dir='ltr'>ne</span> <span class='ocrx_word' id='word_1_450' title='bbox 1779 2292 1868 2314; x_wconf 89' lang='lat' dir='ltr'>unus</span> <span class='ocrx_word' id='word_1_451' title='bbox 1885 2280 2038 2326; x_wconf 89' lang='lat' dir='ltr'>quidem.</span> <span class='ocrx_word' id='word_1_452' title='bbox 2065 2293 2080 2311; x_wconf 94' lang='lat'>»</span> 
     </span>
    </p>
   </div>
   <div class='ocr_carea' id='block_1_3' title="bbox 185 794 349 841">
    <p class='ocr_par' dir='ltr' id='par_1_10' title="bbox 185 794 349 841">
     <span class='ocr_line' id='line_1_38' title="bbox 185 794 349 815; baseline 0 0"><span class='ocrx_word' id='word_1_453' title='bbox 185 799 188 801; x_wconf 58' lang='lat'><strong>⁴</strong></span> <span class='ocrx_word' id='word_1_454' title='bbox 205 796 259 815; x_wconf 60' lang='lat' dir='ltr'>lirul</span> <span class='ocrx_word' id='word_1_455' title='bbox 281 794 349 815; x_wconf 53' lang='lat' dir='ltr'>&gt;Ati</span> 
     </span>
     <span class='ocr_line' id='line_1_39' title="bbox 185 826 198 841; baseline 0 -4"><span class='ocrx_word' id='word_1_456' title='bbox 185 826 198 841; x_wconf 69' lang='grc'>[1</span> 
     </span>
    </p>
   </div>
   <div class='ocr_carea' id='block_1_4' title="bbox 406 2338 2084 2444">
    <p class='ocr_par' dir='ltr' id='par_1_11' title="bbox 406 2338 2084 2444">
     <span class='ocr_line' id='line_1_40' title="bbox 406 2338 2082 2387; baseline -0.002 -13"><span class='ocrx_word' id='word_1_457' title='bbox 406 2342 452 2375; x_wconf 78' lang='lat' dir='ltr'>lte</span> <span class='ocrx_word' id='word_1_458' title='bbox 478 2353 558 2375; x_wconf 83' lang='lat' dir='ltr'>sane</span> <span class='ocrx_word' id='word_1_459' title='bbox 583 2352 661 2374; x_wconf 83' lang='lat' dir='ltr'>vera</span> <span class='ocrx_word' id='word_1_460' title='bbox 689 2347 916 2387; x_wconf 83' lang='lat' dir='ltr'>corruperunt</span> <span class='ocrx_word' id='word_1_461' title='bbox 943 2341 1054 2374; x_wconf 90' lang='lat' dir='ltr'>cuncti</span> <span class='ocrx_word' id='word_1_462' title='bbox 1081 2341 1152 2373; x_wconf 65' lang='grc'>1135</span> <span class='ocrx_word' id='word_1_463' title='bbox 1177 2351 1252 2373; x_wconf 89' lang='lat' dir='ltr'>suas</span> <span class='ocrx_word' id='word_1_464' title='bbox 1278 2340 1313 2372; x_wconf 91' lang='lat' dir='ltr'>in</span> <span class='ocrx_word' id='word_1_465' title='bbox 1343 2339 1475 2373; x_wconf 88' lang='lat' dir='ltr'>mundo</span> <span class='ocrx_word' id='word_1_466' title='bbox 1502 2345 1579 2384; x_wconf 87' lang='lat' dir='ltr'>post</span> <span class='ocrx_word' id='word_1_467' title='bbox 1608 2339 1731 2372; x_wconf 81' lang='lat' dir='ltr'>Adami</span> <span class='ocrx_word' id='word_1_468' title='bbox 1760 2338 2082 2384; x_wconf 84' lang='lat' dir='ltr'>transgressionem:</span> 
     </span>
     <span class='ocr_line' id='line_1_41' title="bbox 407 2394 2084 2444; baseline -0.002 -13"><span class='ocrx_word' id='word_1_469' title='bbox 407 2399 552 2444; x_wconf 85' lang='lat' dir='ltr'>ideoque</span> <span class='ocrx_word' id='word_1_470' title='bbox 576 2399 685 2444; x_wconf 90' lang='lat' dir='ltr'>puniti</span> <span class='ocrx_word' id='word_1_471' title='bbox 711 2399 804 2432; x_wconf 87' lang='lat' dir='ltr'>suere</span> <span class='ocrx_word' id='word_1_472' title='bbox 830 2405 901 2431; x_wconf 90' lang='lat' dir='ltr'>tum</span> <span class='ocrx_word' id='word_1_473' title='bbox 921 2398 1094 2431; x_wconf 86' lang='lat' dir='ltr'>communi</span> <span class='ocrx_word' id='word_1_474' title='bbox 1119 2397 1238 2430; x_wconf 78' lang='lat' dir='ltr'>diluvii</span> <span class='ocrx_word' id='word_1_475' title='bbox 1267 2408 1396 2442; x_wconf 81' lang='lat' dir='ltr'>poena,</span> <span class='ocrx_word' id='word_1_476' title='bbox 1426 2402 1498 2430; x_wconf 87' lang='lat' dir='ltr'>tum</span> <span class='ocrx_word' id='word_1_477' title='bbox 1521 2397 1681 2442; x_wconf 65' lang='lat' dir='ltr'>privatim</span> <span class='ocrx_word' id='word_1_478' title='bbox 1702 2397 1803 2430; x_wconf 86' lang='lat' dir='ltr'>etiam</span> <span class='ocrx_word' id='word_1_479' title='bbox 1824 2407 1885 2442; x_wconf 88' lang='lat' dir='ltr'>per</span> <span class='ocrx_word' id='word_1_480' title='bbox 1906 2394 2084 2429; x_wconf 88' lang='lat' dir='ltr'>subsecuta</span> 
     </span>
    </p>
   </div>
   <div class='ocr_carea' id='block_1_5' title="bbox 409 2470 2082 2817">
    <p class='ocr_par' dir='ltr' id='par_1_12' title="bbox 505 2470 1518 2508">
     <span class='ocr_line' id='line_1_42' title="bbox 505 2470 1518 2508; baseline -0.001 -9"><span class='ocrx_word' id='word_1_481' title='bbox 505 2476 540 2505; x_wconf 81' lang='lat'>(1)</span> <span class='ocrx_word' id='word_1_482' title='bbox 559 2474 680 2500; x_wconf 84' lang='lat' dir='ltr'>Graecus</span> <span class='ocrx_word' id='word_1_483' title='bbox 699 2471 810 2508; x_wconf 88' lang='lat' dir='ltr'>quidem</span> <span class='ocrx_word' id='word_1_484' title='bbox 831 2475 919 2499; x_wconf 82' lang='lat' dir='ltr'>textus</span> <span class='ocrx_word' id='word_1_485' title='bbox 939 2470 1023 2498; x_wconf 85' lang='lat' dir='ltr'>habet</span> <span class='ocrx_word' id='word_1_486' title='bbox 1043 2483 1182 2505; x_wconf 42' lang='lat' dir='ltr'>‘&#39;swas-109</span> <span class='ocrx_word' id='word_1_487' title='bbox 1202 2470 1249 2498; x_wconf 87' lang='lat' dir='ltr'>sed</span> <span class='ocrx_word' id='word_1_488' title='bbox 1269 2471 1362 2498; x_wconf 83' lang='lat' dir='ltr'>malim</span> <span class='ocrx_word' id='word_1_489' title='bbox 1381 2473 1518 2506; x_wconf 59' lang='grc' dir='ltr'>γενόμενον.</span> 
     </span>
    </p>

    <p class='ocr_par' dir='ltr' id='par_1_13' title="bbox 409 2511 2082 2817">
     <span class='ocr_line' id='line_1_43' title="bbox 506 2511 2080 2552; baseline -0.004 -9"><span class='ocrx_word' id='word_1_490' title='bbox 506 2520 538 2549; x_wconf 69' lang='grc'>(2,</span> <span class='ocrx_word' id='word_1_491' title='bbox 560 2516 666 2544; x_wconf 86' lang='lat' dir='ltr'>Famosi</span> <span class='ocrx_word' id='word_1_492' title='bbox 687 2516 758 2552; x_wconf 86' lang='lat' dir='ltr'>apud</span> <span class='ocrx_word' id='word_1_493' title='bbox 778 2516 894 2543; x_wconf 81' lang='lat' dir='ltr'>Paulum</span> <span class='ocrx_word' id='word_1_494' title='bbox 915 2515 1004 2543; x_wconf 79' lang='lat' dir='ltr'>textiis</span> <span class='ocrx_word' id='word_1_495' title='bbox 1025 2524 1058 2543; x_wconf 86' lang='lat' dir='ltr'>en</span> <span class='ocrx_word' id='word_1_496' title='bbox 1076 2516 1170 2552; x_wconf 72' lang='lat' dir='ltr'>Cyrilli</span> <span class='ocrx_word' id='word_1_497' title='bbox 1189 2524 1296 2550; x_wconf 84' lang='lat' dir='ltr'>quoque</span> <span class='ocrx_word' id='word_1_498' title='bbox 1318 2515 1502 2544; x_wconf 83' lang='lat' dir='ltr'>nanciscimur</span> <span class='ocrx_word' id='word_1_499' title='bbox 1519 2517 1729 2552; x_wconf 80' lang='lat' dir='ltr'>expositionem,</span> <span class='ocrx_word' id='word_1_500' title='bbox 1749 2524 1831 2552; x_wconf 87' lang='lat' dir='ltr'>quam</span> <span class='ocrx_word' id='word_1_501' title='bbox 1849 2515 1971 2544; x_wconf 77' lang='lat' dir='ltr'>conferre</span> <span class='ocrx_word' id='word_1_502' title='bbox 1988 2511 2080 2540; x_wconf 83' lang='lat' dir='ltr'>licebit</span> 
     </span>
     <span class='ocr_line' id='line_1_44' title="bbox 410 2560 2079 2596; baseline -0.004 -9"><span class='ocrx_word' id='word_1_503' title='bbox 410 2562 564 2595; x_wconf 82' lang='lat' dir='ltr'>praesertim</span> <span class='ocrx_word' id='word_1_504' title='bbox 585 2570 646 2588; x_wconf 85' lang='lat' dir='ltr'>cuin</span> <span class='ocrx_word' id='word_1_505' title='bbox 665 2561 872 2596; x_wconf 69' lang='lat' dir='ltr'>Chrysostonw,</span> <span class='ocrx_word' id='word_1_506' title='bbox 894 2560 1064 2587; x_wconf 85' lang='lat' dir='ltr'>Theodoreto</span> <span class='ocrx_word' id='word_1_507' title='bbox 1083 2569 1113 2587; x_wconf 84' lang='lat' dir='ltr'>ae</span> <span class='ocrx_word' id='word_1_508' title='bbox 1136 2560 1350 2595; x_wconf 66' lang='lat' dir='ltr'>Theophylacto.</span> <span class='ocrx_word' id='word_1_509' title='bbox 1375 2562 1570 2588; x_wconf 71' lang='lat' dir='ltr'>Verumtamen</span> <span class='ocrx_word' id='word_1_510' title='bbox 1591 2561 1742 2588; x_wconf 80' lang='lat' dir='ltr'>cavendum</span> <span class='ocrx_word' id='word_1_511' title='bbox 1763 2561 1884 2596; x_wconf 82' lang='lat' dir='ltr'>apprime</span> <span class='ocrx_word' id='word_1_512' title='bbox 1905 2562 1960 2590; x_wconf 85' lang='lat' dir='ltr'>est,</span> <span class='ocrx_word' id='word_1_513' title='bbox 1979 2563 2013 2583; x_wconf 82' lang='lat' dir='ltr'>ne</span> <span class='ocrx_word' id='word_1_514' title='bbox 2034 2563 2079 2583; x_wconf 80' lang='lat' dir='ltr'>ve-</span> 
     </span>
     <span class='ocr_line' id='line_1_45' title="bbox 409 2600 2081 2640; baseline -0.004 -9"><span class='ocrx_word' id='word_1_515' title='bbox 409 2613 454 2631; x_wconf 86' lang='lat' dir='ltr'>rus</span> <span class='ocrx_word' id='word_1_516' title='bbox 474 2606 572 2639; x_wconf 72' lang='lat' dir='ltr'>pei-eati</span> <span class='ocrx_word' id='word_1_517' title='bbox 593 2605 735 2640; x_wconf 75' lang='lat' dir='ltr'>originalis</span> <span class='ocrx_word' id='word_1_518' title='bbox 755 2609 861 2638; x_wconf 87' lang='lat' dir='ltr'>reatus,</span> <span class='ocrx_word' id='word_1_519' title='bbox 875 2613 937 2631; x_wconf 86' lang='lat' dir='ltr'>cum</span> <span class='ocrx_word' id='word_1_520' title='bbox 958 2604 1079 2631; x_wconf 84' lang='lat' dir='ltr'>eiusdem</span> <span class='ocrx_word' id='word_1_521' title='bbox 1100 2612 1186 2639; x_wconf 85' lang='lat' dir='ltr'>poena</span> <span class='ocrx_word' id='word_1_522' title='bbox 1206 2608 1232 2630; x_wconf 82' lang='lat' dir='ltr'>et</span> <span class='ocrx_word' id='word_1_523' title='bbox 1250 2604 1392 2632; x_wconf 82' lang='lat' dir='ltr'>effectibus</span> <span class='ocrx_word' id='word_1_524' title='bbox 1412 2605 1612 2638; x_wconf 55' lang='lat' dir='ltr'>confundatum</span> <span class='ocrx_word' id='word_1_525' title='bbox 1627 2614 1658 2632; x_wconf 81' lang='lat' dir='ltr'>ac</span> <span class='ocrx_word' id='word_1_526' title='bbox 1672 2613 1706 2632; x_wconf 88' lang='lat' dir='ltr'>ne</span> <span class='ocrx_word' id='word_1_527' title='bbox 1723 2605 1751 2632; x_wconf 92' lang='lat' dir='ltr'>id</span> <span class='ocrx_word' id='word_1_528' title='bbox 1771 2608 1910 2640; x_wconf 83' lang='lat' dir='ltr'>peecatum</span> <span class='ocrx_word' id='word_1_529' title='bbox 1929 2600 2081 2628; x_wconf 85' lang='lat' dir='ltr'>imitatione</span> 
     </span>
     <span class='ocr_line' id='line_1_46' title="bbox 412 2645 2082 2685; baseline -0.002 -11"><span class='ocrx_word' id='word_1_530' title='bbox 412 2649 515 2682; x_wconf 66' lang='lat' dir='ltr'>potius,</span> <span class='ocrx_word' id='word_1_531' title='bbox 535 2658 616 2684; x_wconf 88' lang='lat' dir='ltr'>quam</span> <span class='ocrx_word' id='word_1_532' title='bbox 636 2646 844 2685; x_wconf 63' lang='lat' dir='ltr'>propagatione,</span> <span class='ocrx_word' id='word_1_533' title='bbox 865 2648 899 2675; x_wconf 88' lang='lat' dir='ltr'>ad</span> <span class='ocrx_word' id='word_1_534' title='bbox 919 2648 1017 2675; x_wconf 80' lang='lat' dir='ltr'>Adami</span> <span class='ocrx_word' id='word_1_535' title='bbox 1040 2649 1196 2683; x_wconf 68' lang='lat' dir='ltr'>progeniem</span> <span class='ocrx_word' id='word_1_536' title='bbox 1220 2648 1388 2675; x_wconf 81' lang='lat' dir='ltr'>transfusum</span> <span class='ocrx_word' id='word_1_537' title='bbox 1410 2648 1545 2676; x_wconf 81' lang='lat' dir='ltr'>credatur.</span> <span class='ocrx_word' id='word_1_538' title='bbox 1567 2650 1676 2676; x_wconf 85' lang='lat' dir='ltr'>Etenim</span> <span class='ocrx_word' id='word_1_539' title='bbox 1698 2648 1908 2684; x_wconf 80' lang='lat' dir='ltr'>pulcherrimam</span> <span class='ocrx_word' id='word_1_540' title='bbox 1930 2645 1981 2672; x_wconf 81' lang='lat' dir='ltr'>hac</span> <span class='ocrx_word' id='word_1_541' title='bbox 2002 2651 2082 2678; x_wconf 88' lang='lat' dir='ltr'>super</span> 
     </span>
     <span class='ocr_line' id='line_1_47' title="bbox 412 2688 2078 2728; baseline -0.001 -10"><span class='ocrx_word' id='word_1_542' title='bbox 412 2700 438 2718; x_wconf 84' lang='lat' dir='ltr'>re</span> <span class='ocrx_word' id='word_1_543' title='bbox 455 2700 508 2719; x_wconf 83' lang='lat' dir='ltr'>non</span> <span class='ocrx_word' id='word_1_544' title='bbox 532 2693 684 2720; x_wconf 75' lang='lat' dir='ltr'>doctrinam</span> <span class='ocrx_word' id='word_1_545' title='bbox 704 2693 895 2720; x_wconf 83' lang='lat' dir='ltr'>tantummodo</span> <span class='ocrx_word' id='word_1_546' title='bbox 914 2692 960 2720; x_wconf 85' lang='lat' dir='ltr'>sed</span> <span class='ocrx_word' id='word_1_547' title='bbox 980 2692 1169 2720; x_wconf 83' lang='lat' dir='ltr'>definitionem</span> <span class='ocrx_word' id='word_1_548' title='bbox 1189 2692 1321 2719; x_wconf 86' lang='lat' dir='ltr'>habemus</span> <span class='ocrx_word' id='word_1_549' title='bbox 1341 2693 1371 2720; x_wconf 88' lang='lat' dir='ltr'>in</span> <span class='ocrx_word' id='word_1_550' title='bbox 1389 2693 1543 2721; x_wconf 87' lang='lat' dir='ltr'>Tridentini</span> <span class='ocrx_word' id='word_1_551' title='bbox 1563 2695 1683 2721; x_wconf 85' lang='lat' dir='ltr'>sessione</span> <span class='ocrx_word' id='word_1_552' title='bbox 1699 2694 1805 2728; x_wconf 85' lang='lat' dir='ltr'>quinta.</span> <span class='ocrx_word' id='word_1_553' title='bbox 1826 2692 1908 2718; x_wconf 85' lang='lat' dir='ltr'>Porro</span> <span class='ocrx_word' id='word_1_554' title='bbox 1928 2692 1954 2715; x_wconf 87' lang='lat' dir='ltr'>et</span> <span class='ocrx_word' id='word_1_555' title='bbox 1972 2688 2078 2723; x_wconf 88' lang='lat' dir='ltr'>antiqui</span> 
     </span>
     <span class='ocr_line' id='line_1_48' title="bbox 413 2733 2078 2772; baseline -0.001 -12"><span class='ocrx_word' id='word_1_556' title='bbox 413 2739 514 2769; x_wconf 64' lang='lat' dir='ltr'>patres,</span> <span class='ocrx_word' id='word_1_557' title='bbox 535 2738 666 2771; x_wconf 83' lang='lat' dir='ltr'>sapientia</span> <span class='ocrx_word' id='word_1_558' title='bbox 690 2742 716 2764; x_wconf 85' lang='lat' dir='ltr'>et</span> <span class='ocrx_word' id='word_1_559' title='bbox 738 2738 880 2764; x_wconf 79' lang='lat' dir='ltr'>sanctitate</span> <span class='ocrx_word' id='word_1_560' title='bbox 902 2736 1078 2769; x_wconf 81' lang='lat' dir='ltr'>excellentes,</span> <span class='ocrx_word' id='word_1_561' title='bbox 1099 2736 1225 2763; x_wconf 85' lang='lat' dir='ltr'>consulto</span> <span class='ocrx_word' id='word_1_562' title='bbox 1248 2736 1275 2763; x_wconf 91' lang='lat' dir='ltr'>id</span> <span class='ocrx_word' id='word_1_563' title='bbox 1298 2745 1353 2764; x_wconf 90' lang='lat' dir='ltr'>non</span> <span class='ocrx_word' id='word_1_564' title='bbox 1375 2742 1517 2772; x_wconf 81' lang='lat' dir='ltr'>peccatum</span> <span class='ocrx_word' id='word_1_565' title='bbox 1541 2737 1714 2772; x_wconf 83' lang='lat' dir='ltr'>simpliciter,</span> <span class='ocrx_word' id='word_1_566' title='bbox 1734 2736 1781 2764; x_wconf 87' lang='lat' dir='ltr'>sed</span> <span class='ocrx_word' id='word_1_567' title='bbox 1803 2733 1915 2768; x_wconf 87' lang='lat' dir='ltr'>originis</span> <span class='ocrx_word' id='word_1_568' title='bbox 1936 2735 2078 2767; x_wconf 85' lang='lat' dir='ltr'>peccatum</span> 
     </span>
     <span class='ocr_line' id='line_1_49' title="bbox 414 2777 2079 2817; baseline 0.001 -13"><span class='ocrx_word' id='word_1_569' title='bbox 414 2780 630 2813; x_wconf 61' lang='lat' dir='ltr'>appellaverunt,</span> <span class='ocrx_word' id='word_1_570' title='bbox 645 2786 675 2808; x_wconf 91' lang='lat' dir='ltr'>ut</span> <span class='ocrx_word' id='word_1_571' title='bbox 693 2782 719 2808; x_wconf 91' lang='lat' dir='ltr'>in</span> <span class='ocrx_word' id='word_1_572' title='bbox 740 2782 838 2809; x_wconf 73' lang='lat' dir='ltr'>Adami</span> <span class='ocrx_word' id='word_1_573' title='bbox 860 2782 971 2817; x_wconf 80' lang='lat' dir='ltr'>posteris</span> <span class='ocrx_word' id='word_1_574' title='bbox 990 2786 1117 2809; x_wconf 85' lang='lat' dir='ltr'>naturam</span> <span class='ocrx_word' id='word_1_575' title='bbox 1136 2788 1210 2808; x_wconf 83' lang='lat' dir='ltr'>ream</span> <span class='ocrx_word' id='word_1_576' title='bbox 1228 2781 1310 2808; x_wconf 88' lang='lat' dir='ltr'>huius</span> <span class='ocrx_word' id='word_1_577' title='bbox 1330 2782 1446 2817; x_wconf 75' lang='lat' dir='ltr'>peceati,</span> <span class='ocrx_word' id='word_1_578' title='bbox 1465 2790 1519 2809; x_wconf 90' lang='lat' dir='ltr'>non</span> <span class='ocrx_word' id='word_1_579' title='bbox 1535 2783 1716 2813; x_wconf 75' lang='lat' dir='ltr'>voluntatem,</span> <span class='ocrx_word' id='word_1_580' title='bbox 1731 2787 1800 2816; x_wconf 77' lang='lat' dir='ltr'>quae</span> <span class='ocrx_word' id='word_1_581' title='bbox 1815 2777 1937 2805; x_wconf 87' lang='lat' dir='ltr'>nondum</span> <span class='ocrx_word' id='word_1_582' title='bbox 1952 2780 2079 2804; x_wconf 80' lang='lat' dir='ltr'>natorum</span> 
     </span>
    </p>
   </div>
   <div class='ocr_carea' id='block_1_6' title="bbox 414 2821 2080 2898">
    <p class='ocr_par' dir='ltr' id='par_1_14' title="bbox 414 2821 2080 2898">
     <span class='ocr_line' id='line_1_50' title="bbox 414 2821 2080 2862; baseline 0.005 -15"><span class='ocrx_word' id='word_1_583' title='bbox 414 2822 489 2848; x_wconf 86' lang='lat' dir='ltr'>nulla</span> <span class='ocrx_word' id='word_1_584' title='bbox 511 2823 575 2855; x_wconf 77' lang='lat' dir='ltr'>suit,</span> <span class='ocrx_word' id='word_1_585' title='bbox 596 2830 782 2859; x_wconf 73' lang='lat' dir='ltr'>coarguerent.</span> <span class='ocrx_word' id='word_1_586' title='bbox 803 2827 928 2862; x_wconf 89' lang='lat' dir='ltr'>Denique</span> <span class='ocrx_word' id='word_1_587' title='bbox 954 2826 1004 2853; x_wconf 83' lang='lat' dir='ltr'>hae</span> <span class='ocrx_word' id='word_1_588' title='bbox 1023 2826 1051 2853; x_wconf 91' lang='lat' dir='ltr'>in</span> <span class='ocrx_word' id='word_1_589' title='bbox 1072 2834 1099 2853; x_wconf 87' lang='lat' dir='ltr'>re</span> <span class='ocrx_word' id='word_1_590' title='bbox 1118 2826 1190 2852; x_wconf 79' lang='lat' dir='ltr'>inter</span> <span class='ocrx_word' id='word_1_591' title='bbox 1211 2825 1377 2862; x_wconf 74' lang='lat' dir='ltr'>Charybdim</span> <span class='ocrx_word' id='word_1_592' title='bbox 1397 2825 1479 2853; x_wconf 77' lang='lat' dir='ltr'>veluti</span> <span class='ocrx_word' id='word_1_593' title='bbox 1499 2834 1530 2853; x_wconf 87' lang='lat' dir='ltr'>ae</span> <span class='ocrx_word' id='word_1_594' title='bbox 1550 2825 1683 2861; x_wconf 74' lang='lat' dir='ltr'>Scyllam,</span> <span class='ocrx_word' id='word_1_595' title='bbox 1703 2823 1731 2851; x_wconf 93' lang='lat' dir='ltr'>id</span> <span class='ocrx_word' id='word_1_596' title='bbox 1751 2827 1791 2850; x_wconf 86' lang='lat' dir='ltr'>est</span> <span class='ocrx_word' id='word_1_597' title='bbox 1811 2822 1901 2848; x_wconf 71' lang='lat' dir='ltr'>Vitatis</span> <span class='ocrx_word' id='word_1_598' title='bbox 1922 2821 2031 2855; x_wconf 67' lang='lat' dir='ltr'>Pelagio</span> <span class='ocrx_word' id='word_1_599' title='bbox 2049 2827 2080 2847; x_wconf 65' lang='lat'>²¹0</span> 
     </span>
     <span class='ocr_line' id='line_1_51' title="bbox 415 2867 769 2898; baseline 0.014 -7"><span class='ocrx_word' id='word_1_600' title='bbox 415 2867 493 2898; x_wconf 65' lang='lat' dir='ltr'>Baio,</span> <span class='ocrx_word' id='word_1_601' title='bbox 515 2868 698 2895; x_wconf 70' lang='lat' dir='ltr'>navieandum</span> <span class='ocrx_word' id='word_1_602' title='bbox 720 2874 769 2896; x_wconf 86' lang='lat' dir='ltr'>est.</span> 
     </span>
    </p>
   </div>
  </div>
 </body>
</html>
