2205 3177
189 1200 195 1207 ’
215 1199 268 1218 ticin
299 1199 315 1218 ll
342 1202 360 1218 t»

411 201 471 233 185
910 210 938 230 S.
966 208 1094 231 crium
1120 209 1340 231 ,mmai-innixi
1369 209 1575 231 Exrmxssio

405 273 489 306 orbe
509 273 680 306 discurrit.
705 273 887 317 Propterea
907 271 1147 305 concelebrant
1168 272 1325 306 homines
1344 272 1573 305 universalem
1593 279 1803 306 senatorem
1821 273 2014 313 Christum:
2035 287 2093 309 ve-

407 343 509 375 reque
535 329 768 361 demonstrant
799 330 839 362 ii.
861 330 918 373 qui
947 341 1008 374 per
1035 328 1139 362 tidem
1167 330 1200 363 in
1226 330 1398 362 Christum
1426 330 1549 362 servati
1577 336 1674 365 sunt,
1702 341 1832 364 novum
1858 344 1892 365 se
1920 333 2089 366 canticum

405 387 609 431 suscepisse.
632 392 661 419 et
690 385 857 430 hymnum
877 387 934 430 qui
956 386 1054 419 illum
1080 386 1209 420 deceat.
1243 388 1324 420 Ecce
1351 387 1442 419 enim
1463 398 1557 422 ecce.
1581 388 1695 423 aiunt.
1719 387 1825 421 multa
1852 387 1895 421 ab
1920 388 1982 423 illo
2003 389 2089 422 sacta

404 450 478 477 sunt
501 443 661 478 mirilica.
679 454 889 488 onmemqne
909 454 1091 477 numerum
1111 444 1307 477 excedentia
1327 444 1511 479 miracula,
1532 444 1695 488 quiequid
1716 444 1840 477 scilicet
1860 444 1903 478 ab
1922 446 1994 479 eius
2014 457 2091 492 pro-

405 501 551 533 xidentia
580 506 734 533 curatum
763 506 830 535 est,
854 500 1010 545 prodigia
1039 501 1071 533 in
1092 502 1268 546 Aegypto.
1292 502 1324 533 in
1347 501 1505 539 deserto,
1529 500 1592 533 sub
1615 502 1730 539 losue,
1753 501 1817 535 sub
1836 502 2036 541 Samuhele,
2057 510 2091 537 et

406 558 455 590 liis
482 559 667 591 xetustiora
693 570 780 603 quae
808 559 969 591 nimirum
994 558 1058 591 sub
1078 558 1276 591 Abrabamo
1302 559 1457 603 natisque
1483 571 1522 592 ex
1549 570 1591 591 co
1618 559 1838 604 patriarchiS,
1861 571 1903 593 ne
1930 561 1996 593 iam
2022 561 2092 594 sin-

404 615 503 659 gulos
524 617 712 649 nominem.
734 616 976 649 Verumtamen
997 628 1050 649 res
1070 627 1230 661 praesens
1249 615 1442 649 mirabilior
1461 617 1580 649 ceteris
1600 623 1662 649 cst.
1682 618 1757 650 Non
1777 617 1868 650 enim
1887 618 1987 651 unius
2005 618 2090 656 viri,

405 673 457 706 xel
488 675 585 706 unius
612 674 740 718 gentis.
763 672 820 705 sed
849 674 1004 706 omnium
1024 674 1177 717 gentium
1198 673 1320 706 curasti
1342 673 1506 712 salutem,
1528 680 1558 708 et
1580 675 1756 718 antiquato
1776 674 1875 719 legali
1896 674 2011 713 cultu,
2032 675 2091 721 qui

406 730 611 764 ludaeorum
630 729 840 775 congruebat
862 730 1069 766 infirmitati.
1087 742 1147 763 nm
1157 742 1211 763 am
1229 729 1353 763 dedisti
1373 731 1534 775 gratiam,
1550 731 1726 764 rationalis
1745 731 1856 764 cultus
1873 732 2092 777 magistram,

404 799 474 831 <luo
494 788 581 821 caeci
603 788 708 821 corde
727 787 883 820 divinum
905 787 1137 821 intellectuale
1156 787 1272 821 lumen
1295 794 1497 833 receperunt
1511 814 1518 825 ,
1541 795 1700 834 recteque
1720 788 1878 822 incedere
1896 788 2092 823 didicerunt

404 846 460 889 qui
489 845 573 878 olim
600 844 858 881 claudicabant.
881 844 1147 878 balbutientium
1173 844 1290 889 lingua
1310 846 1415 878 evasit
1441 845 1618 890 expedita,
1641 858 1739 880 aures
1764 845 1949 879 surdorum
1975 845 2094 880 audie-

407 908 505 938 runt,
528 902 701 936 destructa
730 913 823 935 mors
849 908 918 939 est,
948 902 1101 936 deletum
1128 903 1285 935 omnium
1312 909 1509 947 peccatum,
1540 902 1649 936 illuxit
1678 903 1784 947 gratia
1811 903 2090 937 immortalitatis.

407 960 517 1004 ¹itque
537 959 749 993 haecomnia
770 971 831 1004 per
845 959 1016 992 Christum
1035 959 1126 993 bona
1145 965 1346 993 evenerunt.
1366 959 1446 993 Ideo
1465 959 1613 1005 plurima
1632 960 1750 994 fecisse
1765 960 1936 994 mirabilia
1951 960 2090 994 dicitur.

503 1017 775 1062 Cogitationibus
795 1023 907 1050 autem
928 1018 999 1050 eius
1018 1029 1120 1051 nemo
1139 1018 1259 1051 similis
1278 1023 1340 1051 est.
1359 1018 1533 1058 Quaenam
1552 1029 1659 1063 porro
1679 1025 1758 1052 sunt
1776 1019 1998 1063 cogitationes
2011 1019 2091 1057 Dei,

409 1075 593 1119 farcnsque
621 1074 720 1108 nobis
746 1075 950 1109 consilium?
977 1076 1091 1115 Quum
1117 1076 1207 1108 Deus
1233 1081 1353 1109 natura
1379 1076 1443 1113 sit,
1472 1075 1581 1109 factus
1607 1081 1656 1108 est
1683 1075 1788 1109 homo
1804 1102 1812 1113 ,
1840 1081 1873 1110 et
1898 1076 1994 1121 quod
2020 1082 2092 1110 erat

410 1139 523 1165 tamen
544 1133 742 1177 permansit.
765 1134 941 1172 Quaenam
960 1144 1043 1166 vero
1064 1132 1165 1166 fuerit
1186 1139 1326 1166 naturae
1345 1138 1482 1167 nostrae
1501 1133 1737 1179 suscipiendae
1756 1133 1905 1171 occasio,
1927 1133 2095 1168 revelabit

412 1190 655 1234 mysteriorum
676 1191 748 1222 einr⁴
767 1189 926 1223 sacerdos.
951 1189 1067 1223 dicens
1088 1190 1117 1222 ἐ
1140 1191 1220 1234 quia
1247 1191 1343 1235 pueri
1371 1191 1527 1235 sanguini
1555 1196 1588 1223 et
1614 1191 1707 1224 carni
1731 1191 2091 1227 communicaverunt.

409 1254 441 1280 ct
468 1248 539 1292 ipse
566 1247 723 1280 similiter
750 1246 858 1280 factus
885 1254 931 1280 cst
960 1247 1083 1280 harum
1109 1259 1226 1281 rerum
1253 1248 1425 1293 particeps
1441 1274 1448 1285 ‚
1478 1254 1514 1281 ut
1540 1259 1602 1293 per
1627 1254 1775 1281 mortem
1804 1259 1900 1282 suam
1925 1259 2005 1281 eum
2031 1247 2093 1281 de-

344 1324 368 1336 ..
409 1310 553 1337 strueret
581 1305 639 1349 qui
666 1305 787 1337 morti-³
816 1305 995 1350 imperium
1024 1303 1190 1343 babebat,
1212 1304 1246 1337 id
1275 1311 1325 1338 est
1350 1303 1547 1341 diaholunn
1568 1303 1797 1350 liberaretquc
1821 1316 1899 1342 eos,
1920 1305 1979 1350 qui
1999 1311 2093 1338 metu

177 1549 184 1556 “
204 1546 241 1566 lob
267 1547 314 1567 ,xxi
338 1552 360 1566 Τ,

180 1720 187 1727 ·
200 1718 265 1739 l.(1‹·r
283 1717 369 1738 xiiia

330 1950 364 1965 «·0

199 2523 206 2530 ·
225 2522 260 2538 tm·
289 2522 314 2539 Nl
341 2526 364 2538 ss

410 1362 547 1395 mortis,
571 1373 632 1406 per
658 1373 796 1395 omnem
818 1363 919 1394 xitam
949 1362 1131 1407 mancipati
1157 1368 1253 1395 erant
1282 1362 1450 1395 servituti.
1480 1363 1590 1399 Haec,
1612 1362 1740 1406 inquit,
1762 1362 1940 1400 nummu,
1961 1360 2094 1396 verbis-

408 1431 474 1463 que
503 1425 642 1452 testatus
663 1431 737 1452 sum
751 1445 758 1454 .
780 1420 929 1452 scrmcni
950 1418 1089 1453 cuilibet
1110 1431 1181 1453 esse
1201 1420 1393 1464 superiora.
1423 1420 1472 1452 lta
1493 1431 1527 1452 se
1546 1420 1686 1464 gessisse
1705 1419 1922 1465 exploratum
1941 1425 1990 1454 est
2016 1430 2094 1453 san-

409 1481 481 1509 ctos
501 1477 677 1521 apostolos
696 1482 725 1509 et
747 1477 982 1521 evangelistas.
1011 1478 1052 1510 Et
1070 1476 1211 1522 quidem
1231 1477 1520 1522 sapientissimum
1544 1476 1750 1514 Iohannem,
1773 1482 1909 1523 praeter
1928 1477 1994 1510 iam
2013 1487 2098 1510 nar·

410 1540 479 1567 rata
500 1533 657 1579 prodigia
670 1560 677 1571 ,
701 1533 884 1567 addentem
911 1535 1141 1580 comperimus
1161 1534 1192 1567 ⁶:
1215 1540 1293 1567 sunt
1312 1540 1345 1568 et
1367 1533 1431 1567 alia
1451 1534 1558 1567 multa
1584 1545 1672 1579 quae
1691 1534 1770 1567 fecit
1789 1535 1900 1572 lesus,
1921 1544 2009 1579 quae
2027 1533 2093 1568 hoc

411 1591 500 1624 libro
518 1603 588 1624 non
608 1592 966 1637 comprehenduntur:
988 1603 1076 1637 quae
1093 1592 1119 1624 si
1138 1591 1336 1637 singillatim
1356 1590 1569 1630 scribantur,
1592 1602 1654 1624 nec
1679 1591 1792 1636 ipsum
1818 1590 1969 1624 arbitror
1993 1602 2094 1624 mun-

409 1649 492 1681 dum
513 1660 634 1694 capere
654 1660 753 1694 posse
772 1660 848 1686 eos,
870 1649 929 1693 qui
949 1648 1121 1682 scribendi
1140 1655 1236 1686 sunt,
1257 1647 1381 1682 libros.
1409 1649 1539 1694 Nempe
1559 1649 1639 1693 quia
1659 1660 1699 1682 ex
1719 1654 1816 1694 parte
1835 1649 2092 1693 cognoscimus.

410 1711 443 1739 et
469 1718 509 1739 ex
536 1713 632 1751 parte
652 1706 900 1752 prophetamus
922 1707 951 1745 ';
973 1718 1084 1752 neque
1103 1707 1226 1740 Christi
1253 1704 1474 1751 dogmatibus
1493 1717 1604 1751 neque
1623 1706 1695 1739 eius
1715 1705 1889 1739 miraculis
1913 1705 2097 1739 narrandis

406 1764 605 1797 sufficimus.
635 1765 721 1797 Nam
748 1765 927 1811 quantavis
954 1770 1091 1798 narrata
1111 1764 1258 1802 fuerint,
1280 1765 1391 1798 maius
1417 1763 1530 1797 adhuc
1549 1770 1703 1809 superest
1721 1762 1817 1808 quod
1835 1763 2003 1797 indictum
2028 1769 2093 1797 est.

410 1822 475 1854 Res
501 1822 592 1854 enim
618 1821 739 1855 Christi
770 1833 951 1855 numerum
977 1821 1167 1860 excedunt,
1189 1822 1259 1855 sive
1285 1822 1364 1866 quia
1391 1827 1510 1867 suapte
1536 1827 1657 1854 natura
1684 1819 1970 1855 immensurabiles
1996 1825 2096 1857 sunt.

412 1879 482 1911 sive
506 1879 586 1923 quia
615 1885 757 1924 propter
783 1879 1040 1913 multitudinem
1068 1891 1186 1918 suam,
1207 1880 1279 1912 x‘im
1305 1879 1441 1913 numeri
1467 1885 1642 1924 superant.

655 1943 851 1967 Sacrificium
868 1947 896 1967 ei
915 1945 1105 1968 oblationem
1123 1945 1268 1972 noluisti,
1285 1952 1396 1972 corpus
1413 1945 1446 1975 (1)
1462 1946 1567 1968 autem
1584 1945 1743 1972 perfecisti
1761 1945 1851 1967 mihi.

508 1994 709 2038 Prophetica
734 2000 875 2027 ornatus
894 1995 1000 2039 gratia
1021 1995 1208 2039 praesentis
1234 1995 1356 2040 psalmi
1376 2001 1514 2033 auctor,
1536 2000 1711 2039 tamquam
1731 2005 1771 2027 ex
1791 1993 1887 2028 bono
1909 1993 2024 2027 cordis
2042 1993 2098 2027 sui

410 2050 571 2084 thesauro
591 2050 702 2084 bonos
722 2051 853 2096 profert
873 2063 1067 2089 sermones,
1090 2052 1133 2085 ita
1154 2058 1187 2085 ut
1210 2051 1253 2085 ab
1279 2052 1443 2097 unigeniti
1465 2051 1525 2085 filii
1545 2052 1604 2084 Dei
1632 2062 1778 2097 persona
1797 2050 1899 2085 alieni
1919 2061 1989 2084 non
2008 2050 2092 2087 sint·

409 2109 467 2153 qui
488 2107 747 2142 similitudinem
768 2115 921 2142 nostram
942 2108 1004 2142 sibi
1031 2109 1298 2155 circumposuit,
1320 2110 1515 2143 incarnatus
1540 2115 1591 2143 est
1617 2116 1718 2154 atque
1744 2108 1967 2148 humanatus,
1988 2108 2099 2142 servi-⁷

409 2177 476 2210 que
505 2165 650 2199 sormam
677 2166 800 2199 induit.
830 2168 916 2200 Nam
942 2167 1041 2211 quia,
1063 2167 1192 2212 inquit,
1214 2179 1235 2200 o
1262 2173 1376 2212 pater,
1398 2166 1520 2212 legalia
1547 2165 1711 2200 sacrificia
1736 2166 1804 2200 iam
1830 2166 1982 2211 respuis,
2006 2176 2095 2210 quae

411 2223 494 2256 nihil
522 2222 649 2256 habent
677 2230 813 2268 praeter
838 2231 1057 2270 peccatorum
1077 2226 1280 2258 memoriam
1306 2230 1338 2258 et
1365 2224 1663 2270 redargutionem,
1685 2236 1755 2257 non
1781 2230 1896 2257 autem
1921 2223 2097 2257 remissio*

410 2291 504 2315 nem.
526 2281 628 2313 venio
655 2292 801 2326 corpore
821 2288 977 2327 sumpto,
999 2282 1095 2327 quod
1114 2282 1199 2315 mihi
1218 2288 1254 2315 tu
1275 2281 1460 2327 perfecisti.
1488 2282 1623 2315 Etenim
1643 2287 1779 2315 sanctus
1797 2281 1962 2327 Spiritus,
1983 2285 2016 2313 et
2033 2278 2095 2314 Al-

411 2337 527 2370 tissimi
554 2339 663 2371 virtus
688 2345 839 2372 sanctam
859 2340 1033 2383 Virginem
1059 2339 1293 2372 obumbravit.
1322 2340 1429 2372 Venio
1455 2345 1570 2372 autem
1595 2345 1633 2372 ut
1659 2344 1753 2372 tuam
1778 2349 1944 2383 exsequar
1968 2337 2096 2372 volun·-

411 2399 533 2432 tatem,
556 2394 589 2427 id
616 2401 667 2428 est
686 2402 722 2428 ut
749 2401 875 2429 memet
901 2395 1046 2429 offeram
1065 2407 1127 2430 ceu
1146 2396 1293 2430 hosstiam
1318 2396 1592 2435 immaculatam,
1615 2395 1789 2441 finemque
1815 2396 1991 2441 imponam
2010 2394 2095 2440 legis

412 2451 534 2485 ritibus
558 2453 617 2497 qui
644 2459 780 2498 peccata
808 2453 943 2487 auferre
969 2465 1039 2487 non
1066 2453 1193 2487 valent.
1223 2454 1284 2486 Itis
1309 2453 1420 2487 simile
1446 2453 1592 2487 dicimus
1617 2453 1713 2499 quod
1739 2453 1892 2487 Christus
1916 2452 2094 2486 manifeste

411 2509 546 2543 locutas
571 2516 619 2543 est
644 2511 675 2543 't
702 2510 861 2544 descendi
888 2510 932 2544 de
958 2510 1073 2548 caelo.
1099 2522 1167 2544 non
1195 2517 1233 2544 ut
1257 2510 1471 2544 voluntatem
1495 2522 1607 2545 meam
1634 2511 1774 2549 faciam,
1794 2511 1854 2545 sed
1879 2510 2094 2544 voluntatem

410 2567 482 2600 eius
499 2568 558 2612 qui
585 2569 675 2601 misit
701 2580 767 2602 me.
798 2569 836 2602 Id
856 2579 938 2614 ergo
965 2580 1081 2602 ansam
1108 2567 1268 2614 praebuit
1285 2574 1323 2602 ut
1343 2575 1435 2603 totus
1454 2568 1498 2603 ab
1517 2580 1558 2602 eo
1577 2569 1748 2603 diceretur
1767 2569 1939 2615 psalmus,
1961 2573 2093 2602 servata

410 2623 528 2657 eadem
556 2636 661 2670 usque
687 2625 728 2659 ad
756 2625 860 2659 finem
887 2626 1030 2660 dicentis
1056 2637 1215 2672 persona.
1247 2627 1317 2659 lam
1344 2637 1427 2671 ergo
1451 2627 1639 2672 praeterito
1664 2626 1807 2660 umbrae
1828 2633 2001 2672 tempore,
2021 2635 2093 2669 quo

412 2681 615 2715 sacrificium
641 2688 675 2715 et
693 2681 822 2716 oblatio
841 2682 1070 2721 offerebatur,
1094 2683 1216 2716 nolens
1241 2682 1403 2729 deinceps
1429 2683 1628 2717 huiusmodi
1655 2683 1786 2717 cultum
1812 2684 1921 2722 Deus,
1946 2681 2092 2716 confecit

510 2780 544 2807 l1)
564 2778 692 2812 Sequitur
710 2780 928 2806 communiorem
948 2780 1037 2814 graeei
1057 2783 1160 2811 textus,
1181 2779 1264 2805 immo
1283 2779 1366 2806 etiam
1386 2779 1571 2812 alexandrini,
1592 2788 1667 2807 nunc
1685 2780 1818 2813 vaticani,
1839 2780 1984 2806 lectionem
2003 2779 2091 2814 Cyrit-

413 2819 470 2851 lus.
487 2823 558 2855 σῶμα
575 2829 621 2855 pro
635 2821 686 2848 ὦτα
701 2822 808 2849 hebraei
828 2828 855 2850 et
873 2823 986 2858 vulgati.
1007 2823 1128 2850 Priorem
1148 2823 1293 2850 lectionem
1314 2823 1396 2850 hahet
1415 2824 1518 2851 Paulus
1538 2824 1572 2851 ad
1587 2824 1670 2851 Hebr.
1686 2825 1722 2851 X.
1738 2827 1770 2857 5,
1786 2831 1835 2851 nec
1854 2831 1910 2851 non
1928 2823 2034 2858 aliquot
2053 2823 2091 2851 lam

415 2863 465 2890 nni
484 2867 572 2898 patres
591 2865 662 2899 apud
681 2866 862 2894 Sabaterium.
882 2868 922 2894 De
942 2867 993 2894 hac
1011 2875 1040 2895 re
1058 2867 1203 2903 prolixiora
1223 2866 1307 2894 verba
1327 2866 1416 2895 faeere
1435 2871 1496 2903 post
1514 2871 1555 2895 tot
1573 2868 1642 2895 alios
1661 2868 1771 2895 criticos
1789 2873 2019 2902 supervacaneum
2039 2871 2089 2894 est.
