2205 3177
658 151 691 173 lx
718 150 899 173 EPismLAii
925 149 968 171 An
995 149 1146 171 nonnos
1172 149 1244 171 CAP.
1274 149 1347 171 mi.
1808 137 1851 169 19

156 229 244 252 mus.
274 215 334 249 Dei
355 212 528 253 Verbum,
558 212 776 260 beneplacito
799 213 861 246 Dei
879 211 1004 257 patris,
1033 211 1067 244 in
1086 211 1348 245 similitudinem
1371 210 1498 245 factum
1519 215 1569 243 est
1594 210 1740 256 peccati,
1761 216 1798 243 ut
1818 210 1853 243 in

156 285 256 309 carne
276 272 458 305 damnaret
484 278 677 317 peccatum.
705 271 796 304 Fecit
821 270 913 303 enim
937 280 972 301 se
999 268 1194 304 homiuem.
1217 275 1319 313 atque
1344 268 1386 302 ad
1406 268 1675 302 exinanitionem
1698 266 1849 300 demisit.

156 330 315 365 Profecto
333 329 429 375 quod
445 329 626 364 consimile
645 334 676 363 et
697 327 850 362 eiusdem
869 338 907 359 ac
927 337 1075 370 corpora
1094 332 1211 359 nostra
1232 333 1374 360 naturae
1391 338 1517 372 corpus
1535 326 1608 359 eius
1626 325 1746 363 fuerit,
1764 325 1852 370 quis-

159 399 238 422 nam
266 385 440 432 ambiget?
466 386 699 420 Nihilominus
724 390 920 418 ceterorum
946 382 1089 427 quidem
1113 383 1270 415 omnium
1297 384 1461 428 corpora,
1491 394 1609 416 carnes
1630 393 1754 416 vocare
1776 381 1857 415 licet

158 446 308 491 peccati,
336 445 417 491 quia
444 444 647 478 naturaliter
675 447 851 488 aegrotant
881 439 1111 473 absurdarum
1138 439 1359 485 voluptatum
1388 441 1613 485 scaturigine:
1642 439 1702 473 sed
1729 439 1855 473 Christi
1894 451 1932 471 αι
1948 456 1969 476 ρ.
1987 453 2010 471 2:

159 514 286 549 corpus
312 514 416 536 nemo
444 513 582 536 carnem
610 500 738 546 peccati
767 499 877 534 dicet,
907 497 1013 536 absit,
1043 497 1103 530 sed
1130 497 1393 531 similitudinem
1421 498 1537 542 potius
1565 499 1676 531 carnis
1703 497 1853 542 peccati;

159 561 324 593 nimirum
343 559 454 594 simile
473 559 615 605 quidem
636 557 762 591 nostris
782 555 1006 601 corporibuS,
1023 555 1117 588 haud
1138 561 1251 588 tamen
1270 555 1316 588 ita
1336 561 1575 600 comparatum
1594 562 1631 588 ut
1650 555 1778 588 carnali
1797 555 1856 588 im-

159 617 331 651 munditia
358 623 536 663 aegrotare
562 621 695 661 posset:
716 620 873 647 sanctuni
901 614 993 646 enim
1017 614 1086 646 iam
1113 612 1194 646 inde
1220 611 1262 646 ab
1287 618 1387 646 utero
1407 613 1576 658 templum
1598 612 1686 646 illud
1708 612 1785 646 fuit.
1814 613 1856 646 Et

158 682 329 720 quantum
347 675 490 721 quidem
516 673 559 707 ad
585 672 807 717 cogitationes
827 683 865 704 ac
884 671 1062 705 ratiocinia
1081 669 1250 704 naturalia
1277 670 1416 708 attinet,
1439 681 1542 703 ncmo
1561 676 1654 703 certe
1679 668 1856 703 verebitur

158 733 350 771 affirmare,
372 732 467 778 quod
490 737 659 776 quatenus
678 740 759 763 caro
778 735 868 764 erat.
891 729 1054 775 proprios
1076 728 1347 774 congenitosque
1368 733 1484 761 motus
1508 726 1687 762 habuerit:
1708 727 1788 772 quia
1808 733 1856 760 ta-

159 802 240 824 men
265 790 354 825 illud
379 789 476 835 quod
501 800 643 823 omnem
669 793 862 822 creaturam
890 786 1079 821 sanctificat
1099 785 1252 819 Verbum
1280 787 1313 819 in
1338 797 1379 820 eo
1404 785 1589 823 habitavit,
1612 784 1773 818 damnata
1793 784 1857 817 fuit

159 849 288 894 peccati
315 847 488 893 potentia,
511 852 549 879 ut
571 847 606 879 in
626 857 689 879 nos
707 857 848 891 quoque
868 845 941 879 eius
964 844 1124 878 beneficii
1147 845 1198 878 vis
1221 845 1393 878 transiret.
1416 845 1547 889 Reapse
1567 853 1638 876 non
1657 841 1857 887 spiritaliter

158 906 290 945 solum,
307 916 429 939 verum
448 905 551 938 etiam
570 904 821 950 corporaliter,
839 915 947 949 aeque
967 915 1004 937 ac
1022 903 1080 937 ille
1100 902 1334 937 transformati
1351 902 1491 935 suimus.
1510 912 1639 939 meno
1660 912 1739 934 nxm
1759 911 1858 933 imas

158 975 216 997 Nos
242 974 384 996 mmmr
403 973 558 996 cumsrrs
584 974 646 995 PER
672 973 827 995 srnurrii
848 972 995 995 sANcrmi
1016 973 1054 994 ET
1074 972 1241 994 ΑκιγετιεΑΜ
1261 971 1521 993 Bssxfinmnoxmi
1543 960 1606 1004 (1),
1629 965 1702 991 tum
1722 969 1803 991 sane
1823 958 1858 991 in

157 1020 257 1055 nobis
282 1021 384 1055 etiam
410 1020 541 1066 peccati
566 1020 621 1054 lex
646 1031 791 1065 prorsus
811 1019 1007 1053 damnatur.
1036 1020 1124 1052 Vere
1142 1019 1246 1064 igitur
1271 1018 1403 1051 dictum
1422 1024 1490 1055 est,
1512 1015 1727 1062 impossibile
1754 1016 1856 1062 legis,

156 1079 190 1112 in
216 1090 288 1124 quo
308 1077 367 1112 illa
386 1077 433 1112 ob
461 1089 602 1112 carnem
630 1076 890 1116 infirmabatur,
913 1077 1095 1112 cessavisse
1116 1088 1179 1122 per
1199 1077 1371 1110 Christum
1398 1076 1457 1121 qui
1477 1075 1653 1108 damnavit
1672 1074 1859 1108 destruxit-

155 1148 224 1182 que
243 1143 423 1183 peccatum
447 1137 483 1170 in
510 1147 630 1174 carne,
652 1142 689 1170 ut
710 1135 797 1181 legis
820 1136 946 1169 iustitia
972 1136 1008 1169 in
1030 1135 1132 1169 nobis
1155 1135 1373 1180 impleretur.
1401 1134 1547 1179 Impleta
1571 1133 1635 1166 fuit
1659 1133 1752 1166 enim
1774 1132 1858 1178 legis

156 1195 300 1233 iustitia,
322 1193 357 1227 id
376 1200 427 1228 est
444 1193 667 1228 decretorum
688 1206 706 1227 a
726 1194 801 1239 lege
819 1194 888 1231 vis,
910 1193 1071 1227 voluntas
1091 1193 1219 1227 scilicet
1239 1192 1282 1226 ad
1301 1193 1466 1226 virtutem
1486 1191 1715 1229 contendens,
1738 1197 1859 1236 postea

157 1263 261 1296 quain
287 1252 421 1285 interna
447 1251 502 1285 lex
529 1258 647 1285 nostra
673 1251 773 1285 nullo
792 1252 861 1284 iam
888 1257 1007 1296 pacto,
1036 1257 1073 1284 ut
1101 1251 1190 1287 dixi,
1211 1250 1407 1284 infirmatur
1433 1261 1450 1284 a
1474 1250 1738 1295 congenitarum
1758 1248 1860 1283 volu-

157 1315 291 1354 ptatum
317 1309 513 1354 tyrannide.
545 1310 663 1354 Itaque
685 1308 827 1354 impleta
846 1309 880 1341 in
900 1307 1001 1341 nobis
1021 1315 1073 1341 est
1094 1308 1179 1353 legis
1202 1308 1347 1345 iustitia,
1369 1307 1540 1353 siquidem
1561 1308 1629 1340 iam
1647 1318 1717 1341 non
1745 1318 1860 1340 secun-

155 1366 240 1400 dum
267 1378 405 1400 carnem
429 1365 666 1405 ambulamus,
695 1366 755 1399 sed
782 1366 981 1411 spiritaliler
1011 1366 1186 1400 malumus
1210 1366 1340 1400 vivere.

342 1431 422 1454 Nam
438 1432 611 1458 prudentia
627 1432 733 1454 carnis
751 1432 798 1460 (2),
816 1438 898 1454 mors
916 1434 976 1454 est:
995 1432 1166 1459 prudentia
1185 1433 1291 1454 autem
1307 1431 1453 1459 spiritus)
1470 1432 1535 1454 vita
1552 1433 1582 1453 et
1601 1438 1671 1458 pax.

250 1482 354 1514 Recte
378 1481 522 1515 omnino
546 1481 771 1526 prudentiam
798 1482 911 1515 carnis
929 1481 1035 1515 donat
1056 1482 1179 1515 mortis
1199 1481 1319 1515 titulo:
1342 1482 1482 1527 spiritus
1502 1487 1616 1515 autem
1635 1481 1857 1526 prudentiam
1895 1492 1951 1514 civ.
1968 1492 2027 1514 vui.
2044 1497 2063 1513 ο.

153 1538 235 1572 dicit
262 1539 369 1572 vitam
388 1550 426 1572 ac
450 1550 583 1584 pacem.
605 1540 693 1572 Vere
709 1540 802 1573 enim
821 1540 934 1573 carnis
952 1551 1052 1573 amor
1075 1546 1227 1574 mortem
1246 1546 1407 1585 generat:
1429 1546 1566 1573 aeterna
1591 1545 1711 1573 contra
1734 1539 1802 1572 vita
1826 1544 1860 1572 et

153 1596 313 1630 caelestia
337 1594 430 1630 bona
458 1596 691 1641 adquiruntur
719 1596 762 1630 ab
790 1598 828 1631 iis
855 1598 913 1642 qui
942 1598 1143 1643 spiritaliter
1168 1598 1285 1631 vivere
1312 1597 1460 1631 malunt.

371 1662 462 1688 Quod
480 1663 507 1685 si
524 1664 658 1690 spiritus
674 1664 757 1691 eius,
774 1664 829 1690 qui
847 1663 952 1686 lesum
970 1670 989 1686 a
1005 1664 1142 1686 mortuis
1159 1665 1338 1692 suscitavit,
1355 1665 1389 1686 in
1408 1664 1492 1687 vobis
1509 1664 1646 1686 habitat.
1898 1671 1918 1686 v.
1937 1669 1957 1687 ῐῑ

249 1713 483 1746 Resuscitatus
511 1712 576 1746 fuit
604 1713 768 1747 dominus
795 1720 914 1748 noster
942 1715 1035 1748 Iesus
1063 1714 1218 1748 Christus
1244 1726 1262 1748 a
1289 1721 1404 1760 patre,
1434 1714 1603 1748 subeunte
1627 1715 1662 1747 in
1688 1715 1762 1747 eius
1787 1724 1859 1746 car-

154 1781 234 1804 nem
253 1771 321 1804 vita
343 1782 405 1816 per
423 1772 590 1817 Spiritum
609 1778 784 1811 sanctum,
804 1773 863 1817 qui
882 1778 932 1806 est
952 1772 1108 1806 eiusdem
1125 1772 1185 1818 (3).
1208 1773 1295 1806 Nam
1314 1772 1411 1818 quod
1430 1773 1576 1819 ipsemet
1594 1772 1764 1818 templum
1783 1782 1859 1817 pro-

154 1829 270 1873 prium
294 1827 538 1867 vivificaverit,
567 1829 785 1863 denuntiavit
808 1829 944 1863 ludaeis
964 1830 1102 1865 dicens:
1132 1831 1257 1865 solvite
1278 1830 1468 1877 templum,
1498 1836 1530 1864 et
1555 1831 1589 1863 in
1608 1829 1719 1863 tribus
1736 1828 1859 1862 diebus

154 1885 312 1919 excitabo
332 1885 433 1919 illud.
457 1886 711 1926 Quamobrem,
734 1888 868 1921 etiamsi
896 1899 915 1922 a
934 1895 1033 1934 patre
1052 1890 1234 1923 suscitatus
1253 1889 1397 1927 dicitur,
1418 1888 1646 1922 nihilominus
1663 1889 1736 1934 ipse
1755 1893 1862 1921 semet

153 1942 338 1977 suscitabat
366 1956 427 1990 per
454 1951 609 1978 sanctum
630 1946 808 1991 Spiritum.
838 1947 966 1980 Cuncta
992 1948 1084 1981 enim
1109 1947 1226 1981 divina
1254 1958 1359 1994 opera
1387 1959 1404 1981 a
1430 1954 1526 1993 patre
1552 1946 1641 1980 fiunt
1665 1958 1728 1993 per
1747 1945 1858 1979 filium
1897 1960 1972 1986 ap.
1989 1962 2020 1980 εκ.

154 2002 188 2034 in
214 2002 351 2047 spiritu.
381 2002 563 2038 Suscitabit
591 2004 697 2049 igitur
723 2011 840 2038 nostra
864 2016 1005 2051 quoque
1031 2017 1181 2051 corpora
1208 2018 1226 2040 a
1252 2007 1401 2040 mortuis
1427 2005 1594 2040 Christus.

569 2069 733 2096 Siquidem
750 2071 974 2099 compatimur,
991 2074 1026 2094 ut
1043 2073 1140 2095 etiam
1156 2072 1440 2102 conglorificemur.
1897 2082 1917 2096 v.
1937 2078 1965 2096 ιτ.

249 2119 343 2152 Bona
369 2130 449 2152 sane
476 2130 583 2165 opera
610 2119 704 2154 haud
731 2119 862 2168 absque
889 2120 1012 2156 labore
1036 2121 1146 2162 fiunt,
1169 2122 1227 2157 sed
1247 2128 1363 2156 tamen
1382 2122 1505 2168 grandi
1533 2134 1593 2168 spe
1613 2122 1717 2156 alitur
1741 2121 1853 2155 labor.

153 2177 245 2210 Nihil
273 2177 365 2210 enim
390 2183 552 2212 terrestre
580 2180 814 2224 promittitur,
843 2179 903 2213 sed
933 2186 1070 2214 aeterna
1099 2180 1227 2225 gloria,
1256 2179 1503 2227 bonorumque
1529 2192 1618 2226 quae
1644 2180 1858 2214 intellectum

153 2245 420 2280 sermonemque
443 2243 608 2281 superant
627 2237 837 2271 consecutio.
859 2238 947 2271 Nam
974 2238 1034 2283 qui
1062 2244 1200 2273 terrena
1227 2238 1440 2284 despiciunt,
1463 2239 1557 2285 digni
1585 2238 1671 2272 fiunt
1700 2237 1859 2283 supernis

154 2292 335 2335 praemiis:
365 2298 396 2326 et
414 2294 474 2338 qui
502 2293 638 2328 sortiter
659 2296 899 2341 patienterque
924 2302 1024 2330 antea
1050 2295 1305 2335 laboraverint,
1333 2296 1618 2343 incomparabilis
1637 2294 1858 2329 excellentiae

154 2350 292 2382 coronis
315 2349 553 2395 perfruentur.
581 2354 745 2387 Minimus
768 2360 859 2388 certe
881 2355 1019 2388 virtutis
1044 2353 1221 2388 videbitur
1247 2354 1366 2393 labor,
1396 2366 1479 2400 prae
1501 2354 1603 2388 tantis
1623 2351 1854 2386 mercedibus.

152 2406 306 2440 Gloriam
333 2407 461 2441 scilicet
486 2416 687 2444 sanctorum
713 2411 876 2451 denotat,
905 2413 986 2458 quia
1012 2424 1075 2459 per
1102 2412 1237 2447 saecula
1265 2411 1450 2458 fulgebunt
1475 2413 1554 2446 iusti
1583 2418 1760 2455 tamquam
1785 2409 1854 2447 sol,

152 2466 187 2498 in
215 2465 349 2499 honore
371 2472 403 2500 et
425 2466 535 2512 gloria
557 2475 589 2501 et
615 2469 876 2505 immortalitate
896 2472 1092 2510 constituti,
1122 2483 1201 2506 cum
1226 2471 1369 2505 illorum
1390 2469 1668 2504 immutabuntur
1689 2479 1854 2514 corpora,

152 2523 251 2557 sicuti
279 2524 433 2557 Christus
459 2525 494 2558 in
520 2533 638 2560 monte
667 2528 930 2575 transfiguratus
957 2536 1020 2564 est.

254 2647 286 2675 [ts
307 2643 481 2671 Adnotemus
503 2645 695 2673 testiinonium
719 2646 752 2674 de
774 2649 909 2683 corporali
929 2650 1032 2678 Clu-isti
1051 2650 1122 2677 intra
1146 2657 1197 2677 nos
1219 2649 1373 2684 praesentia
1397 2653 1457 2684 post
1479 2652 1619 2683 sumptam
1641 2647 1853 2679 eucharistiam,

154 2693 181 2715 et
201 2689 234 2715 de
255 2690 314 2716 cius
333 2689 448 2716 salutari
469 2689 580 2716 effectu.

252 2737 287 2768 (2)
312 2742 402 2770 §.ys-m,-
420 2743 536 2771 ςξωημα
553 2735 705 2763 rectissime
724 2737 843 2771 explicat
861 2739 982 2774 Cyrillus
1000 2740 1133 2769 vocabulo
1150 2745 1301 2775 φιλοσκξκια
1319 2739 1448 2766 carnalis
1465 2737 1594 2771 allectus.
1616 2738 1720 2765 Ceteris
1742 2746 1853 2774 pgwcsw

152 2782 272 2809 sumitur
293 2792 342 2819 pro
368 2784 487 2816 ’ρώπως

252 2832 285 2860 t31
307 2830 349 2855 En
370 2828 506 2857 internam
523 2828 641 2865 Spiritus
661 2829 750 2857 sancti
770 2829 931 2858 relationem
952 2832 987 2859 ad
1005 2832 1125 2866 Filium3
1142 2832 1243 2860 etenim
1264 2831 1325 2858 heic
1344 2830 1378 2858 de
1397 2834 1507 2859 externa
1525 2830 1656 2858 missione
1675 2839 1731 2857 non
1752 2831 1853 2866 agitur.
