2205 3177
632 156 665 179 m
691 155 873 178 Emsromxu
899 154 942 177 An
969 153 1121 176 ROMANOS
1147 153 1220 177 CAP.
1249 153 1396 177 v11-v111.
1820 145 1863 176 17

168 225 269 261 tinet,
289 227 383 255 extra
409 226 588 266 peceatum
608 219 716 257 foret;
736 219 796 253 sed
815 219 895 264 quia
914 217 970 250 vix
989 216 1168 251 vitabilem
1186 219 1256 251 vim
1276 219 1488 265 perpetitur,
1510 217 1611 264 culpa
1630 217 1771 263 quidem
1792 229 1862 252 non

167 288 237 314 tam
262 279 370 324 ipsius
390 277 530 311 videtur
554 288 659 322 quam
681 274 915 322 praepotentis
938 273 1091 307 alterius.
1114 275 1247 309 Idcirco
1267 276 1329 309 ait:
1351 276 1377 308 si
1399 281 1515 309 autem
1532 275 1629 321 quod
1647 274 1731 309 nolo
1756 274 1862 314 facio,

168 336 262 371 haud
288 337 357 369 iam
379 345 445 380 ego
472 335 507 369 id
531 346 677 380 operor,
700 333 760 367 sed
787 331 882 377 quod
909 330 1041 364 habitat
1069 331 1102 363 in
1130 342 1185 365 me
1212 339 1403 377 peccatum.

307 401 438 424 Invenio
455 402 558 431 igitur
574 401 689 430 legem,
706 398 823 422 volenti
839 397 918 419 mihi
936 397 1052 419 bonum
1068 403 1177 425 agere,
1193 399 1343 424 quoniam
1360 399 1439 421 mihi
1458 397 1577 421 malum
1594 399 1727 421 adiacet.

265 452 387 496 Specta
406 451 531 484 iterum
553 460 658 495 quam
677 448 850 494 sapienter
869 452 972 491 atque
997 447 1106 492 perite
1132 445 1243 491 legem
1268 447 1436 485 admittit,
1465 459 1535 481 non
1562 449 1659 493 quasi
1685 449 1769 482 haec
1788 460 1865 494 pec-

169 510 235 544 cati
261 508 442 543 stimulum
466 507 654 542 retundere
676 505 806 543 valeat,
835 504 890 537 wel
917 510 1096 549 peccatum
1118 505 1153 537 in
1175 503 1276 537 nohis
1295 504 1522 543 mortificare,
1552 506 1611 539 sed
1632 512 1774 539 catenus
1793 513 1867 540 tan-

171 574 245 602 tum
262 574 434 613 quatenus
452 566 559 599 menti
576 564 733 598 notitiam
751 563 835 596 recti
860 560 992 595 obiicit.
1022 562 1054 594 Si
1074 562 1168 594 enim
1187 562 1290 599 mihi,
1320 563 1449 607 inquit,
1478 563 1608 597 adiacet
1634 565 1727 597 carni
1753 564 1868 598 inhae—

170 637 250 659 rens
269 630 447 670 peccatum
465 629 498 657 et
524 633 599 656 eam
623 620 834 666 depravans,
857 619 910 653 lex
935 630 1017 653 sane
1043 630 1146 664 opem
1172 619 1386 664 suppeditat,
1411 626 1442 652 et
1463 620 1645 653 consilium
1664 621 1770 654 reluti
1788 621 1865 661 dat,

170 695 241 717 non
262 690 377 716 tamen
398 686 538 727 peccato
557 678 695 713 liberat.
724 678 768 710 lis
787 683 902 711 autem
929 678 988 722 qui
1015 678 1143 723 peccati
1169 676 1370 710 infirmitate
1396 683 1574 713 tenentur.
1597 677 1689 711 haud
1716 680 1794 713 satis
1818 686 1868 713 est

170 751 398 786 cognoscere,
419 737 515 784 quod
534 736 679 770 meliora
700 746 801 780 agere
822 734 989 773 debeant,
1012 734 1071 768 sed
1095 734 1228 768 viribus
1246 746 1334 780 opus
1357 740 1408 768 est
1425 735 1548 780 agendi
1568 747 1656 780 quae
1677 743 1766 770 recta
1786 744 1866 771 sunt

169 805 204 833 et
221 809 311 844 quae
332 797 398 842 legi
422 795 557 842 placent
579 794 639 840 (1).
662 794 776 827 Veluti
799 794 838 826 iis
856 794 916 838 qui
941 794 976 826 in
1002 793 1142 839 proeliis
1162 792 1330 826 excellere
1350 793 1493 831 volunt,
1515 792 1607 826 haud
1628 793 1720 827 nuda
1741 801 1772 827 ct
1792 795 1866 829 sola

170 856 296 890 sufficit
315 854 517 888 tacticorum
536 858 802 897 praeceptorum
830 851 989 889 scientia3
1010 850 1070 884 sed
1092 857 1164 884 tum
1183 850 1327 884 demum
1347 850 1498 884 illustres
1522 850 1796 897 spectabilesque
1812 853 1868 886 vix

169 913 333 950 evadent,
354 911 381 944 si
403 910 508 944 animi
532 921 672 955 quoque
692 909 864 943 fortitudo
883 909 1006 942 iisdem
1031 909 1122 942 insit.
1151 909 1258 953 Igitur
1284 908 1311 941 si
1333 908 1436 941 officii
1463 908 1606 953 quidem
1624 909 1869 943 rectitudinem

169 971 269 1005 docet
287 969 359 1008 leit,
384 967 484 1002 nullo
505 974 620 1001 tamen
641 967 748 1001 modo
776 968 965 1001 tentatione.
987 967 1120 1001 vexatis
1140 978 1242 1012 opem
1265 966 1348 1004 sert,
1372 967 1500 1012 peccati
1520 967 1612 1000 vires
1629 966 1866 1008 debilitando,

170 1027 367 1073 praeclarus
386 1037 467 1060 sane
486 1025 649 1071 magister
668 1031 736 1063 est,
759 1036 872 1070 neque
892 1031 1006 1058 tamen
1026 1036 1105 1058 cum
1123 1025 1231 1069 gratia
1254 1025 1378 1058 Christi
1398 1025 1591 1070 comparari
1611 1025 1715 1070 digne
1734 1032 1866 1071 potest,

167 1086 227 1131 qui
254 1091 287 1119 et
312 1095 431 1118 sanam
456 1084 661 1117 sententiam
688 1083 910 1129 suppeditare
936 1082 1044 1121 valet,
1066 1088 1098 1116 et
1125 1094 1188 1115 nos
1215 1089 1355 1128 peccato
1381 1082 1543 1116 fortiores
1570 1089 1755 1128 praestare.

499 1147 703 1172 condelector
720 1149 805 1171 enim
822 1148 886 1177 legi
904 1148 964 1171 Dei
981 1149 1151 1171 secundum
1167 1149 1353 1170 interiorem
1370 1148 1538 1170 hominem.

267 1200 310 1233 Ut
329 1200 398 1233 iam
419 1198 509 1237 dixi,
532 1199 627 1244 cupit
646 1209 743 1232 mens
761 1198 795 1231 in
816 1197 1012 1231 libertatem
1032 1198 1220 1235 vindicari,
1242 1203 1274 1231 et
1294 1196 1337 1231 ab
1358 1197 1549 1231 inhonestis
1568 1198 1742 1232 recedere.
1771 1201 1867 1233 Sum-

169 1259 234 1291 mis
262 1263 376 1291 autem
406 1255 599 1290 honoribus
626 1256 739 1301 legem
766 1262 889 1294 ornat,
918 1262 956 1289 ut
983 1256 1199 1300 optimorum
1227 1255 1454 1289 consiliorum
1480 1257 1695 1301 magistram.
1727 1258 1869 1291 Interim

171 1322 286 1349 tamen
311 1314 355 1348 ad
379 1312 546 1348 absurdas
568 1312 767 1359 voluptates
792 1319 914 1346 natura
941 1313 1052 1346 carnis
1080 1312 1321 1358 compellitur,
1351 1313 1543 1359 proeliante
1567 1320 1598 1348 et
1627 1315 1772 1349 interius
1790 1307 1870 1350 hae-

170 1379 267 1406 rente
288 1372 417 1418 peccati
442 1371 530 1417 lege.
560 1371 691 1404 Peccati
716 1381 802 1403 vero
829 1370 941 1415 legem
963 1370 1064 1408 dicit,
1094 1370 1270 1403 naturales
1288 1377 1421 1410 motus,
1450 1377 1484 1405 et
1502 1383 1742 1418 quaecumque
1763 1374 1873 1407 existi-

169 1436 284 1464 matur
311 1428 529 1473 voluptariae
555 1428 667 1461 carnis
693 1427 825 1472 passio:
854 1438 963 1472 aeque
990 1438 1028 1460 ac
1054 1428 1178 1460 mentis
1208 1428 1320 1473 legem
1348 1428 1448 1467 dicit,
1476 1429 1691 1464 voluntatem
1720 1443 1871 1477 propen-

169 1487 373 1530 sionemque
401 1485 444 1518 ad
470 1482 617 1517 bonum.

411 1550 499 1572 Idem
515 1550 619 1579 igitur
635 1555 694 1579 ego
710 1550 815 1572 mente
831 1549 958 1576 quidem
974 1549 1039 1572 neo
1057 1550 1172 1577 servio,
1188 1556 1283 1573 carne
1300 1552 1406 1573 autem
1424 1551 1489 1581 leg-i
1507 1553 1635 1579 peccati.

266 1599 425 1634 Prolixus
448 1600 517 1633 iam
540 1597 580 1632 fit
605 1598 754 1645 apostoli
780 1609 912 1637 sermo,
942 1605 1059 1633 nostra
1086 1599 1221 1644 singula
1247 1599 1422 1634 subtiliter
1448 1601 1660 1647 indagantiS‚
1689 1604 1872 1650 variosque

170 1657 355 1692 violentiae
380 1656 505 1691 modos
529 1668 619 1702 quos
638 1656 789 1691 hominis
809 1668 907 1690 mens
933 1658 1003 1702 pati
1029 1657 1117 1691 solet
1143 1658 1177 1691 in
1205 1670 1268 1692 suo
1291 1670 1370 1692 cum
1395 1659 1525 1693 malitia
1552 1660 1726 1695 conflictu.
1755 1661 1873 1695 Adfir-

171 1720 243 1750 mat
267 1722 400 1754 autem,
424 1720 575 1749 mentem
593 1714 805 1760 quandoque
826 1714 869 1748 ad
894 1714 1028 1749 bonum
1051 1722 1190 1760 torpere
1216 1715 1263 1749 ob
1283 1717 1473 1750 carnalium
1500 1719 1700 1763 passionum
1720 1720 1874 1764 tyranni-

172 1774 271 1811 dem,
297 1773 399 1807 simul
427 1779 542 1807 autem
568 1778 736 1806 maestam
763 1771 839 1806 fieri
861 1779 894 1806 et
922 1772 1114 1819 fragilitatis
1140 1785 1221 1808 suae
1247 1774 1397 1820 pudere:
1424 1782 1457 1809 et
1482 1776 1707 1810 involuntarii
1731 1777 1873 1823 quidem

173 1831 303 1876 peccati
321 1841 410 1864 onus
429 1829 577 1864 abiicere
597 1841 740 1875 prorsus
763 1841 832 1863 non
852 1841 972 1875 posse,
993 1830 1219 1865 incumbente
1239 1830 1303 1865 sibi
1323 1832 1547 1867 vehementer
1567 1833 1763 1880 voluptate;
1785 1835 1875 1869 ideo-

174 1900 242 1933 que
261 1888 304 1921 ad
329 1886 559 1921 resistendum
579 1898 651 1921 esse
677 1885 846 1926 debilem,
869 1888 955 1921 nihil
977 1888 1021 1921 ad
1048 1889 1114 1922 hoc
1135 1890 1275 1923 iurante
1295 1890 1383 1935 lege.
1406 1891 1495 1924 Vere
1521 1903 1604 1937 ergo
1630 1892 1731 1926 divus
1749 1893 1875 1927 Paulus

175 1946 276 1983 dicit,
299 1951 413 1979 mente
432 1944 573 1990 quidem
598 1956 633 1978 se
653 1945 790 1979 divinae
810 1945 877 1991 legi
897 1945 1062 1992 obsequi,
1089 1958 1193 1981 carne
1218 1954 1333 1981 autem
1355 1948 1421 1993 legi
1441 1950 1583 1994 peccati.
1605 1950 1717 1996 Atque
1738 1951 1804 1985 hoc
1823 1952 1874 1985 ‹i-

174 2003 277 2037 detur
301 2001 496 2048 significare
513 2013 593 2036 eum
618 2003 680 2035 ait:
705 2002 797 2036 velle
819 2003 963 2048 quidem
988 2004 1120 2038 adiacet
1139 2005 1244 2043 mihi;
1266 2006 1405 2051 operari
1431 2013 1544 2040 autem
1568 2006 1719 2045 bonum,
1744 2021 1874 2054 nequa-

174 2072 292 2107 quam.
322 2060 414 2095 Olim
440 2071 542 2106 ergo,
564 2066 601 2093 ut
628 2061 691 2099 ait,
713 2061 932 2107 propositum
956 2061 1057 2095 nobis
1076 2069 1167 2101 crat,
1188 2069 1358 2108 quantum
1385 2064 1514 2097 adtinet
1538 2065 1580 2098 ad
1607 2067 1732 2099 mentis
1751 2067 1873 2101 volun-

176 2125 300 2157 tatem,
322 2124 360 2152 ut
385 2117 522 2151 divinae
548 2117 616 2164 legi
643 2117 886 2158 obediremus;
909 2119 969 2153 sed
996 2130 1060 2153 nos
1089 2120 1226 2166 impulit
1252 2121 1295 2154 ad
1322 2128 1500 2166 peccatum
1527 2134 1627 2161 caro,
1650 2135 1745 2157 suam
1767 2125 1874 2158 x‘eluti

176 2187 357 2222 opponens
376 2175 606 2209 voluntatem.
636 2176 675 2210 In
701 2176 961 2211 damnationem
989 2178 1093 2223 igitur
1120 2177 1364 2217 incurrebant,
1390 2181 1449 2225 qui
1476 2180 1561 2214 dum
1587 2181 1717 2215 vellent
1742 2187 1873 2215 rectum

178 2244 296 2278 agere,
324 2233 521 2278 passionum
547 2233 730 2278 tyrannide
755 2233 1048 2280 impediebantur.
1078 2235 1144 2269 Sed
1171 2248 1233 2281 per
1255 2236 1430 2270 Christum
1456 2239 1598 2272 cessavit
1624 2238 1817 2277 damnatio,
1840 2240 1874 2272 id

178 2296 229 2324 est
254 2290 442 2324 carnalium
470 2296 630 2325 motuum
656 2293 910 2338 praepotentia.

670 2358 733 2381 ffiex
750 2360 835 2382 enim
851 2358 984 2386 spiritns
1002 2360 1085 2382 vitae
1102 2361 1136 2382 in
1154 2359 1282 2383 clu-isto
1300 2361 1383 2384 lesu.

276 2406 513 2440 Necessarium
538 2408 695 2442 existimo
722 2407 768 2442 ob
796 2416 989 2444 accuratam
1017 2410 1291 2444 declarationem
1319 2422 1482 2445 sensuum
1509 2412 1584 2445 heic
1610 2417 1872 2450 contentorum.

180 2462 268 2497 illud
293 2463 426 2501 dicere,
455 2464 550 2509 quod
578 2466 676 2499 sicuti
704 2467 833 2511 peccati
861 2468 1052 2512 mortisque
1080 2466 1193 2512 legem
1221 2468 1374 2513 appellat
1402 2468 1574 2501 carnalem
1604 2467 1787 2507 affectum,
1815 2470 1875 2514 qui

181 2534 244 2555 nos
270 2521 313 2555 ad
342 2533 445 2555 omne
468 2522 540 2555 vitii
568 2534 675 2567 genus
704 2525 879 2570 perducit;
906 2526 950 2559 ita
978 2537 1119 2571 quoque
1141 2526 1254 2571 legem
1281 2526 1422 2572 spiritns
1448 2526 1536 2559 ritae
1560 2526 1640 2559 dicit
1661 2527 1874 2561 voluntatem

180 2580 387 2625 spiritalem,
416 2579 452 2613 id
476 2586 526 2614 est
549 2581 674 2614 mentis
698 2581 741 2615 ad
768 2589 859 2616 recte
884 2583 1055 2628 agendum
1080 2583 1352 2617 inclinationem.
1382 2583 1447 2616 Sed
1473 2583 1531 2628 qui
1560 2583 1594 2616 in
1615 2595 1752 2617 carnem
1780 2586 1876 2618 semi-

180 2643 258 2676 nat,
287 2639 550 2683 corruptionem
575 2649 616 2672 ex
641 2650 743 2672 carne
770 2646 895 2678 metet;
923 2642 982 2686 qui
1007 2652 1092 2675 vcro
1118 2642 1153 2674 in
1179 2641 1340 2686 spiritum
1367 2641 1529 2678 seminat,
1558 2640 1602 2673 de
1624 2642 1746 2686 spiritu
1770 2649 1875 2676 metet

280 2738 316 2767 (1)
336 2735 378 2761 En
396 2735 534 2770 egregiam
553 2735 650 2771 Cyrilli
667 2735 820 2763 doctrinam
839 2736 873 2764 de
891 2738 994 2769 gratiae
1011 2739 1150 2765 interioris
1168 2738 1346 2769 necessitate,
1368 2737 1482 2765 inferius
1499 2746 1608 2773 quoque
1625 2738 1654 2765 in
1671 2738 1712 2766 his
1732 2747 1874 2766 commen-

183 2779 259 2806 tariis
281 2787 463 2806 recursuram.
484 2780 540 2806 Nec
562 2780 678 2811 mii-nnn
700 2781 801 2807 etenim
823 2781 938 2809 Photius
959 2783 1020 2810 eod.
1041 2784 1112 2810 le.
1134 2790 1184 2809 nos
1206 2782 1286 2809 docet
1307 2782 1441 2817 cyrillum
1465 2787 1559 2809 contra
1583 2782 1745 2818 Pelagianos
1765 2792 1874 2820 quoque

181 2831 229 2851 seu
249 2824 435 2852 Caelestianos
453 2823 487 2851 ad
506 2824 693 2852 Theodosium
714 2824 820 2860 aliquid
840 2826 992 2860 scripsisse.

1744 2885 1758 2910 3

1901 402 1948 425 (Lus
1955 418 1959 422 .
1975 402 1990 421 V
1997 402 2023 422 II.
2041 408 2074 426 531,

1907 809 1943 830 Gr,
1960 816 1980 836 p.
1997 813 2029 831 2³2.

1914 2255 1952 2275 Gr.
1965 2261 1988 2282 p.
2004 2259 2038 2276 25.

1913 2371 1969 2393 ΕΑΓ,
1985 2371 2045 2392 VIII.
2061 2375 2073 2392 2
