2205 3177
769 183 803 206 {N
828 182 978 205 PSALMUM
1006 183 1055 205 lx.
1688 173 1700 205 i
1715 174 1723 205 l
1737 173 1749 205 l

77 260 183 288 strem
210 249 402 297 appellant:
424 250 466 284 ad
487 250 581 285 illam
608 251 700 284 enim
724 249 851 283 directa
878 255 940 282 est.
970 248 1074 287 Cura,
1096 248 1206 294 inquit
1233 249 1399 294 scriptura
1421 249 1452 287 ²,
1479 254 1516 282 ut
1540 249 1655 282 omnia
1679 260 1758 294 per·
1797 254 1822 295 ζ,

78 321 156 355 agas
179 309 223 342 ad
250 310 322 354 typi
341 308 496 353 regulam
513 309 573 354 qui
600 307 662 342 tibi
688 308 723 341 in
748 312 865 340 monte
891 305 956 339 fuit
981 312 1150 339 ostensus.
1180 307 1287 340 Porro
1313 312 1415 351 typus
1439 306 1600 340 ccclesiae
1626 306 1689 340 fuit
1708 313 1759 341 ta-

79 366 318 401 bernaculum.
349 367 386 399 In
406 366 469 399 hac.
489 377 572 411 ergo
599 366 667 399 iam
692 375 831 397 versans
857 362 1016 401 ecclesia,
1040 364 1140 396 Sione
1163 364 1323 408 inquam,
1347 363 1407 397 tibi
1438 363 1601 403 cantabo,
1624 363 1761 398 laudes-

78 437 145 471 que
167 431 242 458 tuas
263 435 382 458 omnes
400 423 513 469 palam
538 423 609 456 sine
629 421 697 455 fine
722 419 914 459 nunciabo,
934 421 1034 453 itaut
1061 420 1192 453 nullam
1217 420 1413 454 celebrandi
1434 427 1566 466 partem
1586 422 1756 455 omittam.

78 482 221 516 Videtur
247 488 360 515 autem
379 482 432 515 his
449 481 564 515 verbis
589 478 795 525 significare,
816 490 1034 523 nequaquam
1054 490 1071 511 a
1091 478 1296 523 degentibus
1321 485 1416 513 extra
1442 479 1616 519 ecclesias,
1636 481 1696 514 sed
1717 480 1760 514 ab

78 541 238 586 ingressis
264 541 298 573 in
325 551 380 573 eas
399 552 460 586 per
479 539 602 576 tidem,
625 537 755 570 laudari
776 538 886 569 Deum
912 536 1048 570 decere.
1078 537 1153 570 Non
1180 537 1272 569 enim
1298 538 1449 582 speciosa
1475 544 1526 571 est
1546 538 1619 571 laus
1637 539 1673 572 in
1699 550 1761 573 ore

79 598 266 643 peccatoris
282 597 346 643 (l).
375 597 439 631 Sed
467 595 644 642 quomodo
668 606 828 628 canemus
854 595 1024 628 canticum
1053 594 1187 627 Domini
1215 594 1247 627 in
1277 600 1367 628 terra
1393 594 1525 629 alicna‘?
1551 596 1655 630 Aiunt
1678 607 1762 641 crgo

77 655 221 689 ethnici:
245 662 427 701 propterea
452 655 494 688 de
513 654 704 687 humilitate
723 664 787 686 nos
806 654 947 691 excitas,
969 659 1006 686 ut
1026 653 1059 685 in
1079 663 1226 697 superna
1246 653 1347 685 Sione
1366 652 1510 686 chorum
1529 653 1754 688 celebremus.

666 719 888 743 Exultabimus
904 720 937 742 in
954 719 1091 742 salutari
1108 720 1171 741 tuo·

173 771 368 805 Secundum
388 782 478 804 xero
502 780 700 815 anagogen,
729 775 865 814 gratum
892 768 1019 803 liabent
1047 769 1290 802 incarnationis
1315 780 1402 813 opus
1428 769 1574 807 ethnici,
1603 771 1695 815 quod
1724 772 1757 803 iu

76 828 213 862 Christo
239 834 401 874 operatus
425 833 475 861 est
502 828 592 860 Deus
612 833 727 872 pater,
748 833 959 860 servatorem
978 826 1304 872 redemptoremque
1328 827 1441 872 ipsum
1467 826 1618 860 efficiens
1641 828 1761 861 mundi

80 887 196 920 totius.
219 885 332 919 Libuit
354 885 446 919 enim
464 885 515 918 illi
535 891 654 918 cuncta
682 896 742 930 per
761 896 841 918 eum
860 885 1050 918 instaurare
1063 910 1071 923 ,
1095 885 1165 918 sive
1183 896 1271 930 quae
1289 885 1323 917 in
1345 884 1445 918 caelis
1464 891 1542 918 sunt
1555 911 1563 923 ,
1585 885 1655 918 sive
1673 896 1762 930 quae

79 945 114 977 in
133 950 234 977 terra:
257 943 475 988 Quapropter
494 942 536 976 ad
555 941 660 976 fidem
681 949 914 981 accesserunt,
932 954 993 976 ceu
1013 954 1101 987 quac
1122 942 1284 976 inducere
1302 943 1390 976 intra
1410 949 1527 988 portas
1548 942 1636 976 filiae
1654 943 1762 976 Sionis

80 1007 202 1046 potest.
231 1000 452 1034 Salutiferum
471 1007 585 1034 autem
604 999 732 1045 ubique
751 1000 919 1046 scriptura
938 1000 1111 1034 Christum
1135 1007 1321 1046 nuncupat.
1345 1001 1457 1040 Quare
1477 1002 1609 1034 canitur
1628 1013 1668 1035 ex
1689 1012 1761 1047 per-

78 1069 161 1092 sona
186 1057 418 1103 quorumdam
444 1058 629 1092 adventum
656 1058 728 1092 eius
753 1058 1019 1103 discupientium
1040 1058 1068 1090 ἐ
1090 1057 1233 1091 ostende
1260 1056 1377 1098 nobis,
1398 1059 1543 1091 Domine
1567 1059 1762 1092 misericor-

77 1115 170 1148 diam
197 1121 308 1155 tuam,
329 1122 360 1149 et
388 1116 536 1149 salutare
561 1122 660 1149 tuum
683 1116 727 1149 da
753 1115 865 1149 nobis.

614 1182 653 1204 111
670 1182 782 1209 laqueo
799 1183 859 1204 isto
875 1187 966 1208 quem
983 1182 1223 1204 absconderunt.

175 1231 369 1264 Secundum
394 1243 478 1265 vero
504 1243 700 1277 anagogen,
729 1232 884 1266 ethnicos
909 1231 1024 1265 dicere
1049 1237 1188 1276 oportet
1214 1232 1384 1277 impuram
1410 1231 1619 1265 daemonum
1642 1232 1761 1266 multi-

79 1288 256 1326 tudinem,
278 1289 335 1334 qui
362 1289 530 1322 Servatori
556 1290 803 1323 concinnarunt
830 1289 968 1327 mortis,
990 1295 1027 1322 ut
1055 1294 1145 1322 certe
1172 1289 1234 1334 ipsi
1261 1288 1446 1334 putabant,
1469 1290 1621 1323 exitium.
1650 1291 1761 1324 Duces

80 1346 172 1379 enim
200 1345 339 1379 fuerunt
369 1346 521 1379 iudaicae
547 1347 720 1385 vesaniae,
748 1346 906 1380 ministro
931 1352 1066 1380 utentes
1095 1345 1266 1391 discipulo
1292 1347 1521 1380 furacissimo:
1551 1358 1670 1380 verum
1696 1348 1759 1393 ipsi

80 1404 188 1448 magis
213 1403 387 1447 illaqueati
413 1410 508 1441 sunt,
530 1415 635 1448 quam
659 1404 688 1437 is
713 1415 832 1449 passus
857 1404 1013 1448 ipsorum
1040 1402 1191 1437 insidias.
1220 1404 1375 1438 Redemit
1403 1405 1495 1438 enim
1520 1406 1664 1450 proprio
1683 1416 1761 1439 san-

78 1462 182 1505 guine
200 1461 388 1499 mundum,
410 1466 511 1506 atque
530 1472 547 1494 a
566 1460 696 1494 diaboli
715 1461 854 1495 saevitia
874 1460 1043 1495 liberavit.
1067 1463 1152 1495 Nam
1179 1462 1282 1498 dixit,
1304 1474 1374 1507 quo
1397 1469 1553 1508 tempore
1576 1463 1761 1497 salutarem

78 1529 215 1552 crucem
240 1530 402 1564 passurus
428 1525 520 1552 erat:
542 1530 633 1553 nunc
656 1518 823 1553 iudicium
849 1526 899 1553 est
924 1520 1046 1553 mundi
1071 1520 1190 1557 huius,
1211 1532 1303 1554 nunc
1328 1522 1487 1567 princeps
1511 1521 1612 1555 huius
1637 1521 1758 1555 mundi

78 1575 269 1621 expelletur
289 1576 313 1609 '.
342 1577 399 1615 Et,
420 1577 447 1610 si
473 1576 639 1611 exaltatus
658 1576 757 1610 fuero
781 1588 799 1610 a
826 1583 933 1615 terra,
955 1589 1075 1611 omnes
1093 1577 1136 1611 ad
1156 1590 1211 1612 me
1230 1578 1439 1624 pertraham.
1468 1580 1622 1625 Denique
1643 1591 1760 1625 perse-

78 1638 214 1667 cutores
238 1633 273 1666 id
302 1635 390 1679 passi
414 1641 512 1673 sunt,
533 1634 629 1680 quod
658 1634 732 1668 aliis
757 1635 892 1669 fuerant
915 1635 1112 1669 machinati.

661 1700 701 1723 111
719 1702 864 1728 open-ibus
881 1707 1032 1724 manuum
1048 1702 1115 1724 eius
1131 1702 1173 1731 (¹3).

174 1750 368 1783 Secundum
391 1761 475 1783 vero
501 1761 694 1795 anagogen,
717 1757 813 1784 recto
837 1751 965 1785 iudicio
991 1758 1148 1797 peracto,
1171 1763 1350 1797 poenaque
1375 1754 1440 1787 reis
1466 1753 1613 1792 inflicta,
1635 1765 1764 1799 cogno—

78 1807 185 1840 scitur
213 1808 378 1841 Dominus
404 1819 421 1841 a
447 1807 668 1842 credentibus
690 1809 725 1841 in
744 1820 842 1845 eum,
864 1820 933 1842 ceu⁴
950 1810 1076 1847 iustus,
1098 1816 1250 1845 sanctus.
1272 1816 1473 1856 potensque.
1502 1812 1657 1857 Namque
1676 1823 1761 1858 ope-

79 1863 176 1898 ribus
194 1876 359 1898 manuum
377 1866 450 1899 eius
468 1871 587 1910 captus
606 1871 654 1899 est
673 1872 844 1911 peccator.
868 1867 941 1900 Hoc
960 1866 1143 1912 dupliciter
1162 1867 1353 1913 intelligere
1372 1880 1571 1914 possumus:
1593 1875 1651 1903 aut
1669 1870 1760 1903 enim

80 1923 113 1955 in
139 1923 199 1955 Dei
225 1934 365 1963 manus,
387 1929 562 1969 tamquam
588 1924 623 1958 in
649 1924 829 1969 laqueum,
852 1924 1005 1958 incidens
1033 1932 1208 1971 peccator,
1230 1927 1400 1971 nequitiae
1426 1939 1506 1961 suae
1531 1939 1658 1973 poenas
1686 1928 1757 1963 dat.

79 1980 146 2013 Aut
173 1992 313 2014 suarum
331 1992 495 2015 manuum
521 1981 685 2027 operibus
704 1983 854 2016 irretitus
880 1983 1046 2028 capietur.
1076 1984 1161 2017 Nam
1179 1985 1238 2029 qui
1265 1984 1400 2018 foveam
1419 1986 1578 2031 proximo
1598 1986 1703 2025 fodit,
1725 1988 1759 2020 in

78 2039 188 2083 ipsam
213 2039 360 2073 decidet.
390 2040 520 2073 Iustum
540 2052 620 2073 vere
645 2041 809 2074 iudicium
828 2047 894 2079 est,
917 2047 952 2074 ut
972 2042 1030 2086 qui
1055 2041 1187 2075 homini
1212 2049 1361 2076 mortem
1385 2050 1540 2082 struunt,
1562 2045 1597 2078 in
1616 2045 1761 2079 eandem

79 2097 290 2142 impingant,
319 2098 391 2131 Deo
418 2097 574 2131 fraudem
602 2105 722 2132 contra
749 2098 1008 2132 fraudulentum
1040 2106 1272 2134 convertente.
1301 2101 1517 2135 Peccatorem
1546 2108 1660 2136 autem
1686 2103 1761 2137 heic

79 2153 227 2199 appellat
251 2154 359 2188 David
379 2161 437 2188 aut
462 2154 619 2189 absolute
639 2156 737 2190 illum
762 2158 821 2201 qui
848 2163 1068 2202 peccatorum
1087 2169 1166 2191 reus
1192 2163 1258 2190 est:
1281 2169 1429 2204 namque
1457 2160 1600 2193 omnino
1625 2171 1761 2194 necesse

81 2216 147 2248 est,
169 2222 248 2245 eum
267 2213 326 2257 qui
345 2213 392 2247 sic
410 2213 515 2246 vitam
534 2214 695 2252 instituit,
718 2215 787 2248 suis
804 2215 887 2259 ipsis
906 2213 1070 2259 operibus
1088 2221 1335 2260 compunctum
1354 2216 1488 2261 puniri;
1509 2218 1760 2251 suorum·enim

81 2268 225 2313 quisque
250 2277 469 2314 peccatorum
488 2273 614 2305 catenis
632 2272 792 2306 vincitur.
822 2273 890 2306 Aut
917 2279 1131 2318 peccatorem
1150 2273 1301 2319 appellat
1320 2274 1491 2308 iiidaicum
1518 2275 1707 2321 populum:
1728 2281 1760 2308 et

82 2325 207 2358 merito
226 2326 258 2359 id
279 2327 435 2372 quidem:
457 2330 579 2362 mansit
607 2331 699 2363 enim
725 2331 760 2363 in
785 2331 854 2363 suis
882 2329 1060 2369 sordibus,
1083 2331 1211 2376 gratiae
1240 2330 1413 2366 lavacrum
1442 2333 1579 2371 nolens,
1602 2339 1703 2378 atque
1726 2333 1760 2366 in

83 2383 153 2416 suis
171 2389 327 2417 mortuus
345 2391 395 2418 est
414 2386 626 2421 criminibus.
651 2389 803 2434 Denique
824 2395 1041 2434 peccatorem
1063 2389 1239 2435 appellare
1259 2391 1415 2424 Satanam
1435 2402 1574 2436 quoque
1593 2390 1669 2423 licet
1689 2402 1761 2436 pec-

83 2441 146 2474 cati
171 2441 402 2481 inventorem,
424 2445 483 2488 qui
509 2446 597 2479 iusto
622 2446 749 2480 iudicio
768 2448 1022 2480 circumventus
1041 2446 1120 2485 fuit,
1144 2448 1292 2493 propriis
1311 2448 1487 2482 convictus
1504 2447 1686 2493 operibus:
1709 2449 1762 2481 in-

81 2498 224 2532 sidiatus
247 2505 296 2532 est
323 2500 432 2540 enim,
455 2501 513 2535 sed
542 2503 669 2538 decidit
696 2504 760 2538 sub
785 2511 982 2539 sanctorum
1009 2505 1127 2551 pedes.

590 2567 821 2593 Convertamur
837 2572 1012 2598 peccatores
1028 2571 1062 2593 in
1080 2571 1253 2593 infernmu-

179 2614 373 2648 Secundum
398 2627 481 2649 vero
511 2628 707 2662 anagogen,
734 2620 928 2654 vehementi
958 2621 1018 2654 Dei
1045 2632 1162 2654 amore
1189 2621 1350 2654 commoti
1378 2619 1571 2659 credentes,
1600 2621 1760 2655 videntur

83 2672 123 2706 iis
147 2672 329 2718 imprecari
355 2673 412 2718 qui
441 2673 563 2707 Christi
590 2675 774 2710 adventum
799 2684 831 2710 et
858 2678 1105 2723 optatissimam
1131 2678 1275 2722 gratiam
1295 2684 1480 2723 negarunt,
1501 2690 1568 2724 qua
1594 2677 1667 2713 fieri
1697 2691 1759 2726 po-

181 2772 217 2802 (l)
236 2770 277 2796 En
297 2778 394 2797 rursus
417 2771 531 2797 citatum
554 2779 568 2798 a
589 2772 691 2808 Cyrillo
712 2773 934 2802 Ecclesiastieum
954 2783 1012 2810 cap.
1033 2776 1094 2801 XV.
1116 2778 1140 2801 9.

182 2817 217 2847 (2)
236 2815 339 2843 Graece
354 2816 448 2847 αύτεῡ,
468 2815 541 2851 quod
562 2820 617 2843 tam
636 2816 669 2844 de
681 2818 738 2844 Deo
756 2826 837 2853 quam
857 2818 889 2846 de
911 2820 969 2855 ipso
989 2823 1127 2854 peccatore
1148 2818 1264 2854 intelligi
1284 2827 1361 2854 posse
1381 2820 1420 2847 ait
1439 2827 1500 2848 mox
1518 2820 1647 2857 Cyrillus.
1669 2822 1759 2856 Quare

83 2861 111 2884 et
129 2866 179 2886 nos
198 2867 254 2886 non
272 2868 388 2887 samiam
410 2859 456 2887 sed
475 2862 534 2888 elus
553 2861 709 2895 posuimus,
729 2866 761 2889 ut
780 2862 918 2898 duplicem
939 2871 1050 2892 sensum
1071 2870 1299 2891 conservaremus.

1822 251 1890 272 Emi.
1905 251 1965 273 XXV

1796 284 1835 325 (lit
1849 311 1872 331 p.
1890 308 1932 326 173.

1799 1060 1811 1103 ἑ
1825 1058 1861 1079 Ps.
1874 1058 1992 1080 LXXXIV.

1798 1192 1818 1207 V.
1836 1190 1865 1208 115.

1799 1598 1805 1605 '
1823 1594 1872 1615 [oh.
1888 1595 1936 1616 XII⁴
1953 1597 1982 1616 21μ

1800 1712 1820 1727 V.
1838 1710 1868 1727 Π.

1799 1884 1837 1905 Gr.
1852 1891 1874 1910 μ.
1892 1887 1926 1905 175
