2205 3177
664 178 697 200 IN
723 177 875 200 PSALMUM
901 175 997 198 XXIV.
1027 175 1112 197 XXV.
1139 175 1178 197 ET
1205 175 1302 197 XXVI.
1758 161 1823 196 139

144 251 270 279 tatores
289 243 336 288 (l)
350 269 357 280 ,
379 242 570 276 cuiusmodi
590 248 688 275 erant
706 242 757 274 illi
775 241 834 285 qui
854 239 897 272 de
917 239 1051 272 Christo
1077 238 1234 272 dicebant
1255 238 1284 271 ἐ
1306 237 1398 271 unde
1424 237 1505 271 huic
1524 237 1619 282 signa
1637 242 1671 270 et
1690 236 1825 281 sapien-

144 303 188 336 tia
214 302 318 335 haec?
337 300 515 346 quomodo
534 300 587 333 hic
608 300 737 333 litteras
756 300 834 336 scit,
855 308 963 342 quum
981 308 1051 330 non
1072 297 1228 330 didicerit
1250 297 1283 330 Ῥ
1303 296 1384 329 Vel:
1407 307 1467 329 cur
1488 301 1542 333 tu,
1564 294 1623 339 qui
1642 293 1749 327 homo
1767 304 1822 331 es,

144 361 254 393 Deum
274 365 305 392 te
325 359 404 392 facis
425 359 460 392 'P
478 359 605 392 Verum
625 358 681 391 hic
699 356 845 401 simplici
866 354 934 388 fide
954 354 996 387 de
1017 361 1123 387 semet
1149 355 1224 399 ipso
1243 354 1408 398 loquens,
1430 354 1465 386 in
1492 352 1685 385 innocentia
1705 350 1825 384 ambu-

146 417 230 455 lavi,
251 417 309 450 ait.
339 417 390 450 Sic
415 417 518 450 etiam
543 416 708 460 scriptum
733 420 799 447 cst:
822 419 911 445 recte
931 412 974 445 de
994 413 1065 445 Deo
1084 413 1223 447 sentite,
1246 411 1461 456 simplicique
1486 409 1590 443 corde
1610 421 1688 442 eum
1707 409 1827 454 exqui-

147 476 209 508 rite
229 474 289 520 (2).
319 475 379 507 llis
397 475 489 507 enim
509 485 543 506 se
563 473 786 517 conspicuum
805 469 955 503 ostendit
974 469 1145 505 Clu-istus,
1168 469 1273 501 veluti
1294 468 1343 501 illi
1364 480 1381 501 a
1401 469 1575 501 natixitate
1599 478 1659 500 sua
1679 478 1779 500 raeco
1800 467 1823 499 ⁹.

147 533 236 577 Ergo
263 531 348 565 fides
374 533 409 565 in
435 531 586 568 Christo,
607 531 679 563 sine
706 529 775 562 ulla
802 527 930 561 malitia
956 532 988 560 et
1015 527 1150 559 sincero
1177 537 1255 559 cum
1281 526 1403 562 eorde,
1426 524 1605 559 cuiuslibet
1624 524 1706 558 boni
1727 524 1828 557 mini-

145 596 215 623 stra
241 595 304 623 est.

672 651 711 673 ln
730 651 863 673 Domino
881 656 1010 677 sperans
1027 655 1088 670 nou
1106 647 1300 670 infirmabor.

242 705 319 738 Non
346 701 550 741 cunctabor,
572 712 641 735 non
661 699 932 746 tergix·ersab01‘;
955 698 1089 732 firmani
1112 698 1232 731 faciam
1252 696 1538 742 postulationem,
1557 697 1592 728 in
1613 702 1645 729 te
1664 694 1828 729 fiduciam

147 762 336 797 collocans:
360 761 470 795 habeo
496 761 588 794 enim
608 765 640 792 tc
660 758 768 792 robur
793 769 922 791 meum.
952 777 973 782 —
999 757 1064 797 Qui
1084 757 1117 789 in
1137 768 1171 789 se
1191 756 1266 800 ipso
1292 754 1345 788 vel
1374 754 1442 787 alio
1465 754 1630 798 quopiam
1650 764 1746 799 spem
1765 764 1829 799 po-

148 822 217 859 nit,
239 819 337 854 facile
363 817 513 855 nutabit;
534 818 591 863 qui
619 823 732 850 autem
751 816 785 849 in
804 815 970 853 Domino,
992 825 1062 847 non
1082 824 1234 847 commox
1244 811 1371 846 ebitur.
1401 812 1432 845 Si
1452 811 1555 844 animi
1575 809 1715 843 affectus
1734 821 1830 842 scru-

149 877 291 916 taberis,
313 878 346 910 in
374 876 446 910 sola
466 881 523 909 tua
543 874 778 908 misericordia
804 873 928 907 mentis
946 883 1042 905 meae
1062 872 1259 904 universum
1279 869 1431 913 studium
1451 867 1603 902 defixum
1623 867 1829 913 comperies:

147 935 241 982 quod
267 935 351 969 dum
378 933 483 972 facio,
504 939 621 979 gratus
648 931 709 966 tibi
735 930 834 969 fiam,
855 931 914 976 qui
941 936 1034 963 tuam
1060 929 1168 973 diligo
1195 928 1386 961 veritatem.

785 1026 1016 1066 PSALMUS
1044 1025 1190 1063 XXVI.

650 1114 796 1137 Psalmus
812 1113 928 1136 Davidi
945 1112 1131 1139 priusquam
1149 1110 1332 1138 ungeretur.

244 1166 416 1210 Congruet
436 1175 597 1210 praesens
613 1175 752 1209 quoque
772 1163 924 1209 psalmus
944 1172 1111 1208 personae
1130 1161 1210 1193 noxi
1230 1159 1368 1205 populi,
1390 1158 1449 1203 qui
1477 1169 1539 1203 per
1558 1156 1665 1190 fidem
1685 1157 1718 1189 in
1737 1156 1835 1190 Chri-

149 1229 203 1257 sto
228 1222 399 1269 perfectus
417 1229 480 1255 est.
508 1223 664 1267 Namque
683 1221 750 1255 huc
768 1220 999 1254 introducitur
1019 1218 1218 1264 spiritaliter
1236 1218 1304 1250 iam
1324 1216 1431 1249 factus
1457 1215 1611 1253 adultus,
1634 1221 1665 1247 ct
1686 1215 1835 1248 cuiusvis

151 1280 234 1315 boni
253 1292 349 1326 spem
367 1281 402 1313 in
421 1280 555 1313 Christo
574 1291 763 1325 reponens,
780 1278 990 1322 studensque
1010 1277 1157 1310 maxime
1178 1287 1219 1308 ne
1238 1273 1417 1308 laboribus
1436 1273 1551 1311 cedat,
1569 1284 1672 1306 orans
1691 1278 1727 1305 ut
1746 1272 1836 1306 Chri-

150 1339 192 1372 sti
218 1337 353 1383 legibus
377 1338 563 1383 dirigatur,
585 1343 618 1370 et
637 1338 671 1370 in
692 1343 819 1370 rectam
837 1337 928 1369 viam
948 1335 1150 1368 deducatur.
1179 1333 1365 1366 Conveniet
1385 1332 1476 1365 idem
1497 1331 1648 1377 psalmus
1668 1342 1737 1364 non
1764 1330 1836 1366 sine

151 1407 249 1430 causa
275 1396 377 1430 etiam
396 1395 466 1428 dixi
482 1395 621 1429 Davidis
647 1405 831 1440 personae,
853 1405 871 1427 a
889 1404 960 1438 quo
979 1399 1013 1426 et
1031 1392 1243 1437 compositus
1267 1390 1330 1424 fuit
1356 1396 1433 1423 ante
1459 1401 1563 1434 quam
1582 1389 1616 1422 in
1638 1399 1755 1433 regem
1773 1400 1835 1422 un-

149 1458 299 1498 geretur.
328 1452 532 1486 Praevidens
550 1453 640 1485 enim
667 1452 800 1489 futura,
821 1449 867 1484 ob
894 1450 1000 1483 sancti
1026 1450 1172 1495 Spiritus
1199 1449 1502 1485 illuminationem,
1524 1446 1702 1492 probeque
1727 1446 1837 1480 sciens

149 1521 186 1544 se
209 1509 358 1544 electum
384 1510 425 1543 iri
451 1509 610 1544 Israhelis
635 1519 771 1554 regem,
797 1515 831 1542 et
856 1509 928 1541 sine
955 1506 1063 1541 dubio
1088 1507 1308 1540 incursurum
1334 1506 1368 1538 in
1395 1506 1583 1550 insperatas
1610 1504 1834 1542 tentationes,

150 1566 259 1605 bella,
281 1566 430 1613 proelia,
453 1573 555 1612 atque
574 1566 659 1600 alios
676 1565 953 1600 vicissitudinum
973 1564 1115 1603 fluctus,
1138 1563 1239 1597 multi
1259 1564 1351 1597 enim
1370 1561 1563 1596 illustribus
1582 1561 1669 1595 adeo
1687 1562 1770 1595 viris
1795 1561 1838 1595 li-

150 1630 268 1658 center
286 1623 509 1664 insidiantur,
525 1624 613 1659 latus
631 1622 894 1669 quodammodo
913 1622 1073 1667 accingit,
1089 1628 1123 1655 et
1140 1621 1247 1655 veluti
1265 1621 1332 1654 iam
1351 1620 1540 1665 praesentia
1560 1625 1734 1665 spectans,
1750 1630 1838 1664 quae

150 1688 248 1717 erant
273 1682 405 1721 futura,
427 1688 528 1728 atque
554 1682 597 1716 ad
623 1682 822 1728 patientiam
849 1693 908 1715 cor
934 1692 1034 1714 suum
1061 1690 1285 1725 praeparans,
1312 1684 1521 1711 armaturam
1547 1678 1707 1711 invictam
1735 1688 1839 1723 repu-

151 1746 227 1773 tans
245 1740 306 1774 Dei
332 1740 516 1779 auxilium,
537 1746 572 1774 et
596 1752 632 1774 se
657 1738 700 1773 ab
719 1740 922 1773 adversariis
941 1739 1010 1773 suis
1029 1738 1244 1784 superiorem
1268 1735 1498 1769 discessurum
1518 1745 1677 1781 sperans,
1699 1745 1838 1780 precem

152 1797 344 1832 exorditur.

394 1871 550 1898 Quoniam
566 1872 729 1894 abscondit
744 1878 792 1894 me
809 1872 842 1894 in
860 1871 1066 1894 tabernaculo
1082 1877 1153 1898 suo,
1169 1871 1203 1892 in
1220 1870 1272 1892 die
1287 1869 1442 1892 malorum
1459 1874 1597 1891 meorum

857 1916 996 1943 protexit
1013 1921 1060 1937 me
1077 1917 1134 1937 etc.

248 1969 542 2004 Aceommodandi
562 1977 639 2004 sunt
659 1970 819 2004 versiculi
845 1970 947 2004 etiam
965 1970 1095 2003 vocatis
1115 1980 1176 2014 per
1196 1968 1301 2002 fidem
1314 1994 1321 2005 ‚
1343 1967 1599 2011 dicendumque
1618 1965 1837 1999 incumbente

153 2028 387 2064 calamitatum
412 2030 760 2074 persecutionumque
786 2029 898 2068 mole,
920 2035 1001 2062 tunc
1023 2029 1150 2066 Deum,
1172 2034 1210 2061 ut
1236 2028 1279 2061 ait
1302 2027 1437 2071 Moyses
1458 2025 1487 2063 '‚
1509 2024 1642 2069 aquilae
1661 2024 1767 2057 instar
1785 2024 1838 2056 ni-

154 2088 238 2122 dum
264 2099 364 2121 suum
390 2093 589 2133 protegere,
610 2088 835 2133 expansisque
861 2086 924 2121 alis
950 2086 1028 2120 illos
1055 2086 1097 2120 ad
1123 2098 1158 2120 se
1184 2087 1357 2131 recipere,
1380 2095 1491 2129 neque
1517 2084 1627 2117 sinere
1653 2089 1690 2116 ut
1716 2082 1838 2116 adver-

153 2145 232 2179 sarii
258 2144 480 2179 dominentur
506 2146 674 2190 ipsorum.
703 2146 778 2178 Hoc
804 2145 895 2178 enim
921 2144 1078 2178 denotari
1106 2150 1190 2189 puto
1216 2142 1331 2176 zerbis
1360 2156 1375 2172 «
1404 2140 1643 2179 tabernaculo,
1665 2147 1698 2174 et
1725 2138 1840 2173 taber-

155 2203 268 2237 naculi
294 2202 449 2237 occultis.
475 2217 490 2234 »
512 2204 589 2237 Non
616 2202 728 2235 solum
756 2208 890 2241 autem,
912 2203 1044 2246 inquit,
1066 2200 1245 2234 abscondit
1266 2211 1321 2233 me
1340 2205 1371 2233 et
1399 2199 1568 2245 protexit,
1590 2209 1711 2232 verum
1737 2198 1840 2230 etiam

154 2261 190 2294 in
217 2267 313 2307 petra
339 2260 498 2294 exaltavit
523 2271 590 2293 me.
621 2261 753 2293 Petram
781 2266 894 2292 autem
925 2260 1002 2292 heic
1026 2258 1172 2292 dicimus
1198 2257 1250 2291 vel
1278 2258 1458 2290 immotam
1484 2262 1517 2289 et
1543 2255 1691 2289 solidam
1718 2254 1841 2288 mentis

155 2319 381 2353 constantiam
407 2318 442 2351 in
468 2317 692 2363 perferendo,
714 2317 769 2350 vel
797 2317 970 2350 Christum
996 2317 1031 2350 in
1052 2328 1123 2361 quo
1149 2327 1269 2350 omnes
1295 2316 1452 2348 nitimur:
1475 2320 1524 2348 est
1549 2314 1641 2347 enim
1667 2313 1739 2357 ipse
1764 2323 1841 2345 om-

156 2376 252 2409 nium
279 2374 465 2413 fortitudo,
486 2381 519 2408 et
545 2375 784 2409 inconcussum
813 2373 1094 2407 fundamentum:
1117 2374 1170 2407 cui
1197 2373 1367 2418 impositi,
1387 2383 1450 2418 per
1469 2370 1573 2404 fidem
1594 2376 1625 2403 et
1653 2368 1841 2403 sanctifica-

157 2434 287 2467 tionem
304 2432 523 2467 extollimur:
548 2432 630 2466 nihil
658 2433 749 2466 enim
776 2433 811 2466 in
837 2432 972 2466 Christo
998 2432 1094 2466 humi
1118 2432 1223 2477 repit;
1244 2431 1304 2465 sed
1324 2431 1396 2464 eius
1423 2428 1592 2462 mandatis
1618 2426 1842 2461 sublevantur

156 2492 192 2525 in
211 2491 319 2525 altum
345 2490 460 2524 dilecti
479 2491 604 2536 ipsius;
624 2491 660 2523 in
681 2489 817 2525 culmen
835 2490 913 2524 dico
932 2491 1086 2528 virtutis,
1106 2491 1186 2535 qnia
1204 2489 1288 2522 nihil
1307 2488 1413 2522 sancti
1433 2486 1603 2521 abiectum
1625 2484 1770 2523 liabent,
1792 2485 1841 2518 uti

157 2550 325 2595 scriptum
351 2555 402 2582 est
420 2549 452 2587 “,
475 2548 570 2594 quod
596 2549 656 2582 Dei
683 2549 788 2583 fortes
813 2561 832 2582 e
858 2555 948 2583 terra
974 2548 1075 2582 valde
1101 2548 1223 2582 elex‘ati
1250 2553 1327 2580 sunt
1353 2546 1413 2591 (3).

257 2675 292 2704 (t)
311 2671 480 2698 Noniinatim
499 2674 597 2699 contra
615 2675 780 2699 scrutatores
799 2676 891 2699 extant
909 2671 1010 2707 egregii
1025 2671 1052 2697 S.
1070 2669 1225 2705 Ephraeniii
1244 2676 1384 2696 sermones
1405 2668 1555 2699 nonaginta
1571 2670 1641 2702 (syr.
1658 2666 1705 2693 lat.
1723 2667 1754 2693 T.
1772 2666 1839 2697 111.)

159 2725 229 2752 quae
247 2720 287 2743 est
306 2715 402 2743 eximia
422 2723 470 2750 pro
494 2714 557 2742 fidei
580 2715 744 2742 christianae
768 2715 942 2750 dogmatibus
966 2714 1094 2750 panoplia
1118 2713 1246 2740 adversus
1271 2713 1373 2747 priscos
1398 2711 1555 2738 incredulos
1579 2715 1626 2737 aut
1650 2710 1839 2742 cavillatores,

159 2761 206 2798 qui
226 2760 259 2788 ab
278 2759 418 2787 hodiernis
437 2767 493 2787 non
512 2759 654 2793 differunt.

257 2808 293 2837 (2)
312 2805 374 2840 Sap.
397 2805 418 2830 1.
443 2808 465 2831 1.
486 2804 584 2831 Adhuc
603 2804 716 2831 observa
737 2803 877 2831 laudatum
897 2813 912 2831 a
931 2804 1034 2840 Cyrillo
1053 2802 1207 2838 Sapientiae
1228 2802 1339 2829 libmin.

258 2852 293 2882 (3)
313 2850 353 2877 De
372 2849 423 2876 hac
442 2848 559 2876 lectione
577 2856 627 2875 suo
646 2848 706 2875 loco
726 2847 853 2883 deinceps
872 2847 1004 2876 dicemus.

1863 238 1968 285 ἐᾲΜιΊίῑῘι.
1984 238 2044 259 xm,

1866 306 1873 315 *
1888 304 1938 325 1011.
1951 304 2000 325 Vll.
2016 308 2046 325 15.

1864 364 1873 373 ¹
1888 361 1938 383 loh.
1953 362 1981 383 x.
1995 364 2028 383 325.

1866 479 1874 486 ⁸
1890 476 1940 497 loti.
1956 476 1993 497 tx.
2010 479 2042 497 37.

1868 763 1906 784 Gr.
1921 769 1944 790 p.
1959 766 2005 784 219.

1878 2024 1967 2071 IIDeut.
1980 2023 2071 2045 xxxn.

1879 2379 1917 2400 Gr.
1932 2384 1955 2405 p.
1971 2382 2016 2399 221·-

1883 2561 1888 2566 ’
1902 2556 1937 2577 Ps.
1951 2555 2028 2577 XLVI.
2043 2558 2073 2575 io.
