2205 3177
500 173 533 194 ix
558 173 737 196 ErisroLAM
763 172 786 195 1.
815 172 857 194 AD
882 171 1074 194 CORINTHIOS
1099 172 1170 194 car.
1200 172 1259 194 vu.
1288 171 1361 194 viu.
1391 172 1426 193 x.
1758 160 1799 193 41

132 237 255 282 roquin
265 261 272 275 ,
287 235 348 274 ait,
364 235 576 280 impossibile
590 242 655 275 est,
672 247 734 270 nos
748 235 903 269 homines
915 240 1014 268 natos
1027 235 1197 268 servitutis
1208 246 1334 269 nomen
1348 236 1473 268 vitare:
1487 234 1600 268 omnis
1614 234 1705 267 enim
1718 245 1806 267 crea-

131 300 206 327 tura
225 304 321 326 serva
340 299 405 326 est:
427 304 533 337 quare
552 300 584 326 et
607 305 724 327 servus
743 292 780 325 fit
798 291 941 325 libertus
968 292 1002 324 in
1027 292 1179 330 Christo,
1201 299 1234 326 et
1258 304 1377 326 serius
1396 299 1444 326 est
1466 292 1608 325 omnino
1626 291 1684 324 ille
1703 291 1805 324 etiam

130 351 187 396 qui
207 350 250 383 ad
269 349 461 384 libertatem
480 357 620 384 vocatus
639 357 708 389 est,
725 355 762 383 ut
780 350 814 382 in
834 348 967 394 psalmo
986 348 1112 382 dicitur
1127 350 1157 381 “,·
1178 363 1193 380 «
1210 351 1373 394 quoniam
1387 350 1502 383 omnia
1521 349 1672 383 serviunt
1690 347 1765 382 tibi.
1785 363 1800 380 η

225 407 381 442 Ostendit
401 415 513 441 autem
532 420 626 442 sacer
645 408 821 452 magister,
839 404 885 439 ob
904 405 1006 438 aliam
1024 417 1163 450 quoque
1183 407 1350 439 rationem
1369 406 1543 440 debitores
1562 418 1633 439 esse
1651 405 1801 444 Christo,

129 465 186 510 qui
207 476 269 510 per
288 477 367 498 eum
387 467 509 499 servati
535 472 624 499 sunt.
654 464 734 497 Ideo
759 463 858 497 dicit:
881 464 991 508 pretio
1018 464 1124 508 empti
1150 464 1245 499 estis,
1270 464 1377 496 nolite
1397 463 1470 497 sieri
1494 464 1582 496 servi
1609 463 1801 496 hominum.

129 523 241 568 Empti
262 523 350 556 enim
372 535 490 569 reapse
510 524 621 569 pretio
643 522 785 559 fuimus,
808 521 972 554 fundente.
999 532 1062 566 pro
1081 520 1181 554 uobis
1205 522 1369 565 sauguine
1389 532 1469 558 suo.
1491 522 1667 554 communi
1686 528 1805 555 nostro

128 586 302 614 servatore
329 580 479 615 Christo:
501 581 608 626 erepti
634 578 763 613 diaboli
790 578 971 624 tyrannide
999 584 1031 612 et
1057 577 1266 611 daemonum
1285 578 1442 617 saevitia,
1464 579 1497 611 in
1525 577 1717 612 libertatem
1742 590 1806 623 per

128 637 302 671 Christum
320 639 430 671 vocati
451 638 588 671 fuimus.
610 638 726 682 Itaque
743 642 782 669 ut
798 637 922 681 empti.
944 641 1128 680 vestroque
1148 635 1297 680 emptori
1315 636 1420 668 xitam
1440 634 1620 673 debentes,
1637 647 1680 669 ne
1696 637 1802 674 servi.

127 696 258 740 iuquit,
280 695 459 729 hominum
486 694 585 729 fiatis.
614 696 731 740 Neque
757 706 836 728 eum
855 694 999 727 suadere
1026 693 1188 731 dicimus,
1210 699 1247 726 ut
1267 691 1310 726 al)
1332 693 1479 726 humana
1503 694 1665 727 servitute
1684 694 1805 740 profu-·

129 753 242 799 giant„
264 753 323 786 sed
349 754 472 787 docere
499 753 631 798 potiuS,
654 759 685 786 ct
707 764 787 787 sane
810 753 1016 791 rectissime,
1037 763 1079 784 ne
1105 750 1340 795 obsequantur
1365 750 1404 783 iis
1423 751 1481 795 qui
1501 750 1677 784 credentes
1698 752 1806 784 nitun-

127 816 184 843 tur
211 811 393 844 transferre
421 810 463 844 ad
492 808 575 855 legis
605 809 859 843 observantiam
881 810 948 855 (1),
979 810 1176 854 priscaeque
1204 808 1334 841 fraudis
1360 819 1531 841 vencnum
1556 808 1805 853 simpliciorum

128 867 305 901 animabus
332 867 468 905 afflare,
490 874 522 900 ct
543 867 679 901 dierum
706 868 947 912 mensiumque
975 867 1253 912 superstitionem
1276 866 1467 901 insinuare,
1489 871 1520 898 et
1549 864 1715 898 arbitratu
1742 876 1806 898 suo

126 935 230 969 quem
255 924 428 970 appellant
454 925 605 961 cultum:
635 931 737 970 atque
762 925 845 958 haec
871 925 991 958 ceteris
1016 935 1155 969 quoque
1184 922 1366 956 sactitauda
1395 922 1551 956 suadere.
1580 921 1805 968 Quandoqui-

127 981 205 1014 dem
230 993 330 1027 ergo.
353 983 481 1027 iuquit,
504 983 615 1028 pretio
642 982 746 1028 empti
773 982 903 1020 fuistis,
929 988 961 1015 et
987 993 1057 1015 non
1084 980 1366 1026 corruptibilibus
1392 987 1534 1026 argento
1557 986 1613 1014 aut
1640 991 1725 1013 auro
1751 992 1805 1013 re-

126 1038 278 1085 dempti,
299 1040 356 1073 scd
384 1041 537 1086 pretioso
557 1041 672 1086 potius
691 1041 856 1085 sanguine
882 1051 943 1074 ceu
968 1040 1157 1074 innocentis
1176 1038 1452 1084 immaculatique
1471 1038 1548 1083 agni
1567 1037 1711 1076 Christi,
1732 1038 1804 1071 eius

126 1098 232 1142 magis
255 1096 388 1142 legibus
414 1097 647 1132 subiiciamur.

687 1164 766 1187 Nam
783 1165 841 1187 etsi
859 1165 932 1186 suut.
948 1164 1003 1190 uui
1021 1165 1170 1186 vocantur
1186 1164 1242 1185 clii.

221 1214 277 1247 Ait
302 1213 440 1258 angelos
465 1213 613 1248 deorum
640 1214 780 1247 nomine
808 1213 973 1259 appellari
1000 1213 1189 1247 secundum
1210 1213 1365 1257 gratiam.
1396 1212 1486 1245 Sicut
1513 1212 1603 1245 enim
1623 1211 1726 1244 iidem
1751 1210 1805 1244 di-

125 1276 250 1303 cuntur
277 1271 504 1316 principatus,
528 1277 727 1316 potestates,
749 1271 1017 1309 dominationes,
1040 1271 1174 1309 throni,
1197 1271 1241 1303 ita
1265 1276 1297 1303 et
1322 1270 1381 1303 dii.

375 1336 488 1359 Patres
505 1338 603 1359 nostri
620 1344 723 1359 omues
742 1337 798 1359 snb
816 1337 897 1359 nube
914 1337 1059 1361 fuerunt,
1075 1338 1106 1358 el.
1122 1343 1226 1357 onmes
1242 1342 1328 1358 mur«-
1346 1336 1552 1358 transierunt.

220 1387 288 1420 Has
314 1386 458 1420 dicimus
482 1388 635 1431 praevias
655 1397 726 1419 esse
746 1387 911 1430 imagines
936 1391 1027 1418 recte
1054 1384 1179 1418 deinde
1200 1384 1382 1418 factorum.
1412 1387 1567 1430 Namque
1586 1392 1620 1418 et
1643 1396 1706 1419 nos
1729 1390 1806 1419 ante

123 1454 229 1487 quam
254 1444 288 1476 in
308 1443 478 1476 Christum
505 1442 742 1482 crederemus,
764 1441 973 1476 daemonum
1000 1443 1174 1487 tyrannidi
1200 1442 1392 1488 subiugati,
1414 1443 1635 1477 intellectuali
1661 1444 1804 1478 servivi-

122 1511 199 1533 mus
213 1500 398 1539 Pharaoni,
416 1500 449 1533 id
471 1506 521 1534 est
538 1499 711 1534 malorum
731 1501 864 1546 parenti
879 1500 1040 1534 Satanae:
1058 1498 1302 1533 laborabamus
1317 1500 1360 1533 ad
1375 1507 1497 1534 nutum
1513 1501 1584 1534 eius
1597 1501 1633 1534 in
1652 1512 1802 1540 cassum,

122 1557 228 1591 veluti
253 1558 288 1590 in
314 1557 389 1590 luto
415 1564 449 1591 et
475 1556 658 1597 lateribus,
680 1558 714 1591 in
741 1557 852 1592 carnis
877 1556 1042 1603 operibus
1066 1564 1253 1592 versantes.
1284 1557 1349 1591 Sed
1373 1556 1532 1591 liberavit
1554 1569 1617 1592 nos
1635 1558 1806 1592 mediator

121 1615 182 1648 Dei
201 1621 234 1648 et
259 1614 437 1649 hominum
450 1641 458 1655 ,
480 1615 587 1649 homo
606 1615 759 1649 Christus
779 1616 890 1655 Iesus,
912 1616 971 1661 qui
991 1615 1085 1649 dedit
1105 1616 1327 1661 semetipsum
1352 1616 1627 1662 redemptionem
1646 1627 1710 1662 pro
1729 1628 1805 1650 om-

122 1671 241 1711 nibus,
263 1684 394 1719 nosque
416 1673 502 1707 adeo
520 1674 705 1707 transmisit
729 1673 837 1707 veluti
860 1685 922 1719 per
941 1673 1043 1707 liuius
1061 1674 1150 1707 xime
1170 1673 1347 1719 quoddam
1372 1685 1466 1708 mare
1485 1685 1523 1707 ac
1542 1674 1750 1720 procellam,
1771 1680 1803 1708 et

122 1736 238 1764 sancto
256 1729 461 1776 baptismate
480 1732 742 1766 consummavit.
772 1732 849 1777 lpse
869 1732 960 1765 enim
983 1738 1033 1765 est
1051 1726 1199 1777 Superna
1220 1731 1459 1766 intellectualis
1482 1731 1626 1771 nebula,
1647 1743 1735 1778 quae
1752 1732 1805 1766 vi-

121 1788 231 1821 ventis
250 1800 357 1834 aquae
375 1788 598 1834 diligentibus
616 1801 651 1823 se
671 1790 806 1834 copiam
826 1790 1013 1824 ministrat:
1035 1801 1122 1835 aqua
1141 1796 1255 1824 autem
1274 1790 1412 1829 vix-ens,
1433 1791 1577 1835 Spiritus
1602 1796 1664 1826 est,
1694 1790 1804 1830 Quam

122 1844 168 1878 ob
193 1856 266 1878 rem
291 1844 402 1879 aiebat
424 1846 576 1880 Christus
597 1846 627 1879 ἐ
654 1860 669 1878 α
690 1847 749 1891 qui
774 1847 882 1881 credit
906 1847 941 1880 in
967 1859 1039 1885 me,
1065 1853 1102 1881 ut
1129 1848 1298 1893 scriptura
1324 1847 1423 1887 dicit,
1451 1848 1593 1881 flumina
1618 1848 1661 1881 de
1684 1853 1804 1882 ventre

122 1902 194 1935 eius
222 1902 328 1936 fluent
353 1904 496 1937 viventis
523 1915 642 1948 aquae.
674 1918 689 1935 »
718 1904 820 1944 Quod
846 1904 987 1938 effatum
1011 1905 1187 1940 elucidans
1212 1905 1311 1940 divus
1337 1905 1542 1951 evangelista
1560 1932 1568 1945 ‚
1597 1905 1695 1939 dictis
1723 1905 1803 1939 ilico

122 1958 260 1994 adiecit:
285 1974 299 1991 «
319 1960 385 1994 hoc
404 1968 518 1994 autem
537 1961 620 1994 dixit
640 1961 683 1995 de
701 1962 830 2007 Spiritu
847 1974 952 2008 quem
972 1964 1142 2009 accepturi
1160 1969 1257 1997 erant
1275 1964 1453 1997 credentes
1474 1964 1508 1997 in
1528 1964 1653 2009 ipsum.
1674 1978 1689 1995 »
1707 1964 1803 1998 Man—

121 2016 320 2052 ducavimus
346 2024 380 2052 et
405 2030 467 2052 nos
487 2030 609 2064 panem
635 2031 716 2053 vere
738 2019 931 2060 vivificum,
954 2020 1105 2055 bibimus
1130 2022 1269 2055 calicem
1295 2021 1503 2067 spiritalem,
1528 2022 1614 2055 sicut
1633 2021 1750 2066 utique
1769 2027 1802 2055 et

122 2073 171 2107 illi
196 2087 236 2109 ex
264 2083 378 2122 petra:
399 2083 495 2123 petra
516 2084 629 2111 autem
654 2084 727 2111 erat
748 2078 918 2118 Christus,
939 2080 997 2124 qui
1017 2078 1117 2113 nobis
1143 2080 1224 2125 ipsis
1242 2092 1282 2113 ex
1306 2091 1368 2113 suo
1394 2079 1499 2113 latere
1524 2091 1631 2126 aquae
1657 2080 1801 2113 mixtum

123 2133 303 2178 proprium
325 2135 491 2168 eructavit
510 2135 730 2180 sanguinem,
753 2148 832 2170 cum
856 2148 935 2170 eum
960 2137 1055 2170 Pilati
1074 2137 1199 2171 milites
1217 2137 1333 2170 lancea
1354 2137 1594 2183 perfoderunt.
1623 2139 1730 2170 Porro
1748 2137 1802 2170 di-

123 2190 210 2223 citur
234 2197 348 2235 petra,
371 2192 449 2236 quia
476 2192 737 2227 invulnerabilis
763 2193 827 2228 fuit
851 2200 890 2228 ut
915 2195 1025 2233 Deus,
1047 2206 1166 2240 quamx
1178 2195 1203 2227 is
1228 2195 1349 2228 mortis
1373 2195 1549 2228 incursum
1575 2200 1699 2240 sponte
1724 2204 1801 2239 pcr-

123 2246 213 2280 tulit.
239 2247 328 2287 Quid
346 2255 458 2282 autem
481 2255 555 2295 post
580 2249 614 2283 id
641 2250 838 2296 prodigium
861 2252 979 2297 priscis
1000 2252 1068 2285 illis
1087 2253 1253 2297 contigit?
1279 2253 1495 2298 lmpegerunt
1522 2251 1798 2298 quodammodo.

125 2303 310 2349 irreligiose
335 2312 441 2339 semet
465 2314 641 2352 gesserunt
666 2309 700 2341 in
723 2308 824 2347 Satti,
848 2309 1037 2343 adorarunt
1063 2310 1176 2348 idola,
1203 2310 1323 2343 initiati
1350 2317 1427 2343 suut
1457 2310 1683 2355 Beelphegor.
1714 2310 1801 2343 Nam

125 2367 304 2406 postquam
329 2374 406 2396 cum
428 2363 621 2399 idololatris
641 2367 756 2400 sociati
776 2373 853 2400 sunt
873 2374 907 2401 et
926 2368 1115 2407 convivati,
1136 2374 1169 2401 et
1189 2368 1349 2402 idolicam
1374 2380 1527 2402 inensam
1548 2373 1744 2413 gustarunt,
1766 2368 1801 2400 in

124 2420 326 2463 apostasiam
351 2420 585 2462 incurrerunt,
607 2429 638 2457 et
656 2435 734 2458 cum
755 2424 890 2459 feminis
914 2426 1057 2459 choreas
1080 2425 1251 2460 duxerunt
1265 2452 1272 2464 ,
1295 2432 1325 2459 ct
1346 2426 1465 2460 concio
1485 2425 1605 2471 populi
1627 2424 1798 2459 meretrici

122 2477 281 2525 copulata
308 2484 375 2516 est,
397 2484 433 2511 ut
459 2480 626 2525 propheta
645 2481 817 2527 loquitur;
838 2483 873 2516 id
900 2484 990 2517 enim
1016 2484 1208 2529 significant
1234 2483 1339 2518 verba
1362 2484 1370 2493 '
1395 2498 1410 2515 «
1433 2490 1466 2516 et
1495 2488 1717 2517 surrexerunt
1744 2482 1798 2515 lu-

122 2534 216 2568 dere.
243 2548 257 2565 »
280 2535 512 2569 Periculosum
537 2537 651 2582 itaque
675 2545 725 2572 est
750 2551 829 2573 cum
855 2541 1023 2586 improbis
1042 2547 1075 2575 et
1093 2541 1280 2574 incredulis
1299 2540 1505 2574 conversari.
1536 2539 1632 2573 Unde
1651 2545 1685 2573 et
1702 2538 1798 2573 Salo-

122 2604 204 2627 mon
231 2594 382 2638 quodam
409 2594 486 2628 loco
511 2595 554 2628 ait
576 2595 606 2628 ‘:
632 2610 647 2627 «
673 2597 731 2641 qui
755 2597 905 2634 ambulat
927 2612 1004 2634 cum
1031 2599 1257 2646 sapientibus,
1279 2599 1340 2633 erit
1368 2599 1518 2643 sapiens:
1539 2599 1597 2642 qui
1617 2607 1699 2632 vero
1719 2609 1796 2632 cum

124 2651 360 2697 insipientibus
387 2652 556 2690 ambulat,
578 2661 801 2699 cognoscetur
822 2656 881 2703 (2).
907 2671 922 2689 »

220 2747 256 2776 (1)
277 2745 306 2771 lu
324 2752 420 2778 graeco
440 2749 513 2772 textu
536 2745 595 2780 lege
618 2747 810 2782 παρατήρησιν,
830 2756 878 2784 pro
897 2750 1052 2785 ἑπιτήςησιν.

220 2792 255 2821 (2)
274 2790 380 2825 Quippe
401 2798 496 2824 graece
519 2795 559 2819 est
584 2792 781 2826 γνωσθήσεται,
801 2798 832 2820 ut
856 2793 936 2821 etiam
961 2795 1079 2831 (tyrillus
1106 2794 1220 2830 legebat
1243 2796 1280 2820 At
1302 2794 1430 2826 vulgatus
1452 2793 1498 2820 lat.
1520 2794 1623 2821 similis
1644 2793 1793 2829 efficimur.

124 2834 307 2862 Consulantur
328 2838 419 2863 autern
441 2836 529 2864 variae
550 2835 680 2865 lectiones
699 2837 769 2873 apud
792 2837 947 2872 Nobilium,
967 2840 1155 2873 Sabateritun,
1175 2848 1206 2867 ac
1226 2837 1463 2866 Moutfaucouiuni
1483 2837 1511 2869 in
1531 2838 1662 2876 hexaplis.

1663 2895 1680 2921 6

1843 341 1903 390 311’5.
1919 342 2018 365 cxvnr.

1842 404 1880 424 (ἐν,
1895 409 1917 430 p.
1933 407 1965 424 υἱ.

1843 436 1863 451 x.
1879 435 1911 451 ΔΜ.

1842 1161 1899 1183 Ου’.
1915 1161 1974 1182 vni.
1990 1164 2009 1181 5.

1842 1188 1881 1209 Gr.
1894 1194 1918 1214 11-
1932 1191 1965 1209 82.

1841 1336 1896 1358 Cu».
1912 1336 1938 1357 Χ.
1957 1340 1973 1357 1.

1843 1858 1851 1867 ⁴
1866 1857 1915 1878 ioh.
1929 1856 1977 1879 VH.
1990 1860 2015 1877 :is

1841 2030 1878 2051 Gr.
1893 2035 1916 2056 p.
1931 2032 1963 2050 Μ.

1835 2479 1925 2526 ὲΕκοιΙ.
1940 2479 2029 2501 Maxu.

1836 2613 1843 2624 ⁸
1853 2611 2029 2634 proxumam
