2205 3177
394 183 463 215 2235-
896 192 922 213 s.
952 192 1077 213 crtum
1105 192 1324 214 nummulum
1353 191 1556 214 Exrmmrto

1032 288 1135 325 PSAl
1147 290 1258 326 MUS
1290 291 1350 326 tx
1361 290 1423 327 ΙΥ.

595 377 638 399 'lle
653 377 737 400 «locet
756 377 901 403 Ιηιιιιιιιιε.
919 377 1015 405 Reus.
1034 378 1065 399 ίιι
1084 378 1176 404 Simu
1192 381 1220 401 et
1240 379 1298 400 111ιί
1318 379 1465 401 reddetur
1483 380 1585 400 votnm
1603 379 1635 400 1ιι
1654 377 1862 401 nto-rusulum

488 427 622 459 Sionem
649 426 728 460 dicit
757 427 844 460 haud
873 433 1043 460 terrenam
1070 427 1163 461 illam
1192 429 1224 461 in
1253 428 1393 461 Iudaeae
1421 428 1558 472 regione
1585 428 1704 465 sitam,
1731 428 1788 460 sed
1816 440 1999 473 supernam
2026 430 2057 462 in

393 484 513 519 caelis.
539 496 652 516 veram
679 484 871 528 Callipolim
894 486 957 527 Kt).
981 485 1286 529 primogenitorum
1307 485 1499 521 ecclesiam,
1521 490 1716 517 sauctorum
1740 491 1900 520 matrem,
1921 486 2061 530 angelo-

391 552 468 574 rum
495 541 756 574 sacratissimum
784 540 1029 574 habitaculum.
1059 541 1110 574 Ad
1132 541 1231 574 huius
1250 541 1508 575 similitudinem
1528 554 1589 574 nos
1607 553 1746 586 quoque
1768 554 1973 587 oct-[quimus
1993 549 2061 575 ter-

393 610 508 631 renam
530 599 663 631 Sionem
677 624 684 635 ,
706 598 739 630 id
760 605 806 631 cst
828 599 1022 634 ecclesiam.
1046 605 1077 631 ct
1098 598 1351 632 laudationibus
1375 599 1599 632 universalem
1622 600 1836 632 servatorem
1856 600 2061 644 Redempto-

392 666 531 699 rcmquc
557 667 730 687 ornamus.
763 655 833 689 lllic
860 657 949 688 cuim
977 656 1117 700 perfecti
1143 667 1290 700 vereque
1310 656 1428 699 hymni
1451 657 1519 689 Deo
1538 655 1743 689 redduntur.
1772 657 1889 701 Itaque.
1915 657 2062 700 hymnus

394 714 423 745 in
451 714 550 746 Sione
576 713 704 748 dictus.
727 714 796 746 six'e
816 714 849 746 in
870 714 926 745 illa
954 713 1109 749 caelesti,
1133 719 1188 746 aut
1213 714 1314 746 ctiam
1343 714 1493 746 terrestri
1520 713 1679 752 ecclesia,
1702 713 1799 747 decet
1818 725 1924 746 unum
1944 714 2063 748 lauda-

393 776 464 803 tum
486 771 610 808 Deum,
632 772 684 803 cui
705 772 805 803 ctiam
825 777 902 803 xota
923 770 1020 803 reddi
1048 782 1109 815 par
1135 777 1197 803 cst.
1220 772 1345 803 Votum
1373 782 1478 815 porro
1498 770 1581 803 solet
1602 772 1770 816 scriptura
1790 771 1963 816 appellare
1983 783 2064 816 pro-

342 838 344 850 2
393 828 588 860 missionem
608 828 792 872 quamdam
812 839 913 872 quam
934 828 1010 872 quis
1030 829 1099 861 Deo
1119 828 1209 861 facit.
1232 829 1319 860 Dum
1340 833 1453 861 autem
1473 829 1518 861 ait
1539 842 1554 858 «
1575 827 1616 861 ad
1636 834 1666 861 te
1686 829 1797 861 omnis
1815 839 1893 861 caro
1912 829 2025 861 veniet
2046 842 2060 859 »

179 2203 184 2207 ”
205 2198 282 2219 Wistlt.
298 2199 310 2217 W
321 2199 357 2218 ut.

394 884 425 916 id
446 890 494 917 est
516 884 574 917 tihi
594 886 705 917 omnis
725 885 831 917 homo
851 884 963 917 credet
978 910 985 920 ,
1009 896 1068 929 per
1087 885 1327 929 synecdochen
1348 885 1511 929 loquens,
1533 891 1628 929 parte.
1646 885 1769 918 scilicet
1791 891 1900 919 totum
1920 885 2065 919 demon-

393 948 537 977 strante.
560 943 774 975 xocationem
794 948 992 974 cunctarum
1020 943 1172 985 gentium
1200 943 1354 980 nunciat,
1380 954 1448 975 non
1468 948 1581 975 autem
1603 942 1701 975 unius
1720 942 1895 980 lsrahelis,
1919 948 2021 987 prout
2047 954 2064 976 a

396 999 477 1041 legis
504 999 613 1032 littera
642 999 767 1032 sactum
795 1000 917 1032 suerat.

825 1064 987 1086 §erumnose
1005 1065 1183 1090 iniquorum
1201 1064 1446 1091 praevaluerunt
1462 1071 1556 1091 super
1574 1071 1637 1086 nos.

488 1114 688 1157 iniquorum
717 1126 891 1147 sermones
910 1114 988 1146 dicit
1010 1115 1208 1158 sapientiam
1228 1114 1411 1147 doctorum
1438 1114 1562 1148 sacculi
1589 1114 1707 1153 huius,
1728 1115 1823 1148 citius
1841 1115 1940 1148 ctiam
1967 1126 2064 1148 causa

396 1170 554 1203 infirmati
582 1177 676 1206 sunt,
701 1182 718 1203 a
746 1182 823 1204 scra
851 1172 988 1205 scientia
1015 1171 1208 1205 excidentes
1229 1172 1288 1216 (2).

917 1236 1119 1263 Praelmraus
1135 1237 1253 1258 montes
1272 1236 1460 1258 son-titudine
1479 1238 1543 1259 tua.

489 1286 694 1330 Praepararc
713 1285 792 1319 dicit
815 1298 878 1331 pro
898 1286 1118 1331 complanare
1138 1291 1169 1318 et
1190 1286 1392 1319 commodos
1417 1286 1570 1324 efficere;
1594 1288 1640 1320 ita
1660 1293 1697 1320 nt
1715 1287 1854 1332 quidam
1881 1287 2014 1321 valeant
2034 1288 2066 1320 in

393 1350 526 1376 montes
552 1354 690 1388 quoque
717 1343 964 1378 conscendere.
989 1343 1022 1376 id
1050 1349 1097 1377 est
1125 1343 1167 1377 ad
1194 1343 1372 1377 altissimas
1398 1344 1576 1389 pervenire
1601 1345 1755 1377 virtutes.

588 1408 649 1434 (hui
668 1410 835 1431 conturbas
854 1409 985 1431 fundum
1003 1409 1114 1435 mairiS,
1131 1415 1238 1431 sonum
1255 1409 1404 1431 fluctuum
1420 1410 1496 1431 eius.
1513 1409 1741 1432 'mutuatu-utnu-
1759 1410 1875 1438 gentes.

490 1459 590 1491 Maris
617 1459 755 1491 nomine
776 1458 943 1491 mnndum
963 1459 1060 1496 dicit,
1083 1458 1307 1503 omniumque
1327 1459 1361 1491 in
1380 1470 1421 1491 eo
1440 1460 1648 1492 versantium
1676 1458 1886 1504 populorum
1913 1458 2069 1492 multitu-

393 1515 521 1548 dinem.
551 1515 603 1548 Ad
631 1527 767 1549 sensum
794 1516 888 1560 quod
916 1515 1065 1553 adtinet,
1090 1514 1271 1549 conturbat
1298 1516 1469 1554 Christus,
1494 1527 1555 1549 ceu
1581 1515 1715 1549 alveum
1741 1516 1928 1561 quemdam
1954 1515 2069 1549 latitu-

394 1573 578 1618 dinemque
605 1574 724 1611 maris,
748 1572 1005 1606 multitudinem
1024 1573 1194 1618 gentium,
1217 1573 1300 1605 dum
1327 1584 1395 1606 non
1417 1574 1493 1605 sinit
1513 1584 1568 1606 eas
1588 1574 1622 1606 in
1641 1574 1788 1617 antiquis
1813 1572 1989 1606 erroribus
2008 1573 2069 1606 de-

393 1630 520 1668 sidere,
544 1630 601 1663 sed
622 1631 730 1675 magis
749 1637 942 1663 commovet
971 1630 1011 1663 ad
1039 1641 1118 1663 suae
1139 1630 1312 1675 potentiae
1339 1630 1610 1675 eminentiaeque
1636 1630 1886 1674 cognitionem,
1907 1641 1944 1663 ac
1963 1629 2069 1663 veluti

394 1699 496 1719 sonos
521 1687 690 1732 quosdam
718 1687 889 1719 undarum
916 1688 1037 1721 excitat
1063 1688 1217 1720 oninium
1244 1698 1323 1731 erga
1343 1699 1378 1720 se
1399 1686 1621 1720 laudationes.
1651 1687 1784 1732 Quippe
1809 1685 1948 1720 ubinam
1975 1692 2032 1719 aut
2051 1698 2069 1719 a

393 1743 518 1788 quibus
537 1744 690 1777 Christus
710 1746 775 1777 iam
797 1755 866 1777 non
886 1744 1067 1777 laudatur?
1087 1746 1169 1777 Tum
1192 1744 1308 1789 paucis
1328 1744 1522 1777 interiectis.
1545 1744 1699 1783 Quonam
1721 1750 1833 1777 autem
1851 1744 1976 1781 modo,
1998 1750 2070 1777 tur-

395 1800 498 1833 bandi
525 1801 610 1837 sint,
631 1813 750 1834 rursus
776 1803 847 1846 ipse
874 1802 1017 1847 explicat
1045 1801 1177 1834 dicens:
1199 1807 1228 1834 et
1259 1800 1446 1837 timebunt,
1466 1801 1525 1846 qui
1552 1800 1703 1834 habitam
1728 1802 1910 1839 terminos,
1932 1813 1948 1834 a
1968 1802 2070 1846 signis

396 1859 471 1890 tuis.
501 1859 737 1891 Extimuerunt
765 1870 884 1903 reapse
910 1865 1027 1903 gentes
1046 1858 1237 1895 Christum:
1259 1857 1440 1891 audierunt
1465 1859 1557 1891 enim
1583 1864 1712 1903 patrata
1732 1857 1774 1891 ab
1793 1859 1864 1891 eius
1890 1859 1922 1892 vi
1949 1865 2071 1904 poten-

326 1926 356 1942 ·.
399 1915 509 1959 tiaqne
536 1915 715 1948 miracula:
739 1921 909 1948 noxerunt
934 1918 1095 1949 excitatos
1122 1927 1140 1948 e
1165 1914 1348 1960 sepulcris:
1372 1927 1441 1948 uno
1466 1914 1574 1948 verbo
1600 1920 1753 1960 nutuque
1779 1915 2003 1961 paralyticum
2030 1927 2068 1948 etx

400 1978 466 2004 tam
487 1972 586 2017 longa
607 1972 804 2005 infirmitate
824 1972 1025 2005 liberatum:
1049 1972 1155 2005 caecis
1174 1971 1288 2005 subito
1306 1973 1417 2005 visum
1437 1971 1621 2010 collatum;
1644 1984 1737 2006 mare
1757 1973 1987 2018 procellosum
2006 1974 2072 2006 mi-

397 2029 549 2062 rabiliter
575 2029 743 2062 sedatum.
775 2030 834 2062 llis
861 2029 983 2062 auditis
1008 2036 1124 2074 gentes
1151 2029 1341 2074 prodigiis,
1368 2029 1594 2063 universalem
1621 2031 1836 2064 Scrvatorem
1862 2031 2071 2076 Redempto—

397 2098 535 2130 remquc
555 2088 678 2120 merito
698 2088 947 2123 extimuerunt:
969 2093 1002 2120 et
1020 2088 1147 2121 omisso
1166 2093 1280 2120 xetere
1299 2087 1548 2131 congenitoque
1567 2099 1684 2120 errore
1697 2113 1704 2123 ,
1727 2087 1830 2121 fidem
1850 2095 2064 2133 receperunt.

396 2144 453 2177 Vel
482 2156 574 2177 mare
600 2143 678 2177 dicit
701 2144 765 2177 hoc
787 2144 863 2177 loco
882 2145 1097 2189 impurorum
1124 2145 1306 2189 spirituum
1327 2150 1491 2182 turmam,
1512 2156 1599 2190 quae
1618 2144 1739 2178 Christi
1761 2144 1908 2178 adventu
1928 2151 2068 2178 contur-

399 2201 473 2234 bata
497 2202 568 2235 snit.
596 2202 707 2241 Quare
726 2208 758 2235 et.
779 2203 886 2235 territi
914 2201 1047 2235 aiebant
1069 2203 1100 2234 'z
1122 2203 1242 2235 xenisti
1264 2201 1329 2235 huc
1349 2208 1426 2235 ante
1447 2208 1580 2248 tempus
1600 2202 1641 2235 ad
1662 2202 1894 2247 torquendum
1916 2214 1989 2236 nos.
2011 2203 2069 2236 Vel

399 2258 545 2303 denique
565 2269 658 2292 mare
677 2258 756 2292 dicit
784 2259 1039 2293 multitudinem
1061 2266 1303 2303 tyrannorum,
1326 2265 1468 2304 propter
1494 2260 1659 2305 ingratam
1686 2259 1892 2293 idololatrici
1918 2261 2071 2305 ipsorum

400 2317 509 2349 cultus
535 2316 751 2349 salsedinem.
783 2317 890 2350 Sonos
910 2323 1022 2350 autem
1043 2317 1229 2354 fluctuum,
1253 2318 1505 2362 persecutiones
1532 2318 1767 2362 cruciatusque
1794 2324 1982 2362 martyrum
2005 2318 2070 2362 (3):

399 2385 485 2418 quos
511 2380 601 2407 certe
627 2375 783 2419 quisnam
811 2373 1004 2412 tolerasset,
1027 2375 1087 2407 nisi
1114 2374 1236 2407 Christi
1263 2374 1394 2407 xiribus
1420 2375 1571 2407 hinnitus
1597 2381 1697 2419 atque
1723 2374 1900 2408 firmatus?

894 2439 1004 2462 Exitus
1021 2440 1172 2462 matutini
1189 2441 1218 2461 Μ
1238 2446 1379 2466 vesperae
1396 2440 1576 2462 delectabis.

496 2490 624 2533 Nempe
642 2495 672 2521 et
693 2500 798 2533 quum
820 2489 971 2534 coeperit
991 2489 1195 2521 matutinum
1217 2494 1351 2533 tempus
1370 2488 1570 2527 decurrere,
1593 2490 1742 2534 itemque
1768 2490 2017 2534 vespertinum,
2040 2489 2072 2522 id

400 2550 445 2576 cst
474 2545 570 2578 initio
590 2545 657 2578 diei
677 2557 714 2579 ac
733 2545 812 2578 tine.
841 2546 997 2579 Profecto
1010 2571 1017 2583 ,
1038 2546 1116 2578 visis
1134 2543 1187 2578 his
1208 2545 1341 2589 magnis
1366 2545 1551 2591 prodigiis,
1573 2546 1692 2579 mundi
1712 2545 1842 2579 incolae
1867 2546 2005 2580 salutari
2031 2547 2073 2580 ti-

497 2616 530 2643 tt]
551 2613 579 2639 m
601 2619 639 2640 est
660 2617 802 2649 eqreqiam
823 2615 1010 2649 pnlcrmnqae
1034 2615 1188 2640 civitatem.
1210 2614 1253 2639 Sic
1273 2614 1346 2640 enim
1371 2621 1425 2641 non
1446 2613 1553 2642 indocte
1577 2614 1694 2650 explieat
1713 2614 1845 2650 Cyrillus,
1866 2615 1906 2642 vel
1926 2615 2015 2650 potius
2041 2624 2070 2641 ex

403 2660 524 2686 Philonis
544 2667 589 2688 aut
608 2663 733 2697 Origenis
752 2663 843 2690 lexicis
862 2664 970 2694 recitat,
992 2671 1092 2690 nomen
1113 2654 1274 2708 Εἶιὲζρηᾞ.

509 2713 522 2735 ‘2
555 2711 611 2736 llo«
630 2719 738 2746 quoque
757 2710 875 2738 frustum
896 2712 991 2739 tribuit
1010 2712 1110 2747 Cyrillo
1130 2713 1252 2745 Nicetes,
1273 2719 1328 2739 non
1349 2713 1508 2740 Athanasio.

500 2755 531 2782 '32
555 2755 656 2780 Horum
676 2759 747 2781 extat
766 2755 982 2782 luculentissima
1003 2760 1029 2783 et
1048 2756 1182 2783 horrenda
1206 2756 1354 2791 descriptio
1378 2758 1460 2784 etiam
1480 2757 1509 2783 in
1529 2757 1715 2784 monumentis
1734 2766 1747 2783 a
1768 2757 1846 2784 nohis
1869 2765 1957 2792 nuper
1977 2757 2070 2784 editis.

404 2802 498 2828 nempev
517 2795 544 2821 in
565 2796 669 2823 actibus
689 2798 715 2823 S.
737 2798 850 2825 Artemii
873 2800 918 2826 ·M·
941 2799 1032 2834 Spicil.
1054 2801 1085 2826 T.
1108 2801 1156 2833 lv,
1178 2804 1205 2826 et
1224 2800 1250 2826 in
1271 2800 1394 2827 oratione
1420 2801 1592 2828 Constantini
1617 2800 1725 2828 diaconi
1747 2801 1780 2828 de
1799 2801 1925 2828 laudibus
1949 2802 2071 2828 omnium

403 2842 552 2864 martvrum
573 2839 602 2865 T.
624 2841 660 2865 X.
