2205 3177
735 159 768 180 ix
794 158 944 180 PSALMt'M
973 158 1015 179 Μ.
1047 159 1101 180 Lu.
1132 159 1170 181 Π
1199 160 1276 181 Lvu.
1775 151 1845 183 227

167 236 242 257 mus
260 221 477 256 inscribitur:
500 222 531 255 in
554 221 657 255 finem
676 221 815 259 l)axidi;
837 220 892 254 hic
913 227 1026 253 autem
1046 221 1148 255 habet
1167 222 1307 266 quidem
1329 234 1433 267 aeque
1454 224 1487 256 in
1507 223 1607 256 titulo
1630 236 1645 253 «
1669 224 1702 256 in
1724 223 1845 260 linem,

167 283 231 314 Das
242 280 307 313 idi:
333 294 347 310 υ
374 290 495 312 xerum
523 278 673 312 abundat
701 278 753 311 his
777 277 892 311 xerbis
916 290 930 307 ‹<
955 289 1019 322 pro
1045 279 1214 314 maeleth.
1241 279 1484 324 intelligentiae
1507 295 1522 311 »
1545 292 1632 325 quae
1659 281 1850 325 significant

168 337 414 383 triumphalem
440 348 513 371 esse
539 337 630 370 hunc
657 336 847 381 psalmum,
871 346 940 367 non
966 336 1037 368 sine
1064 335 1189 369 chorea
1215 337 1296 369 scite
1315 337 1520 370 canendum.
1550 339 1633 371 Nam
1659 338 1849 384 tripudium

168 407 225 429 seu
253 395 413 428 choream
440 393 588 427 maeleth
613 394 881 438 interpretamur
902 392 961 436 (ji).
992 392 1077 424 Sane
1105 404 1168 437 pro
1191 407 1205 423 «
1229 394 1263 426 in
1291 393 1395 427 linem
1418 408 1432 424 n
1456 395 1512 428 alii
1538 395 1740 441 interpretes
1766 397 1849 429 seri-

168 453 255 486 bunt
277 466 291 483 «
310 451 520 497 triumphale
541 450 599 495 (2).
622 464 636 481 »
659 451 771 494 Atque
792 456 827 483 ut
847 450 1046 482 unii'ersum
1066 450 1203 483 titulum
1223 457 1377 484 accurate
1397 452 1633 489 enucleemus,
1656 453 1760 486 dietio
1779 455 1849 498 qui-

168 510 248 544 dem
272 524 287 540 «
310 510 343 542 in
372 508 475 542 linem
497 523 512 539 »
535 507 725 553 significare
752 513 863 552 potest
884 513 1018 552 tempus
1037 518 1107 551 quo
1127 507 1327 552 prophetiae
1354 508 1580 553 complendae
1600 517 1695 543 erant
1719 517 1786 543 tam
1806 511 1849 544 ‹le

167 566 342 612 Rhapsace
360 572 393 599 et
411 566 558 610 Assyriis
571 591 578 603 ‚
599 576 702 610 quam
722 563 764 597 de
785 564 909 597 Christi
929 563 1091 597 adventu.
1121 565 1275 608 Namque
1296 571 1327 597 et
1348 565 1434 598 illud
1455 566 1533 611 Ass>
1544 567 1672 599 riorum
1693 566 1850 600 mirabile

168 625 326 661 exitium,
347 624 442 657 euius
461 634 559 656 causa
580 622 697 656 titulus
716 620 916 656 inscribitur
937 635 952 652 «
974 632 1039 667 pro
1057 621 1181 655 chorea
1204 636 1218 652 »
1240 633 1343 666 quam
1363 622 1506 655 salntem
1525 623 1638 669 adepti
1657 624 1846 664 duxerunt,

168 681 280 715 multo
306 687 381 727 post
401 680 566 714 Davidem
593 686 749 724 tempore
775 680 936 724 contigit;
958 685 991 712 et
1015 678 1164 712 salutare
1184 679 1243 712 Dei
1264 680 1298 712 in
1319 680 1442 712 saeculi
1464 683 1758 715 consummatione
1783 689 1850 715 ter-

170 751 227 773 rae
245 739 366 772 incolis
385 749 570 783 apparens,
592 737 753 770 choream
771 737 916 770 instituit
934 748 974 770 ex
992 736 1154 770 omnibus
1173 735 1331 781 gentibus
1350 738 1384 770 in
1403 738 1542 771 eeclesia
1561 739 1632 772 eius
1652 739 1845 773 conflatam.

170 796 402 838 Quamobrem
423 796 632 841 compositus
651 795 706 828 hic
726 795 877 840 psalmus
896 795 958 828 suit
985 794 1031 828 oh
1059 794 1207 840 tripudia
1235 801 1266 828 et
1294 795 1434 828 choreas
1460 808 1547 839 qaae
1573 799 1753 842 postremis
1779 809 1848 831 sae-

171 855 238 888 culi
264 852 477 899 temporibus
503 853 617 891 fuere,
642 864 720 886 cum
740 853 939 898 Unigenitus
966 852 1073 886 factus
1099 858 1149 885 est
1176 852 1294 885 homo.
1316 852 1530 886 Vocabulum
1551 860 1663 887 antem
1686 869 1699 884 «
1724 855 1850 888 intelli-

170 912 303 957 gentiae
325 924 341 942 »
363 911 554 944 necessario
572 910 729 944 additum
748 915 815 948 est,
835 910 915 955 quia
935 909 1036 943 nobis
1062 908 1286 954 intelligentia
1306 921 1393 955 opus
1411 917 1459 943 est
1481 911 1521 944 ad
1543 911 1753 956 psalmodiae
1773 924 1850 945 sen—

171 980 247 1003 sum
273 967 565 1013 cognoscendum.

561 1032 733 1060 Dissipavit
753 1033 836 1056 Deus
852 1039 918 1056 ossa
935 1039 1042 1055 eorum
1058 1033 1113 1059 qui
1131 1033 1310 1055 hominibus
1326 1033 1459 1060 placeat.

267 1084 481 1129 Dogmaticas
506 1082 779 1128 irreligiosorum
804 1083 910 1120 vires,
933 1093 1009 1116 ossa
1035 1083 1136 1121 dicit,
1157 1094 1245 1128 quae
1272 1083 1432 1116 nimirum
1453 1085 1521 1117 suis
1540 1085 1674 1129 scriptis
1698 1085 1849 1118 inserue-

173 1147 270 1179 runt,
291 1141 452 1175 docentes
477 1141 623 1174 adorare
648 1146 841 1174 creaturam
866 1151 931 1186 pro
956 1146 1123 1174 creatore.

221 1244 273 1277 De
292 1243 336 1277 z'z's
355 1255 444 1289 quae
459 1253 537 1290 pos!
554 1243 734 1290 psalmum
754 1244 835 1277 LII.
858 1243 908 1276 (ccl
925 1244 1037 1276 LI'II.
1060 1242 1325 1280 desider-amur,
1349 1243 1510 1277 (lia-:mus
1525 1257 1613 1291 pag.
1636 1257 1692 1291 gr.
1717 1246 1798 1278 3353,

820 1348 1051 1386 PSALMUS
1079 1348 1197 1386 LVII.

589 1438 713 1461 Etenim
729 1438 763 1460 in
780 1438 871 1460 corde
887 1438 1074 1464 iniquitates
1091 1438 1267 1465 operamini
1284 1438 1318 1460 in
1336 1439 1433 1460 ten-a.

268 1487 369 1522 Haud
393 1494 521 1521 temere
547 1486 686 1521 additur
709 1501 724 1517 α
746 1488 781 1520 in
807 1492 910 1520 terra.
937 1501 951 1518 »
974 1487 1113 1520 Etiamsi
1139 1488 1229 1521 enini
1256 1488 1469 1532 iniquitatem
1493 1489 1663 1534 quispiam
1683 1489 1769 1521 intra
1791 1500 1850 1521 cor

173 1546 380 1584 committat,
397 1551 512 1578 tamen
530 1545 639 1590 ipsam
658 1550 820 1590 operatur
837 1545 873 1577 in
891 1550 999 1583 terra,
1017 1544 1052 1577 id
1071 1551 1119 1578 est
1140 1545 1174 1577 in
1194 1543 1427 1578 materialibus
1445 1544 1560 1578 relius.
1582 1546 1730 1578 studiant
1750 1546 1852 1579 etiam

173 1602 306 1637 Iudaei:
330 1608 422 1636 recte
447 1601 613 1640 iudicate,
638 1607 671 1635 et
695 1600 873 1635 vobiscum
899 1608 1075 1647 reputate,
1100 1613 1183 1635 num
1209 1601 1426 1635 sermonibus
1452 1603 1573 1636 nestris
1598 1614 1703 1648 opera
1731 1614 1853 1637 conso—

173 1667 267 1695 nent.
296 1661 382 1693 Nam
407 1659 571 1693 videmini
591 1659 804 1705 iniquitatem
823 1659 928 1693 corde
953 1660 1089 1697 moliri,
1111 1665 1144 1693 et
1165 1659 1257 1694 aliud
1277 1660 1415 1705 quidem
1436 1662 1603 1705 cogitare,
1627 1661 1718 1694 aliud
1739 1668 1851 1695 autem

173 1729 234 1751 ore
260 1717 367 1762 loqui.
396 1717 558 1757 Quamuis
576 1717 668 1749 enim
687 1715 779 1750 hona
798 1716 903 1749 verba
922 1723 1017 1755 sunt,
1038 1716 1165 1762 quibus
1184 1717 1248 1762 legi
1269 1717 1383 1750 favere
1402 1717 1524 1755 wiltis,
1548 1729 1606 1750 eor
1625 1724 1737 1751 tamen
1758 1730 1852 1751 acer-

174 1774 280 1808 bitate
297 1774 483 1813 redundat,
504 1780 666 1819 actusque
684 1774 811 1819 pariter
829 1774 1006 1820 iniquitate
1024 1780 1168 1813 scatent,
1187 1774 1279 1808 unde
1296 1775 1410 1809 cordis
1428 1776 1649 1820 rogits-tiones
1668 1787 1854 1821 coarguun-

175 1838 249 1870 tur;
270 1843 358 1877 quae
376 1832 410 1865 in
430 1837 521 1865 terra
540 1830 680 1876 quidem
700 1831 806 1864 latere
823 1837 972 1876 queunt,
994 1842 1064 1866 non
1084 1838 1196 1866 tamen
1217 1844 1293 1866 cum
1314 1833 1428 1866 omnia
1447 1832 1573 1866 nudata
1594 1832 1849 1867 indicabuntur.

174 1889 289 1934 Pergit
314 1899 413 1927 mox,
434 1887 477 1921 de
502 1888 543 1921 iis
568 1888 627 1933 qui
653 1888 761 1921 salute
787 1888 986 1921 exciderunt
1011 1890 1204 1934 queritans,
1226 1889 1342 1923 verbis
1367 1901 1455 1934 qnae
1481 1896 1683 1934 sequuntur.

715 1954 859 1977 Alienati
876 1957 949 1978 sunt
966 1958 1138 1983 peccatores
1155 1957 1195 1979 ab
1212 1958 1312 1978 utero.

271 2004 438 2038 Nonnulli
463 2010 560 2043 sunt,
580 2005 639 2049 qui
657 2011 856 2038 consuetam
875 2005 1048 2050 inspiratis
1073 2007 1249 2052 scripturis
1268 2006 1478 2040 locutionem
1498 2006 1711 2051 ignorantes.
1735 2013 1855 2052 putant

176 2062 308 2108 aliquos
334 2063 395 2095 Dei
420 2064 525 2107 opera
550 2061 617 2094 iam
643 2061 723 2095 inde
748 2061 791 2095 ab
817 2068 916 2095 utero
942 2061 1168 2101 abalienatos,
1189 2070 1223 2097 et
1250 2069 1424 2109 tamquam
1444 2064 1477 2096 in
1498 2064 1579 2109 ipsis
1606 2066 1723 2097 matris
1748 2064 1857 2097 x‘isce-

176 2119 290 2157 ribus,
311 2126 343 2153 et
363 2125 440 2153 anie
460 2119 602 2164 plenum
620 2119 761 2152 rationis
779 2131 896 2158 usum,
917 2131 1034 2154 errore
1054 2121 1214 2154 irretitos.
1238 2122 1341 2166 Atqui
1362 2121 1427 2155 hoe
1446 2121 1530 2154 nihil
1552 2122 1643 2155 alitisl
1664 2128 1730 2159 est,
1751 2133 1855 2166 quam

176 2177 306 2212 malum
331 2183 451 2210 natura
471 2187 542 2210 esse
561 2177 781 2222 congenitum
801 2176 1002 2215 adfirmare,
1025 2184 1058 2211 et
1077 2178 1162 2212 alios
1182 2179 1214 2211 in
1235 2179 1306 2224 ipsa
1327 2179 1377 2211 sui
1398 2179 1569 2212 creatione
1590 2179 1631 2212 atl
1653 2178 1762 2212 honos
1781 2191 1855 2212 mo-

176 2247 254 2273 res,
283 2235 368 2269 alios
394 2233 437 2268 ad
462 2232 641 2279 improbos
670 2233 862 2268 informari.
892 2236 949 2268 Est
979 2242 1091 2270 autem
1120 2236 1201 2269 haee
1226 2236 1504 2270 Manichaeorum
1532 2238 1577 2281 ‹33'2
1606 2237 1769 2270 sententia
1799 2237 1852 2269 rel

176 2295 291 2340 potius
316 2293 508 2331 dementia,
531 2292 579 2325 sie
604 2292 695 2325 enim
714 2293 828 2326 verius
847 2293 992 2327 dicetur.
1021 2294 1264 2328 Animadverte
1290 2295 1411 2339 igitur,
1434 2294 1573 2328 beatum
1600 2294 1765 2328 Davidem
1783 2306 1853 2327 non

176 2352 301 2385 dixisse
327 2350 536 2384 abalienatos
560 2349 729 2395 quosdam
754 2351 815 2384 Dei
841 2355 963 2397 opera,
986 2352 1046 2385 sed
1071 2352 1272 2398 simpliciter
1296 2359 1329 2386 et
1356 2352 1529 2391 absolute,
1551 2364 1619 2385 non
1647 2364 1664 2385 a
1684 2353 1773 2390 Deo,
1794 2351 1853 2385 sed

176 2408 220 2443 ab
239 2415 350 2443 utero.
372 2410 458 2442 Nam
471 2434 478 2446 ,
500 2414 675 2453 tamquam
692 2408 761 2441 iam
780 2409 977 2449 existentes,
999 2410 1044 2443 ait
1063 2416 1258 2455 peccatores
1277 2409 1488 2444 abalienatos
1506 2411 1573 2443 iarn
1594 2410 1673 2442 inde
1693 2409 1736 2442 al)
1754 2415 1854 2443 utero

176 2467 408 2512 maternisque
433 2464 639 2504 visceribus,
660 2464 695 2498 id
715 2472 765 2499 est
783 2472 963 2501 extraneos
988 2474 1208 2512 remotosque
1228 2468 1352 2505 factos,
1377 2473 1408 2501 et
1428 2468 1498 2500 sine
1526 2473 1624 2500 utero
1651 2466 1854 2500 =tiseeribus-

275 2553 310 2582 (1)
329 2551 427 2582 Recte,
442 2557 505 2576 nam
522 2556 616 2584 reapse
635 2538 757 2587 Πῆᾖὴῃ
779 2553 845 2576 sunt
865 2550 993 2585 tripudia
1012 2550 1052 2577 vel
1069 2550 1189 2577 choreae
1208 2551 1237 2576 in
1257 2550 1351 2577 multis
1370 2558 1509 2577 sacrorum
1528 2549 1675 2576 bibliorum
1697 2550 1763 2576 loeis
1784 2558 1853 2585 quos

176 2598 338 2634 singillatim
358 2598 539 2625 adnumerare
557 2591 788 2633 supervacaneum
810 2602 859 2627 est.
879 2599 979 2634 Aquila
1003 2607 1111 2634 quoque
1130 2603 1156 2626 et
1175 2599 1326 2626 Tlieodotio
1351 2601 1429 2627 aiunt
1448 2601 1489 2626 s'm'
1507 2602 1597 2635 2132:st
1619 2603 1643 2625 et
1664 2601 1725 2633 ὑπὲρ
1745 2602 1788 2630 τῆς
1807 2612 1855 2636 χο-

176 2646 257 2678 ρειάς5
275 2643 456 2680 Symmachus
475 2646 514 2670 δια·
532 2645 628 2679 χοροῦς
640 2644 826 2679 Hieronymus
839 2651 896 2679 per
910 2644 1036 2670 chorum.
1058 2643 1190 2670 Nonnulli
1208 2647 1298 2671 tamen
1316 2644 1448 2679 philologi
1465 2645 1515 2671 hoe
1535 2644 1666 2671 vocabulo
1686 2645 1854 2672 instrumen-

178 2693 236 2716 tum
257 2689 393 2716 musicum
413 2688 536 2715 denotari
555 2688 722 2715 existimant.

276 2736 310 2765 (2)
330 2734 433 2768 Nempe
451 2733 552 2768 Aquila
571 2735 602 2767 τῷ
621 2734 750 2766 νικοποιῷ,
770 2733 950 2769 Symmachus
969 2733 1102 2763 ἐπινίκιον,
1123 2732 1273 2759 Theodotio
1292 2736 1318 2759 et
1336 2733 1432 2768 quinta
1453 2732 1535 2760 editio
1557 2734 1591 2763 ,εἰς
1613 2735 1638 2759 τε·
1661 2736 1736 2764 -22›.0,-.

276 2781 311 2810 (3)
332 2778 427 2804 lnnnit
445 2777 509 2804 mali
528 2778 665 2810 numinis,
682 2786 729 2804 seu
749 2777 890 2812 principii,
906 2778 935 2804 in
954 2778 1090 2805 sententia
1110 2777 1349 2809 Manichaeorum,
1366 2777 1493 2804 adversus
1513 2778 1661 2805 humanam
1682 2778 1853 2811 libertatem,

177 2823 241 2850 vim.
262 2823 346 2850 Porro
364 2830 414 2851 nos
433 2826 576 2849 auctorum
596 2826 716 2849 veterum
735 2830 803 2849 nova
822 2822 950 2850 adversus
970 2822 1145 2850 Manichaeos
1164 2822 1295 2856 opuscula
1315 2822 1390 2857 prelo
1410 2822 1565 2858 propediem
1586 2823 1762 2850 subiciemus.

1909 1980 1913 1984 v
1928 1972 1947 1983 4.

1904 1996 1925 2009 ,ι’
1965 2006 1968 2010 .
1984 1994 2028 2011 302.
