2205 3177
648 186 680 209 m
707 185 858 208 »samon
884 185 969 207 xxx.
999 185 1097 208 xxx1.
1126 185 1165 207 ET
1192 185 1303 207 xxxu.
1750 172 1816 205 115

141 257 251 300 potest
278 262 341 285 nos
365 249 530 289 liberare,
552 262 631 284 cum
657 251 851 296 appetimur
876 250 965 283 curis
991 256 1023 282 et
1050 250 1231 295 angustiis,
1260 260 1347 294 quae
1373 247 1508 294 pietatis
1534 252 1671 280 nostrae
1697 257 1816 283 causa.

141 310 292 344 fulminis
318 310 423 342 instar
449 310 484 342 in
511 320 573 342 nos
598 309 733 342 irruunt
759 320 796 341 ac
822 306 1036 353 perturbant.

547 374 572 397 0
588 375 741 397 exultatio
758 380 838 400 meu,
855 373 958 396 libera
974 379 1022 395 me
1038 380 1057 395 a
1072 374 1340 395 circumdantibus
1357 379 1414 395 me.

239 426 327 458 Ilaec
347 425 391 457 ait
411 431 584 469 tamquam
604 425 638 457 in
658 434 803 469 persona
830 423 1042 467 cupientium
1068 433 1161 459 cam.
1182 434 1269 467 quae
1296 433 1358 467 per
1376 422 1547 456 Christum
1576 419 1629 457 sit,
1651 419 1815 455 salutem:

139 484 235 518 cuius
254 482 424 517 beneficio
444 483 601 527 antiquae
622 481 870 514 maledictionis
890 465 1086 525 depulimus
1106 480 1327 516 anxietatem,
1345 479 1622 524 recuperavimus
1641 483 1754 511 autem
1774 476 1820 509 hi-

140 541 310 575 laritatem
329 547 428 585 atque
448 539 627 577 laetitiam,
649 545 760 572 morte
779 544 810 571 et
833 543 970 583 peccato
989 537 1110 581 erepti.
1139 536 1227 575 Quid
1248 537 1282 569 ni
1301 537 1417 569 enim?
1436 535 1718 580 quandoquidem
1744 545 1819 568 cae-

141 599 235 632 lestia
262 597 352 631 bona
379 598 550 631 consecuti
576 608 704 630 sumus.
734 594 901 629 Obsident
926 601 1041 627 autem
1067 599 1219 631 sanctos,
1242 604 1311 626 non
1339 593 1495 626 homines
1521 598 1653 625 tantum
1673 592 1766 638 impii
1786 598 1818 625 et

140 656 316 701 flagitiosi.
340 655 398 689 sed
426 656 496 700 ipsa
521 665 659 699 quoque
686 659 871 699 perpetuae
897 652 1043 685 malitiae
1070 651 1185 685 dedita
1211 650 1420 683 daemonum
1446 650 1592 694 agmina.

385 721 586 744 Intellectum
603 721 663 742 tibi
680 720 775 747 «labo,
791 721 821 741 et
838 719 950 742 docebo
967 720 997 741 te
1015 719 1096 740 viam
1113 718 1194 740 hanc
1212 722 1311 739 meam
1328 723 1391 743 qna
1407 717 1574 743 gradieris.

236 772 362 805 Petenti
384 770 622 804 liberationem
640 782 680 803 ex
699 770 861 809 inimicis,
884 767 1069 814 respondet
1089 769 1179 802 Deus
1203 767 1415 800 directurum
1434 778 1469 799 se
1489 766 1694 811 promittens
1712 766 1747 798 in
1767 777 1819 798 re-

139 835 227 863 ctam
252 829 360 862 viam:
382 827 472 861 dabo
498 828 588 860 euim
616 826 697 865 tibi,
720 827 848 871 inquit,
871 825 1102 861 intellectum,
1125 826 1284 869 xiamque
1311 821 1530 861 monstrabo,
1558 833 1624 867 qua
1652 833 1817 867 pergens,

139 886 371 920 beatissimum
389 885 575 918 terminum
593 884 830 929 consequeris:
853 890 1058 928 tuarumque
1078 894 1195 916 rerum
1215 892 1333 915 curam
1353 892 1486 925 geram,
1508 885 1543 913 ut
1564 879 1753 924 splendidis
1772 890 1820 912 ra-

138 943 203 976 diis
229 942 439 976 illuminatus
465 942 554 975 iiam
580 953 718 980 cernas,
740 952 843 986 quam
869 947 980 974 terere
1006 940 1117 974 iussus
1142 951 1189 972 es.

607 1007 700 1030 Gamo
716 1008 747 1030 et
765 1007 855 1029 freno
872 1006 1019 1029 maxillas
1035 1012 1142 1028 eorum
1160 1005 1349 1033 constringe.

234 1057 287 1090 Ad
312 1058 421 1091 Deum
447 1056 553 1091 veluti
579 1057 695 1102 dirigit
720 1068 928 1091 sermonem.
960 1056 1045 1090 Dicit
1064 1061 1196 1089 autem:
1218 1055 1278 1100 qui
1301 1054 1499 1099 resipiscere
1526 1052 1664 1090 nolunt,
1686 1063 1745 1085 eos
1763 1058 1818 1090 tu,

137 1126 198 1148 ceu
226 1114 324 1148 freno
343 1114 515 1159 quodam,
536 1114 715 1160 disciplina
736 1114 778 1147 ad
796 1120 828 1148 te
850 1114 965 1160 ipsum
991 1118 1170 1149 comerte,
1192 1118 1225 1145 et
1251 1111 1448 1145 desultoriis
1467 1109 1618 1144 motibus
1637 1121 1675 1143 ac
1695 1109 1820 1142 ferocia

138 1184 350 1218 compressa,
371 1172 519 1218 durique
544 1173 614 1207 oris
640 1173 854 1206 contumacia
880 1172 1029 1209 domita,
1052 1171 1132 1216 iugo
1158 1176 1218 1203 tuo
1245 1168 1375 1207 subde:
1398 1180 1509 1213 neque
1529 1167 1592 1201 hos
1611 1168 1700 1201 sinas
1726 1167 1822 1200 frena

136 1230 334 1264 mordentes
359 1230 393 1263 in
419 1241 584 1276 praeceps
601 1229 802 1263 barathrum
821 1241 943 1267 ruere;
964 1229 1024 1262 sed
1043 1240 1147 1261 manu
1169 1228 1337 1261 cervicem
1365 1226 1504 1259 illorum
1532 1225 1671 1259 flectens
1685 1251 1692 1263 ,
1714 1225 1749 1258 in
1769 1235 1822 1258 sa-

138 1287 282 1321 lutarem
302 1287 411 1333 dirige
437 1288 539 1321 viam.
568 1289 652 1321 Nam
673 1288 699 1321 si
719 1289 795 1333 quis
821 1299 839 1321 a
865 1287 957 1320 malo
983 1286 1135 1323 recedat,
1159 1292 1261 1330 atque
1288 1285 1331 1318 ad
1356 1284 1500 1329 dignum
1528 1283 1667 1317 homine
1686 1282 1822 1316 intelle-

136 1351 230 1378 ctum
248 1345 400 1384 rediens,
423 1345 498 1378 vale
524 1345 614 1379 dicat
640 1344 787 1378 beluinis
807 1344 1072 1390 cupiditatibus,
1096 1342 1222 1388 fiatque
1243 1343 1376 1387 sapiens
1403 1348 1435 1375 et
1461 1342 1623 1374 cordatus
1648 1341 1718 1377 vir,
1740 1347 1821 1374 tunc

134 1401 276 1435 demum
302 1414 397 1447 spem
423 1402 688 1447 persugiumque
708 1402 847 1436 habebit
868 1402 910 1435 ad
930 1402 1143 1434 eruditorem
1170 1412 1269 1433 suum
1289 1400 1417 1433 Deumz
1441 1405 1522 1432 tunc
1548 1400 1662 1443 ipsum
1688 1398 1821 1431 miseri-

135 1459 251 1492 cordia
270 1465 303 1492 et
321 1459 500 1493 clementia
519 1459 767 1493 circumsistent
780 1485 788 1498 ‚
807 1470 999 1503 manusque
1017 1459 1078 1492 Dei
1104 1463 1265 1504 proteget
1282 1458 1341 1502 qui
1361 1456 1494 1490 salvare
1514 1462 1546 1489 et
1566 1457 1627 1489 scit
1653 1463 1686 1489 et
1712 1455 1815 1489 valet.

626 1524 806 1547 Lnetamini
823 1525 856 1547 in
875 1524 1024 1551 Domino,
1039 1525 1071 1547 et
1087 1524 1228 1546 exultate
1245 1523 1331 1545 iusti.

229 1575 339 1615 Quam
365 1575 446 1609 scita
472 1582 522 1610 est
549 1577 670 1610 cantici
696 1575 889 1610 conclusio!
910 1576 1067 1609 Deterret
1092 1575 1185 1609 enim
1211 1574 1398 1620 quominus
1417 1585 1454 1606 re
1474 1572 1628 1618 qualibet
1646 1572 1821 1606 mundana

133 1630 339 1675 gloriemur,
362 1638 463 1678 atque
490 1640 526 1668 ut
545 1634 580 1668 in
599 1635 671 1668 Deo
698 1634 813 1680 potius
840 1633 1024 1672 laetemur,
1047 1633 1218 1667 hortatur.
1248 1631 1413 1677 Intelligit
1432 1632 1596 1664 nimirum
1616 1630 1821 1676 spiritalium

133 1687 306 1722 donorum
334 1690 574 1731 collationem,
595 1698 629 1725 et
655 1692 890 1737 praemiorum
917 1702 1026 1736 spem.
1056 1690 1239 1735 Ceteroqui
1267 1689 1358 1723 haud
1378 1688 1539 1722 omnibus
1558 1688 1676 1722 laetari
1696 1689 1729 1721 in
1748 1689 1821 1721 Deo

133 1754 318 1791 congruet,
340 1748 400 1782 sed
427 1749 573 1783 iustitiae
599 1751 713 1795 potius
739 1748 963 1783 amatoribus.
993 1750 1128 1782 Horum
1154 1754 1204 1782 est
1230 1749 1264 1781 in
1291 1747 1366 1781 solo
1385 1748 1457 1780 Deo
1481 1747 1620 1784 laetari,
1641 1752 1673 1780 et
1699 1746 1821 1780 eodem

131 1803 290 1848 gloriari,
312 1811 415 1850 prout
440 1805 540 1840 divus
566 1813 684 1840 monet
709 1806 904 1852 apostolus:
925 1807 984 1852 qui
1010 1807 1196 1852 gloriatur,
1219 1807 1253 1839 in
1275 1805 1424 1839 Domino
1450 1804 1618 1849 glorietur
1638 1804 1661 1838 ².

766 1904 997 1942 PSALMUS
1024 1904 1189 1942 XXXII.

588 1988 735 2011 Psalmus
752 1989 881 2017 fluvidi,
898 1989 965 2011 sine
983 1989 1078 2011 titulo
1096 1988 1179 2015 apud
1197 1987 1365 2010 uem-aeos.

228 2038 362 2072 Cantari
390 2038 481 2072 hunc
509 2038 681 2084 psalmum
707 2039 853 2073 dicimus
881 2045 1056 2084 tamquam
1082 2039 1117 2072 in
1143 2037 1233 2072 beati
1254 2037 1394 2072 Daxidis
1413 2047 1582 2082 persona;
1604 2036 1674 2069 sive
1700 2036 1736 2069 in
1762 2035 1823 2069 ho-

132 2106 253 2129 norem
279 2095 487 2141 laudemque
513 2097 653 2135 Christi,
675 2098 734 2142 qui
761 2098 864 2131 etiam
889 2097 998 2130 David
1025 2097 1222 2130 nominatus
1248 2102 1298 2129 est
1323 2095 1370 2129 ob
1390 2107 1486 2128 suam
1513 2096 1547 2127 in
1574 2105 1676 2128 carne
1702 2094 1822 2127 nativi-

131 2159 253 2186 tatem:
275 2154 401 2187 etenim
421 2153 464 2186 de
485 2154 592 2187 lessae
612 2160 644 2187 et
663 2153 803 2187 Davidis
822 2156 987 2199 sanguine
1013 2160 1110 2188 ortus
1130 2160 1191 2187 est.
1223 2153 1335 2186 Habet
1355 2159 1468 2186 autem
1488 2152 1678 2198 praesentis
1698 2152 1820 2184 carmi,

132 2211 184 2243 nis
203 2211 412 2244 continentia
439 2212 554 2257 primo
580 2211 721 2257 quidem
749 2213 985 2246 invitationem
1011 2211 1198 2257 quamdam
1219 2218 1251 2245 et
1271 2210 1567 2246 adhortationem:
1589 2210 1667 2254 quia
1694 2219 1819 2253 nempe
1868 2234 1874 2242 .

130 2274 266 2302 sanctos
290 2274 427 2314 oportet
455 2269 573 2303 laudes
599 2270 732 2308 dicere,
755 2276 789 2302 et
816 2270 1058 2303 eucharisticos
1086 2270 1233 2315 hymnos
1253 2269 1295 2302 ad
1315 2269 1425 2302 Dcum
1452 2267 1617 2301 extollere
1643 2267 1700 2311 qui
1727 2265 1820 2299 salu-

132 2331 200 2358 tem
225 2325 303 2359 orbi
330 2326 495 2365 contulit,
518 2334 618 2372 atque
639 2328 753 2361 omnia
773 2328 807 2360 in
826 2327 960 2361 Christo
980 2328 1181 2361 restauravit
1202 2327 1358 2360 caelestia
1377 2325 1478 2359 simul
1499 2332 1599 2370 atque
1625 2324 1796 2357 terrestria
1809 2349 1817 2361 ,

130 2384 190 2429 qui
217 2395 280 2417 nos
305 2395 425 2417 omnes
451 2384 580 2418 diaboli
608 2385 788 2429 tyrannide
809 2386 1028 2431 nequitiaque
1048 2386 1186 2431 eripuit.
1216 2386 1295 2419 Post
1314 2384 1413 2421 haec,
1437 2394 1550 2417 sermo
1569 2383 1682 2415 statim
1701 2381 1820 2426 incipit

130 2442 401 2487 mystagogicus,
423 2454 494 2487 quo
513 2442 680 2477 docemur
697 2443 820 2477 Christi
840 2455 980 2477 manum
1001 2454 1073 2477 esse
1092 2444 1254 2477 invictam
1268 2469 1275 2481 ,
1298 2442 1511 2475 voluntatem
1531 2439 1817 2475 efficacissimam,

131 2499 321 2544 potentiam
347 2499 578 2533 universalem
594 2526 601 2537 ‚
630 2500 776 2545 gloriam
802 2502 874 2535 Deo
901 2501 1064 2547 dignam,
1093 2500 1280 2535 celsitatem
1306 2497 1635 2546 supet-mundialem.
1665 2497 1820 2541 Namque

131 2567 210 2590 eum
237 2568 353 2590 rerum
379 2558 534 2590 omnium
562 2564 750 2592 creatorem
769 2559 922 2593 ostendit
949 2559 1135 2605 psalmista.
1159 2557 1273 2592 Verbo
1293 2558 1404 2593 enim,
1427 2557 1556 2600 inquit.
1577 2555 1714 2588 Domini
1734 2553 1818 2587 caeli

130 2613 258 2648 firmati
284 2621 376 2648 sunt.
405 2616 583 2649 Praeterea
610 2615 728 2653 docet,
752 2617 865 2662 ipsum
890 2628 964 2650 esse
989 2618 1147 2651 omnium
1173 2617 1420 2661 inspectorem.
1442 2620 1543 2657 atque
1569 2613 1819 2646 omnituentem

130 2672 271 2706 oculum
298 2672 442 2706 terrenis
463 2673 592 2706 cunctis
612 2673 807 2712 intendere,
829 2680 862 2707 et
888 2675 1157 2719 uniuscuiusque
1182 2673 1319 2707 semitas
1344 2670 1537 2716 explorare.
1568 2671 1675 2703 Porro
1699 2668 1819 2702 utilem

131 2729 317 2775 quamdam
340 2731 635 2776 necessariamque
654 2731 872 2776 praecedenti
891 2732 1069 2766 doctrinae
1088 2731 1233 2777 imponit
1254 2729 1472 2764 coronidem:
1495 2728 1709 2761 demonstrat
1727 2727 1818 2760 enim

132 2792 268 2832 putrem
296 2787 522 2833 fragilemque
548 2799 620 2821 esse
645 2800 741 2834 spem
768 2790 802 2821 in
830 2788 1027 2823 hominibus
1054 2789 1277 2823 collocatam:
1298 2798 1360 2820 nec
1385 2786 1584 2832 quempiam
1604 2785 1819 2819 terrestrium

131 2844 232 2878 saluti
252 2846 412 2891 propriae
433 2856 533 2891 posse
552 2846 749 2885 consulere,
773 2847 834 2880 nisi
856 2847 945 2880 Deus
964 2847 1158 2881 auxilietur,
1188 2846 1238 2878 Sic
1259 2851 1371 2880 autem
1391 2855 1462 2877 esse
1482 2843 1557 2877 vult
1574 2844 1742 2877 animatos
1760 2853 1819 2875 eos

1674 2914 1701 2934 113

1862 1528 1882 1541 t.
1901 1524 1929 1542 tlv

1850 1815 1856 1822 “
1874 1812 1890 1833 Ι.
1908 1813 1959 1832 (lor.
1980 1812 1994 1832 t.
2014 1814 2045 1832 :it⁴
