2205 3177
738 181 769 202 ix
797 181 949 202 vsamwu
977 182 1058 203 xLu.
1088 183 1126 203 ET
1153 183 1247 204 xLui.
1768 175 1832 207 195

154 247 270 281 emitte
297 245 409 278 lucem
437 250 529 277 tuam
556 250 587 277 et
613 245 793 277 veritatem
821 249 935 279 tuam,
957 255 1044 287 quac
1071 257 1125 278 me
1149 245 1318 278 deducent
1339 245 1577 290 adducentque
1597 247 1630 279 in
1655 247 1833 281 caelestem

153 310 306 337 montem
333 308 365 335 et
391 314 478 346 quae
505 301 550 335 ibi
578 307 656 334 sunt
679 300 909 334 tabernacula.
932 301 991 333 vel
1019 309 1172 335 sanctum
1197 309 1349 336 montem
1380 303 1609 348 intelligamus
1634 304 1830 340 ecclesiam:

153 371 258 406 quam
278 360 324 393 sic
345 370 462 404 reapse
489 359 666 392 nominare
685 358 796 391 solent
822 358 926 390 sancti
955 358 1142 403 prophetae
1156 385 1163 395 ,
1185 371 1246 392 ceu
1268 361 1300 392 in
1320 359 1456 392 sublimi
1478 360 1751 394 intellectualiter
1769 373 1834 407 po-

156 419 271 452 sitam.
293 416 447 461 nihilque
468 416 562 450 humi
582 426 704 461 repens
723 414 919 448 habentem.
950 416 1034 448 Nam
1056 416 1268 449 credentium
1295 418 1329 451 in
1355 417 1525 450 Christum
1547 417 1750 454 multitudo,
1772 419 1833 452 de-

156 475 318 519 dignatur
346 474 516 507 terre-stria
543 484 682 518 sapere:
704 478 735 504 et
762 483 971 516 quamquam
1000 473 1032 504 iu
1062 479 1147 505 terra
1176 473 1349 507 ambulat.
1372 481 1593 507 conxersatur
1620 476 1651 507 iu
1678 476 1792 508 caelis.

764 537 803 559 Et
822 538 960 559 introibo
979 538 1017 559 ad
1035 538 1138 560 altare
1156 538 1225 560 nei.

251 588 351 628 Quod
371 589 397 621 si
419 588 505 621 forte
526 588 559 620 in
583 587 800 620 ethnicorum
822 598 968 632 persona
988 598 1101 620 sermo
1121 586 1157 620 tit
1171 614 1178 621 .
1200 588 1265 621 hoc
1284 599 1422 634 quoque
1441 600 1542 633 supra
1563 589 1660 622 dictis
1679 590 1829 627 addunt,

154 646 249 691 quod
277 645 431 679 nondum
457 644 596 690 quidem
622 643 665 677 ad
691 644 751 677 Dei
779 643 886 677 altare
913 644 1147 681 introiverint,
1170 645 1228 678 sed
1252 651 1364 678 tamen
1384 648 1572 680 nicationis
1592 653 1746 692 tempore
1766 649 1831 680 sint

156 704 329 736 introituri
357 702 398 735 ad
425 701 580 735 divinum
599 706 631 734 et
651 707 906 734 sacrosanctum
933 702 1120 734 Servatoris
1146 701 1271 738 altare,
1293 702 1327 734 id
1354 709 1403 735 est
1429 703 1469 735 ad
1497 703 1690 741 ecclesiam,
1712 706 1746 737 in
1764 716 1831 749 qua

155 766 308 794 sanctum
336 760 624 805 purissimumque
644 764 675 791 et
696 759 912 792 incruentum
939 759 1068 791 cultum
1093 760 1302 804 peragimus,
1325 766 1357 792 et
1378 771 1440 804 pro
1461 761 1551 793 tenui
1573 762 1831 807 compositoque

157 816 395 861 thymiamate,
417 815 631 849 laudationes
658 817 728 849 Deo
755 815 958 852 adferimus,
981 816 1107 849 cithara
1135 816 1239 849 xcluti
1267 823 1411 850 utentes.
1441 818 1520 849 Eius
1547 824 1657 850 autem
1684 820 1731 852 rei
1760 819 1831 852 fru-

154 880 228 907 ctus
253 873 473 918 quandonam
493 874 533 906 sit
554 874 738 911 extiturus,
760 872 868 918 probe
888 874 1049 911 scientes,
1072 874 1179 907 Deum
1200 874 1424 918 alloquuntur
1451 886 1511 908 ceu
1531 876 1588 919 qui
1610 876 1763 920 ipsorum
1784 878 1831 909 iu-

156 937 327 964 ventutem
355 928 525 963 laetificet.
556 931 770 964 luxentutem
796 942 878 964 xero
906 931 979 963 heic
1005 931 1096 963 haud
1124 931 1340 976 corporalem
1371 932 1580 976 cogitemus.
1610 932 1668 965 sed
1695 933 1830 967 intelle-

154 988 299 1021 ctualem
318 989 449 1033 potiuS,
471 988 565 1021 illam
585 989 725 1033 inquam
745 999 831 1033 quae
852 999 912 1033 per
931 989 1052 1021 mentis
1072 990 1329 1022 renovatismem
1352 1001 1369 1022 a
1388 990 1459 1022 Deo
1480 989 1667 1034 perficitur.
1690 991 1826 1027 Exuite,

156 1046 266 1090 inquit
293 1046 460 1090 scriptura
488 1045 498 1054 ⁶
515 1071 522 1083 .
549 1051 700 1079 veterem
725 1046 901 1079 homiuem
927 1046 1053 1079 erroris
1080 1047 1363 1091 esuicupiscentiis
1389 1054 1610 1092 corruptum,
1639 1054 1673 1081 et
1697 1047 1829 1082 induite

154 1114 282 1136 novum
301 1103 360 1147 qui
380 1114 397 1136 a
416 1103 488 1136 Deo
507 1103 542 1135 in
562 1103 738 1136 sanctitate
757 1109 789 1136 ct
809 1103 934 1135 iustitia
954 1102 1110 1136 conditus
1130 1102 1205 1136 fuit.
1227 1104 1275 1136 De
1294 1115 1364 1148 quo
1383 1104 1484 1137 etiam
1504 1104 1676 1149 psalmista
1696 1104 1774 1138 dicit
1798 1107 1826 1138 ':

154 1159 376 1193 renovabitur
401 1166 438 1193 ut
457 1159 589 1205 aquilae
608 1160 765 1194 iuventus
790 1165 861 1198 tua,
885 1161 918 1193 in
944 1171 1011 1205 qua
1031 1160 1193 1193 nimirum
1219 1161 1387 1206 quispiam
1415 1161 1559 1195 laetatur
1585 1162 1667 1195 dum
1696 1164 1828 1208 pietatis

153 1229 258 1263 opera
284 1219 490 1263 exsequitur.

730 1284 906 1307 eonfitebor
925 1285 983 1307 tibi
1002 1285 1034 1306 in
1052 1285 1175 1307 cithara
1193 1288 1250 1308 ete.

249 1335 418 1369 Citharam
446 1347 572 1381 corpus
597 1336 699 1375 dicit,
728 1347 789 1381 per
814 1337 906 1380 quod
936 1343 1055 1370 natura
1082 1344 1317 1382 comparatum
1344 1345 1391 1371 est
1419 1345 1455 1371 ut
1484 1350 1579 1372 mens
1605 1346 1724 1375 canat,
1754 1352 1830 1374 sen-

152 1404 251 1425 suum
278 1393 382 1427 veluti
409 1393 547 1427 chordis
572 1393 786 1427 harmoniam
806 1395 878 1427 Deo
905 1393 1165 1427 conficientibus
1186 1396 1245 1439 tl).
1274 1395 1443 1440 Significat
1471 1398 1571 1430 etiam
1599 1397 1726 1431 cithara
1753 1409 1830 1431 cor-

152 1450 246 1494 poris
264 1450 581 1489 mortificationem,
603 1452 838 1496 virtutumque
857 1451 1112 1496 symphoniam.
1134 1453 1219 1485 Nam
1238 1452 1474 1489 mortificatio.
1498 1453 1641 1491 fidibus:
1663 1455 1829 1488 virtutum

150 1507 372 1552 symphonia,
394 1508 602 1542 harmonicis
620 1510 714 1542 sonis
738 1509 903 1542 innuitur.
933 1510 1086 1554 Denique.
1112 1509 1275 1542 laetitiam
1301 1521 1439 1554 quoque
1467 1511 1640 1556 psalmista
1664 1511 1831 1557 significat

104 1590 105 1593 η
149 1564 296 1598 citharae
322 1564 511 1603 vocabuloe
533 1576 687 1599 amorem
707 1572 838 1604 autem,
861 1567 1003 1611 repetita
1024 1566 1287 1600 exclamatione:
1309 1568 1400 1601 Deus
1417 1569 1507 1601 Deus
1526 1580 1642 1607 meus;
1665 1575 1700 1602 ut
1727 1571 1827 1607 scias,

149 1621 240 1656 hunc
265 1622 392 1656 scilicet
412 1624 641 1658 universalem
661 1625 790 1662 Deum,
813 1630 885 1657 tum
906 1636 924 1658 a
944 1625 1151 1658 circumcisis
1176 1625 1428 1670 paenitentibus
1447 1633 1619 1671 tamquam
1643 1639 1744 1660 suum
1770 1640 1831 1673 pe-

149 1680 315 1714 culiarem
341 1682 450 1714 Deum
476 1681 549 1715 zelo
576 1693 614 1715 ac
640 1681 708 1715 fide
734 1681 846 1719 credi.
869 1688 941 1715 tum
968 1683 1070 1716 etiam
1096 1682 1139 1715 ab
1166 1683 1233 1716 illis
1257 1685 1315 1728 qui
1343 1683 1386 1717 de
1411 1683 1569 1728 gentibus
1589 1685 1631 1718 ad
1652 1684 1756 1718 fidem
1776 1697 1831 1719 ac-

148 1744 340 1771 cesserunt:
362 1749 512 1783 quorum
532 1739 694 1784 spiritalis
720 1750 859 1784 quoque
878 1740 928 1772 iux
938 1746 1035 1773 entus
1055 1740 1216 1777 laetatur,
1239 1741 1344 1774 veteri
1369 1740 1500 1775 homini
1521 1743 1703 1776 contraria.
1732 1742 1831 1776 Solus

148 1795 240 1827 enim
265 1796 324 1839 qui
351 1796 474 1840 spiritu
497 1807 535 1829 ac
561 1802 675 1830 mente
702 1798 906 1835 iuvenescit,
929 1804 1031 1842 prout
1057 1799 1213 1843 congruit
1241 1810 1333 1832 novo
1359 1798 1490 1832 homini
1511 1811 1548 1833 ac
1567 1801 1707 1845 spiritus
1734 1802 1831 1834 noxi-

150 1852 228 1890 tati‚
250 1852 293 1884 ad
319 1853 429 1886 Deum
455 1853 647 1898 ingreditur
672 1854 731 1899 qui
759 1853 955 1888 huiusmodi
982 1855 1156 1889 iuventam
1182 1855 1353 1889 laetificat.

870 1919 967 1946 spera
986 1921 1019 1942 iu
1038 1920 1112 1943 neo.

245 1967 309 1998 Pro
336 1978 454 2011 spera,
477 1968 609 2013 scripsit
637 1982 651 1998 «
675 1975 814 2014 expecta
837 1984 852 2000 υ
878 1970 1113 2014 Symmachus.
1143 1972 1195 2004 Sic
1220 1971 1312 2004 enim
1338 1971 1452 2005 dicere
1477 1973 1622 2017 poteris:
1649 1979 1830 2018 expectans

147 2024 320 2068 expectavi
347 2024 550 2063 Dominum,
573 2031 605 2058 et
631 2025 787 2060 adtendit
812 2026 908 2060 mihi.
933 2028 1036 2060 Item:
1061 2039 1138 2073 spes
1165 2034 1279 2062 autem
1305 2041 1375 2062 non
1402 2030 1594 2063 confundit.
1624 2031 1691 2064 Cur
1717 2037 1829 2064 autem

147 2080 372 2114 maerendum
399 2082 459 2121 sit,
483 2083 584 2116 tantis
602 2082 702 2117 bonis
720 2085 887 2129 speratis?
913 2085 1035 2118 Adhuc
1054 2087 1145 2119 enim
1163 2086 1357 2122 modicum.
1378 2093 1409 2121 et
1429 2089 1487 2132 qui
1509 2094 1673 2122 venturus
1699 2095 1747 2121 est
1774 2100 1830 2121 xe-

147 2138 233 2177 niet‚
255 2145 288 2172 et
314 2150 384 2173 non
410 2140 670 2178 demorabitur,
692 2143 751 2188 qui
778 2141 837 2176 lux
863 2149 912 2176 est
938 2149 969 2176 et
997 2144 1133 2177 veritas.

788 2238 878 2277 PSA
884 2239 1018 2278 LMUS
1047 2241 1184 2278 XLIII.

663 2323 702 2346 111
720 2324 828 2351 finem,
845 2324 920 2347 filiis
936 2324 1030 2353 Con-e,
1047 2327 1087 2348 acl
1104 2327 1310 2349 intellectum.

243 2370 356 2409 Quum
376 2370 469 2403 idem
489 2372 531 2404 sit
551 2372 670 2406 titulus
689 2374 747 2418 qui
769 2375 852 2407 XLI.
876 2375 1016 2420 psalmi.
1039 2376 1200 2421 idemque
1219 2383 1460 2422 argumentum
1473 2403 1480 2414 ,
1503 2378 1658 2421 quisnam
1679 2377 1719 2409 sit
1741 2376 1831 2422 psal-

146 2426 289 2460 lentium
309 2438 450 2472 scopus,
472 2428 586 2462 dicere
613 2441 700 2476 opus
726 2437 788 2465 est.
817 2433 908 2477 Ergo
929 2432 980 2465 his
1000 2444 1181 2478 personam
1209 2435 1426 2479 imponemus
1452 2434 1632 2467 hominum
1658 2434 1717 2478 qui
1736 2434 1828 2467 inre—

146 2483 424 2529 prehensibiliter
451 2486 485 2518 in
512 2486 586 2531 lege
611 2488 776 2527 fixerint,
798 2496 957 2535 recteque
977 2491 1165 2525 admodum
1185 2492 1342 2526 laudatae
1368 2492 1458 2525 illius
1477 2492 1565 2524 sitae
1587 2492 1737 2525 instituta
1764 2491 1828 2524 ob—

144 2542 373 2575 servaverint:
391 2543 584 2577 cuiusmodi
604 2552 677 2579 erat
695 2546 794 2580 divus
813 2547 936 2581 Paulus
955 2548 1039 2582 dum
1059 2548 1223 2583 scriberet
1240 2549 1268 2585 ².
1290 2551 1361 2582 sine
1380 2549 1519 2594 querela
1539 2560 1574 2582 se
1595 2548 1696 2583 fuisse
1716 2561 1830 2582 secun-

145 2597 229 2631 dum
249 2598 334 2644 legis
352 2600 529 2634 iustitiam.
558 2601 644 2635 Aliis
671 2609 784 2637 tamen
809 2605 932 2638 melius
958 2606 1095 2639 x-idetur
1120 2605 1224 2639 verba
1244 2606 1434 2651 intelligere
1461 2605 1649 2639 secundum
1677 2607 1828 2652 priorem

144 2655 332 2690 editionem
358 2657 495 2691 Eusebii
522 2660 742 2694 caesariensis
762 2662 821 2706 (2).
850 2663 942 2708 Ergo
967 2663 1064 2696 decet
1092 2663 1183 2696 hunc.
1209 2663 1381 2708 psalmum
1407 2663 1521 2697 dicere
1540 2664 1593 2698 vel
1622 2665 1655 2697 in
1682 2675 1829 2710 persona

144 2714 413 2759 prophetarum,
436 2715 488 2748 vel
517 2727 638 2750 eorum
665 2718 723 2762 qui
749 2718 822 2752 sine
849 2720 948 2765 culpa
977 2720 1121 2765 legalem
1149 2721 1279 2754 cultum
1307 2720 1590 2755 ohservaxerunt.

246 2791 277 2819 ἁ1η
300 2789 337 2814 Ita
357 2790 439 2815 etiam
459 2790 486 2815 S.
507 2790 657 2825 Gregorius
676 2799 811 2827 nyssenus
830 2794 901 2828 apud
922 2803 972 2821 nos
992 2803 1016 2829 p.
1039 2802 1079 2827 gr.
1104 2797 1166 2823 142,
1189 2798 1214 2820 et
1234 2794 1281 2821 lat.
1303 2803 1329 2829 p.
1351 2798 1394 2821 90.

242 2835 276 2863 (2)
298 2833 356 2859 Hoc
377 2833 435 2859 loeo
455 2833 588 2868 priorem,
610 2835 716 2869 psalmo
735 2839 828 2862 autem
847 2838 945 2864 XLIV.
967 2841 992 2864 2.
1013 2846 1038 2872 p,
1058 2840 1124 2870 200,
1147 2838 1322 2872 posteriorem
1342 2838 1452 2866 Eusebii
1472 2838 1619 2866 editionem
1640 2839 1829 2867 commentarii

144 2877 172 2903 in
192 2876 326 2912 psalmos,
347 2877 473 2904 nominat
491 2878 622 2913 Cyrinus.
644 2880 785 2907 Hactenus
804 2884 895 2908 autem
914 2890 998 2909 unam
1019 2889 1189 2909 noveramus.

1871 1066 1876 1070 ·
1895 1062 1980 1083 coloss.
1992 1062 2030 1084 111.
2041 1070 2060 1083 ν.

1871 1122 1876 1128 ’
1894 1119 1928 1140 1³5.
1944 1119 1990 1141 CII.
2007 1124 2025 1140 τι.

1867 1177 1904 1195 or.
1920 1182 1941 1201 μ,
1958 1179 2003 1197 3η.

1867 1296 1889 1310 v.
1903 1293 1922 1310 4,

1867 2332 1887 2347 v.
1905 2330 1922 2347 1.

1868 2564 1877 2571 “
1892 2561 1976 2587 Philip.
1991 2561 2028 2581 III.
2042 2565 2060 2580 οη

1870 2672 1906 2692 Gr.
1922 2678 1943 2697 ρ.
1960 2675 2004 2692 ³12.
