2205 3177
174 391 213 424 'l
229 390 299 411 Thes<
327 390 362 411 Π,

198 924 244 943 ‹lu-
270 921 316 942 ΧΥ.

177 1098 181 1101 ·
203 1095 239 1113 05
259 1093 317 1115 Xltl.
335 1097 364 1114 Η.

401 207 445 239 55,
718 213 746 234 S.
776 211 902 234 cvRtLLt
929 210 1027 232 ALEx.
1058 210 1153 232 EXPL.
1184 210 1215 233 ΙΝ
1243 210 1343 233 ΕΡ15Τ-
1372 211 1396 233 1.
1425 211 1468 233 AD
1494 211 1566 234 COR.
1595 211 1667 235 cAt‘.
1697 213 1755 235 XV.

402 279 576 314 homines.
598 275 657 309 scd
682 275 841 309 meliores
866 271 1200 319 incomparabiliter;
1222 273 1500 319 incorruptibiles
1522 275 1614 308 enim
1639 281 1670 308 et
1697 286 1884 321 numquam
1912 276 2077 322 perituri,

402 343 432 369 ct
462 341 635 380 practerea
661 331 855 378 glorificati.
884 330 973 371 Quid
1000 337 1112 364 autem
1140 330 1306 377 significet
1332 331 1513 364 novissima
1541 330 1620 365 tuba
1640 343 1727 377 quae
1745 339 1900 367 mortuos
1917 334 2071 372 suscitat,

404 404 465 425 nos
485 391 574 424 idcm
595 388 731 423 docebit
751 388 849 422 divus
869 388 993 422 Paulus
1011 387 1128 422 dicens
1148 388 1177 426 ⁹.
1198 389 1383 422 Dominum
1404 389 1515 434 ipsum
1535 400 1613 421 cum
1639 389 1841 424 celeusmate
1863 402 1900 424 ac
1919 402 2002 424 voce
2020 402 2076 424 ar·

403 448 556 493 changeli
581 453 613 481 et
640 446 721 480 tuba
747 446 806 480 Dei
836 445 1081 479 descensurum
1111 445 1225 482 caclo.
1253 452 1285 479 et
1317 452 1472 479 mortuos
1501 445 1781 491 incorruptibiles
1807 454 2071 482 resurrecturos.

403 508 491 551 Ergo
513 504 613 539 tubae
633 510 806 549 comparat
828 502 1022 549 archangeli
1041 514 1179 539 vocem.
1202 514 1239 536 ac
1262 503 1417 536 divinum
1436 503 1535 536 illum
1555 502 1930 549 liorrendissimumque
1948 505 2077 539 clamo-

331 577 362 593 ες.
403 574 488 597 rcm.
518 563 608 595 Licet
628 567 742 595 autem
761 561 884 594 clamet
903 560 1126 606 archangelus
1145 567 1178 594 et
1197 561 1456 594 resurrectionis
1475 560 1610 605 signum
1637 559 1716 594 edat
1739 559 1926 595 iacentibus
1944 563 1979 595 in
1999 562 2078 607 pul·

402 632 500 657 vere,
523 630 641 664 reapse
667 625 779 653 tamcn
806 618 927 652 Christi
954 630 1020 652 vox
1046 624 1112 652 cst:
1134 629 1213 651 nam
1239 618 1311 662 ipse
1335 618 1462 651 virtute
1488 618 1629 663 propria
1655 623 1811 652 mortuos
1835 619 1992 657 suscitat,
2013 620 2078 653 mi-

402 678 492 710 nime
512 688 594 710 vero
614 675 808 721 archangeli
827 686 915 709 vox:
935 675 1117 709 dominicis
1135 675 1227 707 enim
1246 673 1393 708 iussibus
1411 680 1566 708 creatura
1585 672 1760 719 quaelibet
1778 674 1953 708 rationalis
1971 674 2079 709 subie-

401 741 453 769 cta
474 740 535 768 cst.
554 734 728 774 Quaenam
743 734 858 778 itaque
874 744 955 766 vera
973 732 1177 766 resurrectio
1195 732 1276 769 erit,
1294 732 1357 765 nisi
1376 731 1530 767 dicamus
1549 731 1583 765 id
1604 731 1677 766 fore
1693 738 1965 765 resurrecturum
1983 732 2079 778 quod

403 798 513 826 morte
532 789 736 825 tenebatur?
756 791 823 824 Aut
841 802 911 835 quo
931 791 1022 828 iure,
1043 788 1298 835 propemodum
1317 790 1530 835 corruptioni
1549 789 1751 823 insultantes
1769 789 1939 827 dicemus,
1960 789 2080 824 absor—

405 856 459 895 pta
486 855 535 883 est
562 860 655 882 mors
681 849 714 881 in
741 849 938 885 victoriam,
959 853 990 880 et
1017 847 1174 892 reliqua?

710 912 787 939 {Ji-1,
803 919 820 935 ο
836 918 936 939 mors,
950 911 1099 934 stimulus
1114 912 1204 933 tuus!
1224 910 1287 934 usi
1305 913 1377 938 tua,
1393 917 1411 933 o
1427 911 1566 940 inferne,
1582 912 1713 935 victoria
1729 911 1783 941 <0⁷³

499 962 681 997 Sciendum
706 968 775 1000 est,
805 961 1018 1007 praedictum
1045 961 1227 995 articulum
1252 961 1431 995 recitatum
1456 972 1528 994 esse
1553 972 1571 995 a
1598 960 1699 995 beato
1724 961 1830 995 Paulo
1854 973 1894 996 ex
1921 960 2081 996 hebraica

404 1021 579 1055 editione:
609 1032 687 1054 nam
714 1019 772 1054 illa
798 1019 938 1065 quidem
964 1020 1176 1064 septuaginta
1202 1019 1428 1064 interpretum
1455 1030 1524 1052 non
1550 1020 1596 1053 ita
1621 1031 1656 1053 se
1681 1018 1807 1053 habet:
1837 1020 2003 1066 scriptum
2029 1026 2080 1054 est

405 1079 496 1111 enim
523 1079 558 1111 in
583 1077 762 1123 prophetis
782 1077 813 1110 ἐ
842 1076 901 1110 ubi
928 1077 1102 1110 contentio
1129 1075 1175 1121 (2)
1203 1082 1281 1114 tua,
1309 1087 1330 1110 o
1356 1076 1472 1110 mors?
1491 1075 1550 1109 ubi
1577 1076 1734 1110 stimulus
1759 1083 1856 1115 tuus,
1877 1087 1899 1110 o
1922 1076 2081 1111 inferne?

406 1136 531 1169 Verum
551 1135 726 1180 apostolus
752 1134 930 1168 stimulum
947 1135 1068 1167 mortis
1087 1133 1170 1167 dicit
1189 1139 1385 1179 peccatum;
1405 1134 1456 1167 vis
1481 1139 1595 1167 autem
1620 1134 1765 1179 peccati,
1786 1139 1837 1167 est
1861 1133 1929 1168 lex.
1953 1132 2081 1168 Vulne-

405 1198 456 1225 rat
475 1192 568 1225 enim
586 1191 692 1225 veluti
719 1192 889 1237 scorpius,
913 1192 939 1224 is
958 1191 1016 1236 qui
1042 1191 1163 1224 mortis
1183 1195 1386 1236 potestatem
1404 1189 1509 1224 habet
1527 1190 1682 1229 Satanas;
1703 1201 1813 1235 neque
1839 1189 1936 1224 aliter
1961 1189 2083 1224 vulne-

407 1255 476 1287 rat,
497 1259 600 1293 quam
628 1260 690 1294 per
715 1255 905 1294 peccatum.
934 1248 1000 1282 Sed
1019 1247 1165 1281 contulit
1190 1246 1291 1281 nobis
1316 1248 1475 1281 Servator
1499 1252 1674 1292 serpentes
1699 1252 1733 1280 et
1758 1247 1912 1292 scorpios
1930 1246 2082 1281 calcandi

406 1305 619 1343 facultatem,
640 1311 673 1339 et
692 1305 862 1351 quaslibet
882 1306 1009 1338 inimici
1027 1305 1132 1339 vires.
1151 1305 1298 1338 Evanuit
1315 1305 1407 1338 enim
1426 1304 1546 1338 mortis
1569 1298 1746 1343 stimulus,
1768 1303 1905 1338 sublato
1923 1310 2080 1350 peccato,

406 1362 500 1408 quod
520 1374 538 1396 a
559 1363 632 1409 lege
649 1363 716 1397 iam
735 1364 823 1397 vires
843 1375 912 1396 non
931 1363 1071 1408 accipit:
1092 1362 1223 1408 quippe
1239 1362 1319 1406 quia
1339 1362 1554 1407 peccantium
1572 1361 1747 1395 damnatio
1768 1373 1786 1395 a
1805 1362 1879 1407 lege
1899 1360 1949 1394 fit.
1971 1361 2084 1402 Quare

337 1437 368 1453 ω.
408 1420 525 1454 subdit
543 1421 641 1455 divus
659 1421 802 1459 Paulus,
823 1421 894 1454 vim
913 1420 1064 1454 tribuere
1083 1425 1221 1465 peccato
1239 1419 1364 1464 legem.
1385 1419 1513 1453 Verum
1531 1430 1571 1453 ea
1589 1430 1644 1453 res
1661 1430 1800 1465 quoque
1825 1430 1887 1465 per
1911 1418 2084 1452 Christum

409 1480 581 1523 antiquata
607 1484 674 1512 est:
696 1478 822 1513 etenim
849 1484 1025 1524 peccatum
1050 1477 1212 1522 deinceps
1237 1475 1338 1510 nobis
1364 1487 1434 1511 non
1460 1476 1712 1515 dominabitur,
1733 1477 1813 1522 quia
1831 1487 1901 1510 non
1920 1475 1984 1510 sub
2009 1476 2084 1522 lege

408 1535 565 1581 degimus
590 1535 649 1570 sed
675 1534 739 1570 sub
765 1536 890 1581 gratia:
914 1546 1019 1581 porro
1037 1534 1113 1580 lege
1131 1533 1282 1573 sublata,
1304 1534 1392 1579 perit
1418 1540 1606 1579 peccatum.
1629 1534 1712 1574 Quis
1731 1534 1845 1579 itaque
1863 1533 1990 1567 horum
2008 1544 2085 1567 om—

411 1594 506 1627 nium
526 1593 700 1630 bonorum
719 1592 818 1627 nobis
837 1594 879 1626 sit
898 1593 1126 1631 ministrator,
1147 1591 1292 1625 iustitiae
1312 1597 1447 1629 auctor,
1469 1590 1636 1625 libertatis
1654 1591 1754 1624 dator
1766 1617 1774 1629 ,
1795 1591 1907 1624 omnis
1925 1589 2083 1624 beneficii

340 1667 370 1684 π.
411 1651 486 1685 fons
506 1657 539 1685 et
564 1662 681 1690 causa,
703 1662 948 1696 cognoscemus
966 1649 1099 1684 dicente
1124 1648 1225 1683 beato
1242 1648 1365 1682 Paulo:
1386 1649 1458 1682 Deo
1483 1649 1626 1694 gratias,
1647 1649 1706 1694 qui
1730 1647 1825 1682 dedit
1851 1646 1951 1681 nobis
1976 1648 2086 1681 victo-

410 1709 494 1743 riam
521 1721 584 1755 per
609 1708 790 1743 dominum
815 1714 973 1742 nostrum
1000 1708 1110 1741 Iesum
1136 1706 1320 1741 Christum.

511 1879 545 1907 (1)
565 1876 729 1910 conspirant
747 1884 809 1903 cum
827 1875 877 1902 hae
894 1875 1025 1906 lectione,
1039 1882 1121 1910 quam
1138 1873 1258 1910 Cyrillus
1271 1873 1457 1900 Hebraeorum
1472 1879 1530 1900 esse
1546 1872 1627 1905 dicit,
1641 1872 1867 1908 chrysostomus,
1883 1871 2088 1904 Theodoretus,

413 1927 444 1946 ac
464 1919 700 1956 Theophylactus‚
721 1928 789 1955 quos
811 1920 923 1955 inspexi.
945 1923 981 1946 At
1002 1918 1160 1946 Theodorus
1181 1922 1389 1953 mopsuestenus
1410 1925 1424 1943 a
1446 1925 1488 1944 me
1506 1916 1596 1944 editus
1616 1916 1713 1952 Script.
1733 1921 1783 1943 vet.
1804 1917 1835 1943 T.
1849 1916 1895 1942 VI.
1910 1924 1937 1951 p.
1952 1919 1996 1943 48.
2012 1924 2086 1951 pror-

413 1971 459 1991 sus
474 1965 572 1991 retinet
590 1965 703 1991 alteram
723 1964 882 1998 lectionem,
898 1972 967 1999 quae
986 1971 1001 1991 a
1020 1963 1122 1999 Cyrillo
1136 1962 1239 1989 dicitur
1255 1961 1531 1997 septuagintaviralis.
1548 1962 1677 1988 Neutram
1691 1961 1751 1988 volo
1765 1962 1795 1988 in
1809 1965 1913 1996 partem
1932 1960 2085 1996 disputare,

414 2008 487 2044 quod
509 2009 590 2036 nimis
611 2009 723 2041 longum
744 2008 827 2041 foret,
849 2007 1006 2043 praesertim
1024 2016 1087 2034 cuni
1108 2007 1254 2034 hebraicus
1273 2007 1356 2033 etiam
1378 2007 1462 2033 Oseae
1482 2010 1572 2033 textus
1591 2005 1764 2040 aliquantum
1783 2013 1858 2032 nune
1875 2009 1947 2032 certe
1966 2004 2084 2032 differat.

512 2057 547 2086 (2)
566 2055 701 2087 Graecum
720 2054 774 2081 ν’,ἰκη
794 2061 808 2080 a
825 2062 866 2080 me
886 2054 1025 2080 contentio
1039 2052 1123 2080 latine
1142 2051 1244 2079 dicitur
1258 2059 1321 2078 cum
1335 2051 1521 2083 Tertulliano,
1535 2050 1685 2086 cypriano⁷
1699 2050 1819 2083 Hilario,
1836 2050 2007 2085 Augustino,
2022 2049 2091 2077 Ful-

415 2100 520 2133 gentio,
541 2104 567 2127 et
586 2101 647 2128 aliis
666 2099 738 2135 apud
758 2099 942 2127 Sabaterium.
