2205 3177
834 146 867 168 m
893 145 1045 168 PSALMUM
1071 147 1176 169 vau.
1776 138 1841 171 ΞΗ

167 210 313 246 restibus
339 209 529 256 expeditos.
560 209 660 243 Haud
686 221 770 243 vero
795 220 854 244 eos
879 210 972 243 solos
996 211 1115 254 quiex
1134 210 1278 244 ethnicis
1301 210 1517 244 crediderant
1543 209 1690 244 liberare
1715 211 1843 249 voluit,

166 269 226 303 sed
244 269 348 302 etiam
368 269 599 302 circumcisos.
629 269 700 301 Hos
718 267 811 300 enim
829 273 1069 312 exasperantes
1087 274 1198 301 vocat.
1222 267 1280 301 Vel
1300 269 1574 313 exasperantium
1601 269 1740 302 nomine
1765 268 1847 302 dicit

166 325 364 360 incredulos
377 352 384 363 ,
404 338 492 371 quos
512 326 641 371 pariter
659 325 791 370 eripere
810 324 910 357 malis
928 323 1080 358 volebat.
1103 325 1237 370 Quippe
1255 326 1313 370 qui
1333 326 1367 358 in
1388 324 1589 359 infidelitate
1609 332 1844 371 perseverant,

162 384 198 417 hi
225 384 375 429 propriis
401 384 435 416 in
462 382 668 429 corporibus
694 389 868 427 tamquam
894 381 1103 415 foetentibus
1130 382 1295 427 sepulcris
1321 382 1489 416 habitant.

586 448 668 471 Deus
686 454 781 474 quum
798 447 993 476 egredereris
1010 448 1043 469 in
1062 449 1223 474 conspectu
1242 447 1349 473 populi
1368 448 1426 469 tui.
1758 473 1761 476 ι

258 499 335 539 Quo
361 504 517 543 tempore
543 498 715 531 colentem
735 496 828 530 idola
849 495 1051 534 israhelem,
1074 503 1105 529 et
1125 497 1375 541 Aegvsf·1)ti‹⁷u·um
1402 497 1557 532 moribus
1583 499 1788 533 innutritum
1807 499 1848 532 li-

162 555 283 590 berare
303 557 392 589 Deus
411 556 584 589 constituit
598 581 605 593 ,
628 561 729 600 atque
749 554 793 588 ad
812 554 965 587 veritatis
985 554 1141 587 notitiam
1162 565 1341 591 retonare,
1365 555 1479 587 omnia
1500 566 1607 600 paene
1627 566 1846 589 commovere

161 616 252 648 visus
272 619 340 653 est,
363 614 461 658 aquis
479 614 513 646 in
538 613 739 657 sanguinem
765 612 890 651 versis,
911 612 1078 657 grandine
1104 611 1199 645 caelo
1226 612 1344 649 missa,
1366 611 1477 645 diviso
1504 613 1589 645 mari
1617 612 1846 659 fluctibusque

161 672 233 705 eius
259 672 426 705 concretis
439 697 446 709 ‚
470 681 595 703 manna
615 670 709 703 caelo
729 670 928 715 depluente.
956 671 997 703 Et
1017 681 1108 703 nunc
1127 669 1301 714 psalmista
1321 669 1618 703 demonstraturus
1631 696 1638 705 ,
1661 671 1719 715 qui
1739 671 1846 705 modo

161 728 203 762 ad
224 728 352 762 inferos
372 727 565 765 descendit,
589 727 737 761 eundem
757 739 830 761 esse
849 728 908 772 qui
927 727 1011 760 olim
1031 738 1093 772 per
1110 728 1263 771 Moysem
1282 738 1323 759 ex
1343 726 1429 771 Aeg}
1440 733 1500 772 pto
1521 727 1704 761 Israhelem
1725 728 1846 762 eduxe-

162 792 232 823 rat.
253 786 298 819 ait
324 786 405 831 ipsi:
427 791 457 818 et
479 796 520 818 eo
540 790 699 829 tempore
724 796 794 830 quo
814 784 959 818 Iudaeos
984 782 1173 819 educebas.
1198 782 1422 828 praeibasque
1441 784 1488 817 eis
1506 784 1541 816 in
1560 785 1657 829 ignea
1684 785 1844 820 columna

160 855 198 876 ac
224 842 315 876 nube
343 854 403 887 per
428 842 623 879 desertum,
654 843 812 875 universa
833 848 922 875 terra
942 848 1113 875 commota
1142 841 1223 878 suit,
1249 842 1337 874 fania
1358 852 1456 874 aures
1475 842 1630 874 omnium
1657 842 1842 887 implente,

160 899 348 946 prodigiosi
378 899 633 933 Israhelitarum
661 902 838 944 egressus,
866 899 925 944 qui
953 899 1080 932 nemini
1107 898 1244 932 mortali
1276 899 1414 943 ignotus
1443 898 1518 932 fuit.
1547 900 1704 944 Namque
1730 900 1844 934 audita

159 963 239 991 sunt
263 969 367 1003 opera
394 963 471 994 tua,
501 963 602 1002 atque
629 957 672 991 ad
699 957 849 990 universi
876 956 970 990 orbis
1000 957 1155 990 notitiam
1190 956 1355 989 traducta.
1384 958 1470 990 Nam
1501 968 1562 990 ceu
1588 958 1665 1002 quis
1693 957 1842 996 diceret,

159 1021 331 1049 commota
358 1021 405 1047 est
433 1016 592 1048 universa
618 1015 754 1051 civitas,
780 1026 864 1059 pro,
887 1013 922 1046 id
949 1014 1054 1047 audiit
1075 1025 1113 1047 ac
1131 1014 1252 1046 mirata
1279 1020 1348 1051 est,
1371 1014 1416 1047 ita
1436 1021 1469 1047 et
1488 1014 1554 1048 hoc
1574 1014 1652 1048 loco
1676 1015 1845 1060 intelliges

158 1072 289 1106 dietum
316 1073 510 1118 psalmistae
536 1084 637 1110 voce,
663 1079 751 1105 terra
779 1078 949 1105 commota
976 1077 1038 1105 est.
1068 1070 1253 1116 Obstupuit
1278 1072 1369 1104 enim
1395 1071 1442 1105 ob
1468 1083 1506 1105 ea
1532 1084 1619 1116 quae
1638 1071 1843 1107 mirabiliter

159 1130 267 1164 fecisti
287 1131 322 1163 in
341 1131 418 1163 Sina
438 1136 573 1167 monte,
595 1129 753 1163 Israhelis
772 1128 852 1162 filiis
871 1129 1010 1162 oracula
1029 1128 1191 1162 reddens.
1221 1128 1286 1161 Sed
1305 1135 1338 1162 et
1359 1129 1460 1162 altior
1478 1129 1620 1175 quidam
1639 1142 1758 1164 sensus
1777 1136 1840 1164 est.

158 1188 244 1220 Cum
270 1198 288 1220 a
315 1188 447 1232 populo
475 1199 537 1221 suo
563 1187 715 1221 discessit
735 1188 845 1224 Deus,
867 1186 984 1220 dicens
1005 1186 1016 1196 '
1036 1186 1158 1231 reliqui
1186 1186 1411 1219 hereditatem
1432 1197 1563 1223 meam,
1586 1193 1617 1220 ct
1644 1188 1788 1232 migravi
1810 1189 1842 1221 in

159 1244 333 1278 desertum
354 1245 388 1277 id
408 1251 457 1278 est
477 1245 519 1278 ad
539 1245 756 1279 ethnicorum
774 1244 968 1282 ecclesiam,
990 1250 1071 1276 tunc
1089 1250 1205 1277 motus
1224 1244 1438 1288 mutatioque
1458 1244 1603 1277 maxima
1624 1256 1741 1277 rerum
1760 1244 1844 1278 sub-

158 1308 273 1336 secuta
292 1309 354 1335 cst.
383 1303 469 1336 Nam
489 1302 590 1339 caeli,
615 1302 650 1335 id
670 1308 720 1335 est
739 1301 895 1335 caelestia
914 1301 1082 1346 sapientes
1102 1301 1247 1346 apostoli
1262 1327 1270 1337 ,
1291 1300 1424 1334 divinas
1450 1301 1689 1347 spiritalesque
1715 1301 1846 1335 doctri-

158 1370 219 1391 nas
238 1370 276 1392 ae
295 1360 386 1405 leges
405 1359 678 1393 destillarerunt.
708 1359 745 1391 Id
767 1360 880 1404 ipsum
899 1358 1037 1392 duobus
1055 1370 1195 1403 quoque
1212 1358 1281 1391 illis
1301 1359 1403 1391 hircis
1426 1358 1673 1398 denotabatur,
1695 1371 1845 1404 quorum

157 1415 244 1449 alter
262 1415 525 1454 immolabatur,
548 1416 635 1450 alter
653 1416 687 1449 in
707 1415 883 1449 desertum
903 1415 992 1448 liber
1010 1415 1248 1449 dimittebatur
1267 1414 1333 1460 (l);
1351 1422 1385 1449 ut
1405 1416 1577 1449 Christum
1596 1423 1629 1449 et
1647 1428 1749 1450 carne
1768 1429 1845 1463 pas—

155 1483 232 1505 sum
259 1484 277 1506 a
303 1472 436 1506 ludaeis
462 1474 669 1518 cogitemus.
691 1479 726 1506 et
751 1471 998 1518 impassibilem
1024 1472 1150 1506 deitate
1175 1479 1390 1511 manentem,
1413 1483 1451 1506 ac
1476 1473 1583 1506 veluti
1609 1474 1643 1506 in
1670 1473 1845 1509 desertum

155 1540 173 1562 a
193 1529 335 1563 deicidis
355 1530 397 1564 ad
417 1530 572 1564 ethnicos
592 1531 904 1575 transmigrantem.
933 1530 1137 1576 Supervenit
1160 1530 1263 1563 etiam
1283 1530 1427 1575 Spiritus
1453 1531 1578 1575 gratia,
1600 1536 1712 1576 guttas
1737 1531 1843 1566 veluti

155 1587 244 1620 roris
269 1588 411 1621 imitata.

517 1653 666 1678 Pluviam
682 1654 895 1678 voluntariam
912 1655 1093 1685 segregabis
1109 1655 1193 1677 Deus
1209 1655 1380 1677 hereditati
1399 1656 1482 1678 tuae.

250 1703 367 1737 Pluvia
394 1703 583 1738 secundum
609 1704 743 1738 litterae
769 1716 906 1738 sensum
934 1704 1009 1738 heic
1035 1705 1177 1738 denotat
1202 1716 1345 1743 manna,
1369 1704 1463 1749 quod
1491 1705 1655 1751 peculiari
1674 1705 1843 1741 beneficio

157 1760 288 1794 ludaeis
314 1761 460 1806 depluit.
489 1761 694 1807 Spiritaliter
719 1773 803 1795 vero
830 1762 982 1807 pluviam
1009 1762 1091 1795 dicit
1117 1763 1353 1807 evangelicum
1373 1774 1589 1802 sermonem,
1609 1765 1668 1809 qui
1694 1764 1843 1810 desuper

155 1817 198 1850 de
225 1817 320 1851 caelo
345 1830 408 1863 per
434 1818 606 1852 Christum
626 1818 668 1852 ad
689 1830 751 1852 nos
777 1825 827 1852 est
852 1819 1005 1857 delatus:
1028 1820 1082 1853 vel
1111 1820 1221 1864 ipsum
1249 1819 1292 1853 ad
1320 1820 1505 1853 humanam
1526 1821 1761 1855 conditionem
1779 1822 1841 1856 de-

156 1876 296 1909 missum
323 1877 558 1915 Servatorem;
578 1877 676 1910 sicuti
703 1884 736 1910 et
761 1877 830 1911 alio
856 1877 891 1910 in
911 1877 1045 1922 psalmo
1064 1877 1190 1910 dicitur
1212 1878 1240 1910 ἐ
1264 1877 1447 1910 descendet
1468 1879 1551 1911 sicut
1573 1879 1687 1924 pluvia
1701 1907 1708 1919 ‚
1730 1888 1763 1915 et
1788 1893 1843 1915 re-

155 1932 260 1978 liqua.
286 1933 523 1967 Voluntariam
542 1946 645 1972 vero,
668 1941 705 1968 ut
723 1946 740 1968 a
760 1934 861 1980 legali
887 1934 981 1968 cultu
1008 1934 1250 1980 distinguatur.
1280 1937 1365 1968 Nam
1392 1935 1562 1980 quaedam
1588 1940 1714 1974 veteris
1741 1945 1844 1975 testa-

154 1991 259 2023 menti
280 1997 477 2036 praecepta,
496 2003 565 2025 non
584 1991 724 2026 fuerunt
741 1993 813 2026 Deo
830 1992 1044 2031 voluntaria,
1064 2004 1126 2026 nec
1144 1993 1239 2039 quasi
1258 1992 1409 2026 hominis
1427 1994 1583 2038 apprime
1602 1996 1742 2040 propria
1763 1996 1842 2032 data

154 2054 250 2086 sunu
267 2049 327 2082 sed
346 2060 383 2082 ea
402 2049 644 2083 tantummodo
661 2051 903 2095 accipientium
921 2056 1063 2084 naturae
1082 2050 1339 2084 accommodata
1357 2057 1465 2083 erant.
1484 2051 1566 2084 Ideo
1584 2052 1714 2085 dictum
1734 2053 1796 2087 fuit
1810 2055 1838 2087 ἐ

153 2107 230 2150 quis
248 2107 429 2152 exquisivit
446 2107 528 2140 haec
546 2107 590 2140 de
608 2119 711 2141 manu
731 2108 865 2142 vestra?
881 2109 1008 2142 Verum
1027 2108 1151 2141 Christi
1171 2108 1359 2146 hereditas,
1377 2108 1594 2142 ethnicorum
1612 2110 1752 2144 eccl‹=sia
1770 2118 1837 2150 est,

154 2164 343 2198 secundum
370 2165 428 2198 illa
454 2164 558 2202 rerba
580 2165 610 2197 't
635 2164 727 2199 dabo
747 2165 808 2199 tibi
828 2172 945 2211 gentes
964 2166 1189 2199 hereditatem
1217 2172 1322 2199 tuam.
1352 2166 1403 2199 Sic
1422 2178 1505 2212 ergo
1524 2167 1584 2200 Dei
1606 2167 1782 2202 voluntate
1802 2180 1840 2203 ac

154 2222 280 2266 placito
307 2222 502 2267 evangelica
528 2222 685 2256 doctrina
712 2223 819 2257 electa
845 2235 903 2257 seu
930 2223 1067 2257 decreta
1095 2223 1170 2256 suit.

715 2288 1016 2319 Evaugelizantibus
1032 2290 1151 2311 virtute
1166 2289 1282 2312 multa.

248 2339 380 2383 Nempe
407 2338 590 2382 apostolis,
612 2338 739 2383 quibus
764 2338 909 2372 multam
934 2339 1113 2384 signorum
1140 2339 1450 2385 prodigiorumque
1474 2340 1545 2373 vim
1571 2338 1739 2373 attribuit.

731 2404 851 2432 speciei
868 2405 976 2427 (lomus
991 2405 1132 2427 (lividere
1148 2405 1261 2432 spolia.

249 2453 377 2488 Orbem
404 2453 494 2488 beati
521 2454 679 2501 discipuli
706 2456 795 2489 inter
820 2468 855 2490 se
881 2456 1090 2494 diviserunt,
1109 2462 1143 2490 et
1169 2456 1225 2489 alii
1252 2455 1327 2489 aliis
1352 2454 1510 2500 gentibus
1534 2455 1833 2501 praedicaverunt.

154 2511 243 2557 Ergo
262 2511 371 2557 spolia
391 2511 601 2550 diviserunt:
626 2524 705 2545 nam
731 2512 862 2546 diaboli
888 2519 985 2546 antea
1013 2513 1163 2547 cultores
1180 2513 1320 2546 monitis
1340 2513 1409 2545 suis
1428 2518 1610 2557 ceperunt,
1634 2513 1837 2558 Christoque

153 2567 195 2602 ad
222 2569 347 2602 domus
374 2570 446 2603 eius
471 2576 715 2604 ornamentum
740 2570 942 2604 attulerunt.
970 2571 1106 2604 Etenim
1132 2571 1260 2616 specics
1287 2576 1496 2615 ornatusque
1522 2576 1570 2603 est
1597 2571 1837 2610 ecclesiarum,

153 2633 266 2660 sancta
293 2626 507 2661 credentium
533 2628 667 2662 Christo
693 2628 892 2662 multitudo.

728 2693 804 2717 Nive
820 2694 1055 2717 dealbabuntur
1072 2695 1106 2716 in
1124 2693 1260 2717 Selmon.

249 2742 407 2788 Apostoli
427 2743 554 2776 scilicet
572 2741 813 2788 perlucebunt.
835 2745 878 2777 Hi
897 2756 980 2790 ergo
998 2745 1034 2777 in
1054 2744 1212 2778 Selnione
1234 2745 1311 2777 nive
1336 2750 1414 2777 sunt
1433 2742 1595 2777 dealbati.
1618 2743 1756 2777 Selmon
1776 2755 1837 2777 au-

265 2815 286 2841 t')
307 2813 347 2839 De
367 2812 417 2839 hac
436 2820 464 2839 re
483 2816 555 2840 extat
574 2812 710 2847 peculiare
728 2813 824 2849 Cyrilli
843 2814 929 2841 nostri
948 2814 1090 2848 scriptum.

1688 2870 1717 2893 31

1882 1079 1920 1100 Gr.
1935 1085 1957 1106 p.
1974 1082 2019 1101 383.

1883 1196 1893 1206 ⁸
1915 1195 1977 1216 Hier.
1993 1195 2042 1216 ΧΠ.
2058 1199 2078 1216 7.

1883 1889 1892 1899 *
1908 1887 1943 1907 l‘s.
1960 1887 2035 1909 LXXI,
2050 1893 2069 1909 6.

1882 2060 1891 2070 t
1908 2059 1969 2080 Hier.
1986 2059 2024 2081 VI.
2040 2063 2074 2081 20.

1880 2176 1888 2185 '
1904 2175 1939 2195 Ps.
1957 2175 1983 2196 H.
1999 2179 2018 2196 «ἢ,
