2205 3177
184 398 192 406 “
214 396 261 417 loti.
279 395 325 416 ΧΠ.
346 400 374 416 11),

184 426 192 432 ·
211 422 257 443 tuh.
272 423 329 443 xit,
345 425 374 443 13,

240 1446 254 1459 ¹-
273 1458 276 1461 1
291 1447 312 1467 r.
330 1445 374 1462 ,ιῑ-ν.

195 1558 202 1566 ’
220 1556 266 1577 lob.
283 1557 326 1577 M..
344 1560 374 1577 15.

182 2188 190 2196 ⁸
207 2187 256 2207 Act.
269 2186 328 2207 wll.
341 2189 374 2206 T.

219 2417 227 2423 ’
243 2413 307 2434 Cant.
324 2414 339 2435 1.
355 2418 374 2435 4.

416 157 484 189 :itt
921 166 949 187 s.
978 165 1105 187 61111111
1131 165 1351 188 ,111-’,131131111κί
1377 165 1581 189 sxrmmrio

1015 232 1146 257 Mandu.
1163 233 1259 261 neus,
1276 235 1387 256 vii-tun
1406 236 1487 257 tune.

512 288 674 319 Virtutem
703 286 805 331 patris
831 285 911 318 dicit
940 285 1068 320 lilium.
1098 287 1188 320 iuxta
1215 287 1323 320 illud:
1352 288 1504 320 Christus
1525 288 1585 321 Dei
1612 288 1740 327 virtus,
1764 295 1795 322 et
1822 291 1880 323 Dei
1907 291 2084 335 sapientia.

414 347 493 379 Orat
516 345 616 387 igitur
635 343 840 388 apostolicus
860 343 985 375 chorus
1013 350 1143 387 patrem
1162 350 1196 377 ut
1219 344 1291 377 tilio
1314 345 1456 390 imperet
1478 345 1764 389 praedicationem
1783 348 1965 391 evangelii:
1992 360 2087 382 nam-

414 413 480 446 que
507 413 523 433 a
551 413 603 433 me
631 401 723 445 ipso.
746 401 809 433 ait.
837 400 916 432 nihil
948 400 1071 444 loquor
1092 401 1123 438 ';
1146 400 1203 434 sed
1231 401 1394 446 quicquid
1421 401 1565 435 audierit
1584 401 1739 447 Spiritus
1765 414 1781 436 a
1809 409 1904 448 patre
1924 405 1947 438 ⁶.
1977 406 2088 450 Atque

414 464 448 490 ut
477 457 655 490 contirmet
684 457 750 489 illis
776 456 870 501 quod
897 457 1023 489 eisdem
1051 458 1285 495 adstruxerat,
1309 458 1417 502 digito
1444 458 1696 503 propemodum
1723 460 1928 495 ostendens.
1953 462 2026 495 fore
2052 468 2089 495 ut.

415 513 590 547 inlirmum
617 526 757 558 corpus,
778 520 809 546 ct
830 515 863 546 in
885 521 1029 547 mortem
1057 515 1241 548 deciduum
1266 522 1407 560 propter
1434 516 1555 549 factam
1577 517 1610 548 in
1629 516 1763 549 Adamo
1784 517 1829 559 (il
1851 519 2088 561 transgressio-

414 582 510 603 nem.
537 571 608 603 fore
635 571 771 615 iuquam
793 577 827 603 ut
848 571 992 604 vixiticct
1021 583 1083 605 suo
1109 578 1264 616 tempore
1289 571 1462 606 Christus:
1486 572 1658 617 postulant
1679 572 1795 605 saneti
1813 580 1849 606 ut
1875 575 2087 619 corruptioni

414 634 569 672 ereptum
589 639 729 672 corpus.
751 628 1004 661 immortalitate
1024 629 1226 664 comestiat.
1248 628 1290 661 ad
1311 629 1551 674 primigenium
1570 635 1695 662 statum
1721 640 1900 668 revocans,
1924 630 1958 664 id
1977 637 2028 664 est
2046 631 2087 665 ad

414 684 547 718 beatam
574 698 660 730 qnae
688 687 785 718 initio
811 692 880 719 erat
908 693 936 719 ct
967 688 1132 731 integram
1158 687 1285 723 xitam3
1310 685 1343 719 id
1369 686 1464 731 quod
1491 698 1608 732 reapse
1636 687 1819 732 praestabit
1845 700 1908 722 suo
1934 694 2089 734 tempore

416 743 596 777 Dominus.
619 754 695 777 cum
722 743 764 776 de
791 743 885 776 caelo
911 745 1040 778 1611101,
1065 750 1095 776 et
1123 743 1249 776 mortui
1277 750 1455 788 resurgent
1480 744 1770 789 incorruptibiles.

1036 809 1168 836 lucrm-pn
1186 809 1270 831 feras
1285 810 1464 832 arundinis.

508 858 592 898 Quia
620 859 717 892 multi
744 859 831 892 xitae
857 865 1052 892 sanctorum
1080 858 1268 892 secundum
1286 860 1395 892 Deum
1414 865 1505 892 actae
1523 860 1732 897 irascuntur,
1754 861 1935 905 praecipue
1960 861 2086 906 impuri

413 914 615 951 daemones.
637 915 715 949 ideo
742 916 889 960 postulat
912 922 948 949 ut
966 916 1186 961 increpentur
1212 916 1388 949 arundinis
1415 915 1518 949 ferae.
1547 917 1654 950 Porro
1680 917 1857 950 sciendum
1883 923 1951 956 est,
1972 916 2087 951 locum

413 984 484 1006 esse.
510 974 543 1005 111
571 973 771 1008 Palaestina.
795 974 828 1005 111
855 973 973 1005 itinere
1001 972 1040 1006 ad
1069 971 1191 1006 urbem
1217 973 1449 1011 Hierusalem,
1474 973 1527 1006 cui
1554 984 1680 1007 nomen
1706 974 1882 1013 Calamus,
1906 981 2087 1020 propterea

412 1029 506 1074 quod
525 1029 571 1064 ibi
593 1030 761 1075 plurimus
781 1030 930 1063 calamus
956 1031 1016 1068 sit,
1041 1030 1074 1063 111
1094 1041 1164 1074 quo
1182 1029 1289 1063 latent
1308 1030 1397 1063 saevi
1417 1031 1616 1075 cruentique
1634 1030 1770 1069 leones,
1794 1037 1893 1076 atque
1912 1032 1997 1065 aliae
2015 1043 2088 1066 536-

413 1098 474 1119 vae
493 1086 614 1120 beluae
634 1089 668 1120 111
687 1087 766 1120 luco
786 1087 1000 1125 reconditae,
1020 1099 1107 1131 quae
1126 1088 1189 1120 iter
1209 1086 1409 1121 facientibus
1429 1088 1641 1121 Hierusalem
1662 1100 1780 1122 versus
1803 1089 2004 1122 insidiantur
2024 1088 2084 1135 (2).

413 1145 519 1188 lgitur
544 1156 582 1177 ex
611 1156 646 1177 re
673 1145 805 1177 notoria
833 1145 874 1178 ad
902 1156 1043 1177 arcanos
1067 1143 1304 1190 spiritalesque
1330 1155 1448 1178 sensus
1474 1145 1666 1190 psalmistae
1693 1157 1806 1179 sermo
1826 1157 1888 1180 nos
1910 1145 2084 1179 transfert.

412 1201 501 1241 Quid
527 1202 619 1234 enim
645 1208 746 1247 agunt
775 1203 809 1235 in
836 1202 967 1235 calamo
994 1201 1108 1235 ferae‘?
1134 1212 1259 1246 nempe
1285 1201 1415 1235 crudeli
1439 1202 1553 1235 animo
1578 1202 1781 1236 insidiantur
1799 1203 1862 1236 iter
1888 1202 2088 1237 facientibus

413 1258 454 1292 ad
482 1257 604 1291 urbcm
624 1258 847 1292 Hierusalem.
880 1259 915 1291 ld
942 1259 1055 1304 ipsum
1074 1258 1116 1291 ab
1136 1258 1278 1303 impuris
1303 1269 1441 1303 quoque
1465 1257 1691 1292 daemonibus
1717 1258 1791 1292 fieri
1815 1260 2083 1305 comperiemus:

412 1315 616 1349 insidiantur
640 1317 730 1349 enim
758 1315 1054 1361 peregrinantibus
1081 1315 1122 1349 ad
1148 1315 1414 1349 intellectualem
1440 1316 1652 1349 Hierusalem
1678 1315 1923 1350 intellectuales
1948 1316 2084 1356 leones,

412 1372 471 1416 qui
489 1373 657 1406 sterilitati
677 1374 872 1418 lex-itatique
892 1373 1157 1406 inconstantium
1175 1372 1355 1407 hominum
1373 1371 1538 1412 subeunt,
1558 1374 1805 1418 quiescuntque
1822 1374 1856 1407 111
1876 1374 1915 1407 115
1932 1374 1991 1418 qui
2009 1380 2088 1407 sunt

413 1429 499 1462 aridi
525 1430 567 1463 ad
594 1430 754 1463 virtutem
771 1456 778 1468 ,
807 1429 929 1463 lubrici
958 1437 1070 1463 autem
1097 1429 1139 1463 ad
1165 1430 1389 1475 voluptatem.
1418 1430 1519 1463 Sicuti
1546 1429 1637 1476 apud
1664 1429 1786 1463 Iobum
1814 1430 1943 1464 dictum
1969 1437 2018 1464 est
2043 1430 2087 1464 de

413 1486 553 1520 diabolo
565 1513 572 1525 ‚
590 1498 713 1532 nempe
731 1499 811 1520 eum
830 1488 938 1520 iacere
957 1486 1021 1520 sub
1040 1488 1134 1521 omni
1154 1486 1295 1526 arbore,
1312 1487 1400 1520 intra
1420 1487 1606 1526 calamum,
1624 1487 1792 1533 palustres
1812 1487 1966 1527 frutices,
1984 1493 2086 1533 atque

413 1555 583 1590 papyrum
603 1545 627 1577 ⁶.
656 1545 739 1578 Sunt
766 1544 913 1590 denique
932 1551 965 1578 ct
984 1545 1068 1578 aliae
1095 1544 1215 1578 calami
1243 1544 1353 1583 ferae,
1374 1556 1498 1590 nempe
1517 1545 1700 1590 impiarum
1719 1545 1903 1579 haereseon
1928 1546 2086 1579 invento-

412 1613 485 1640 165,
506 1602 565 1646 qui
592 1602 736 1635 latenter
761 1601 863 1646 digna
890 1601 1006 1635 bestiis
1025 1608 1055 1635 et
1077 1612 1237 1648 perversa
1263 1600 1435 1641 scribunt,
1456 1602 1514 1647 qui
1537 1601 1649 1635 dentis
1674 1603 1778 1635 instar
1804 1603 1935 1636 calamo
1954 1609 2086 1637 utentes

413 1658 661 1705 simpliciorum
687 1660 817 1692 animas
843 1659 1023 1693 mandunt.

505 1733 630 1760 nissipa
647 1736 764 1763 gentes.
780 1745 791 1751 -
808 1734 943 1757 Venient
961 1733 1060 1763 legati
1078 1740 1113 1756 ex
1130 1733 1288 1762 Aegypto,
1304 1733 1474 1761 Aethiopia
1492 1734 1671 1760 praeveniet
1687 1740 1814 1756 manum
1830 1740 1918 1757 auum
1934 1733 1998 1757 Deo

949 1778 956 1806 (
971 1778 1135 1800 festinabit
1151 1778 1227 1800 (lare
1242 1784 1354 1800 manus
1370 1784 1441 1800 suas
1458 1778 1551 1807 neo.)

506 1832 608 1871 Quasi
628 1831 798 1876 dissipatis
818 1832 883 1864 iam
903 1830 1191 1865 intellectualibus
1211 1832 1370 1870 inimicis,
1392 1831 1553 1877 deinceps
1573 1831 1613 1865 ad
1635 1831 1924 1877 praedicationem
1944 1839 2085 1866 currunt

411 1888 570 1933 apostoli.
591 1888 732 1921 Credent
756 1900 862 1933 porro
882 1889 1056 1933 Aegyptii,
1077 1890 1226 1933 itemque
1245 1889 1431 1934 Aethiopes
1452 1889 1485 1921 id
1504 1895 1551 1922 est
1574 1888 1659 1922 fines
1677 1888 1814 1927 mundi3
1834 1889 1974 1922 extremi
1993 1889 2084 1922 enim

412 1950 489 1977 sunt
509 1950 580 1978 tum
601 1946 635 1978 in
655 1946 785 1978 oriente
810 1952 882 1978 tum
901 1947 1001 1978 etiam
1022 1946 1055 1978 in
1075 1945 1251 1979 occidente
1270 1945 1468 1991 Aethiopes.
1497 1945 1666 1990 Significat
1686 1952 1799 1979 autem
1820 1958 1880 1991 per
1899 1946 2085 1992 Aegyptios

411 2001 550 2046 quidem
565 2027 572 2039 ‚
593 2003 747 2035 nationes
766 2003 919 2047 apprime
940 2002 1187 2040 idololatricas,
1209 2008 1240 2035 et
1268 2003 1424 2047 religioni
1444 2002 1601 2036 1513116115
1621 2002 1796 2036 adversas:
1820 2014 1882 2048 per
1900 2003 2084 2048 Aethiopas

412 2070 512 2095 vero,
534 2065 569 2091 ut
596 2059 762 2097 diximus,
783 2059 902 2092 numdi
923 2058 1018 2093 lines.
1048 2061 1119 2092 lam
1137 2060 1314 2104 quomodo
1333 2059 1513 2105 Aethiopia
1533 2060 1575 2093 ad
1594 2060 1808 2104 evangelium
1835 2061 2028 2099 accesserit,
2051 2066 2081 2094 et

414 2116 609 2148 vaticinium
636 2115 679 2149 de
706 2117 775 2161 ipsa
801 2116 931 2149 editum
951 2116 993 2149 ad
1013 2117 1140 2149 exitum
1167 2118 1207 2150 sit
1233 2116 1440 2155 deductum,
1464 2117 1543 2150 licet
1568 2128 1773 2162 cognoscere
1792 2118 1825 2150 in
1845 2117 2000 2162 aethiope
2025 2129 2083 2151 eu-

413 2172 526 2205 nucho
547 2173 575 2210 '‚
596 2184 699 2217 quem
719 2173 895 2218 Philippus
915 2173 956 2206 ad
977 2174 1152 2207 veritatem
1172 2173 1330 2212 adduxit,
1354 2175 1412 2219 qui
1431 2185 1552 2207 manus
1570 2174 1676 2207 veluti
1694 2180 1767 2207 erat
1789 2175 1925 2219 reginae
1943 2173 2084 2208 Aethio-

412 2240 517 2275 pum,
546 2237 665 2275 utpote
692 2231 726 2263 111
752 2231 931 2276 Aethiopia
958 2230 1136 2275 dynastes,
1164 2237 1198 2264 et
1222 2238 1389 2276 quatenus
1416 2232 1591 2265 universae
1616 2232 1688 2265 eius
1714 2242 1812 2276 gazae
1838 2243 1897 2265 seu
1923 2231 2083 2265 thesauro

412 2288 625 2332 praepositus
650 2294 734 2321 erat.
763 2288 835 2332 Age
861 2300 943 2321 vero
968 2288 1062 2333 quod
1089 2289 1228 2334 insuper
1253 2289 1435 2335 Aethiopia
1461 2295 1577 2334 gentes
1602 2301 1721 2323 omnes
1748 2295 1885 2334 peccato
1911 2290 2083 2335 nigrantes

411 2344 596 2389 significet,
620 2356 743 2390 sponsa
770 2356 833 2378 nos
859 2345 956 2379 docet
978 2347 1012 2378 in
1031 2347 1161 2379 cantico
1186 2347 1274 2380 inter
1300 2358 1394 2380 suam
1422 2348 1663 2392 paenitentiam
1687 2347 1819 2385 dicens,
1840 2348 1937 2392 nigra
1956 2359 2031 2380 sum
2049 2353 2083 2380 et

414 2401 564 2435 formosa
585 2402 615 2440 ’ς
639 2402 724 2435 1111111
751 2402 891 2447 quidem
917 2402 963 2435 ob
989 2403 1220 2436 idololatriam
1246 2410 1346 2448 atque
1372 2404 1555 2442 malitiam,
1579 2404 1644 2438 hoc
1670 2410 1782 2438 autem
1807 2410 1950 2450 propter
1968 2403 2011 2438 ab
2029 2403 2082 2438 his

412 2458 500 2492 vitiis
527 2470 708 2493 recessum.
739 2461 790 2492 Sic
816 2472 898 2505 ergo
925 2460 1104 2505 Aethiopia
1132 2472 1269 2494 manum
1296 2472 1391 2494 suam
1417 2462 1489 2495 Deo
1519 2462 1695 2506 praevenit
1723 2462 1808 2507 (seu
1836 2461 1966 2507 tendit)
1993 2462 2082 2495 inter

412 2516 594 2550 orandum.
623 2517 683 2551 Vel
710 2518 810 2551 etiam
836 2519 880 2551 ita
906 2529 942 2551 se
967 2518 1085 2563 gessit,
1105 2518 1188 2551 dum
1214 2518 1305 2553 dona
1330 2518 1373 2552 ad
1399 2530 1532 2565 regem,
1557 2525 1628 2553 tum
1655 2520 1788 2566 pietatis
1813 2525 1983 2558 aromata,
2007 2526 2079 2554 tum

414 2571 599 2617 adquisitae
624 2575 684 2607 Dei
711 2575 850 2608 notitiae
876 2586 998 2608 aurum
1024 2574 1158 2608 adtulit.

510 2683 544 2711 (t)-
564 2681 754 2709 Animadverte
769 2681 823 2709 diei
842 2686 983 2717 peccatum
998 2682 1131 2717 originale
1145 2681 1178 2710 ab
1193 2683 1313 2710 humana
1328 2687 1426 2711 natura
1440 2683 1469 2711 in
1483 2681 1589 2712 Adanio
1606 2688 1793 2718 contractum3
1813 2692 1847 2712 ne
1860 2685 1922 2720 quis
1941 2683 1976 2712 ad
1994 2684 2078 2712 atium

412 2728 537 2755 sensum,
557 2729 588 2750 ut
606 2724 711 2752 faciunt
729 2726 872 2759 6360110111,
891 2735 949 2754 rem
968 2726 1137 2763 detorqueat.

509 2769 543 2798 (2)
564 2769 688 2796 Narratio
707 2770 772 2797 haee
790 2771 910 2798 occurrit
927 2771 1010 2798 etiam
1025 2771 1097 2807 apud
1110 2771 1292 2800 Athanasium
1311 2770 1409 2800 iisdem
1428 2772 1589 2808 plerumque.
1601 2772 1704 2806 verbis3
1718 2772 1766 2801 sed
1784 2780 1844 2801 eam
1858 2771 2080 2800 montfauconius

410 2809 499 2836 editor
518 2810 634 2839 alienam
654 2813 688 2840 ab
707 2817 817 2842 auctore
835 2822 885 2843 suo
903 2814 1018 2843 iudicat.
