2205 3177
789 189 821 211 m
847 188 999 210 PSALMUM
1026 189 1111 211 xxx.
1726 178 1790 212 143

114 258 150 291 in
168 261 344 303 peceatum
369 254 554 300 prolapso,
576 260 611 288 ut
632 254 780 287 animam
806 263 917 286 meam
941 251 1110 286 laniarent
1135 254 1395 298 conspirarunt:
1416 252 1495 286 ideo
1521 250 1629 286 multa
1656 253 1795 287 meimet

114 313 300 348 afflictione
325 313 435 346 Deum
461 312 504 346 ad
529 310 801 345 misericordiam
827 308 1020 343 flectebam.

702 375 741 398 In
758 375 903 397 manibus
919 374 983 396 tuis
1000 376 1097 397 sortes
1113 380 1207 397 meae.

210 427 271 461 Vel
296 427 342 472 (1)
367 433 477 460 sortes
496 426 588 472 apud
607 426 734 463 Deum,
756 424 799 458 de
825 422 952 468 quibus
978 423 1078 456 divus
1096 423 1251 468 loquitur
1269 424 1390 457 David.
1419 425 1578 470 Sperata,
1600 425 1795 470 intelligun-

111 491 170 519 tur
195 484 288 519 bona
314 485 377 530 piis
404 484 592 530 promissa;
612 493 700 528 quae
725 487 757 515 et
783 481 851 514 illis
878 487 1005 514 annuet
1030 487 1185 526 tempore
1211 483 1410 515 constituto.

591 547 725 570 Ostende
742 547 855 572 faciem
873 548 958 568 tuum
974 552 1068 572 super
1084 552 1206 568 servum
1223 547 1322 568 tuum.

210 599 380 645 Respectu
405 598 567 643 dignatur
591 598 681 630 Deus
707 595 903 629 modestum
930 607 968 628 ac
993 595 1142 628 docilem
1169 594 1365 632 hominem.
1387 602 1422 629 et
1446 596 1565 630 divino
1591 598 1714 632 timore
1740 610 1795 632 co—

113 655 277 690 hibitum.
306 656 432 690 Contra
458 661 634 689 aversatur
659 653 845 687 indocilem
865 659 897 686 et
918 659 1183 698 repugnantem.
1206 653 1334 697 quique
1359 653 1488 687 nullam
1508 654 1615 688 dixini
1634 654 1796 702 benepla-

114 715 171 748 citi
190 713 294 748 habet
311 714 491 747 rationem.
508 707 618 746 Nemo
636 717 749 746 autem
768 711 930 745 cordatus
947 709 1137 750 dubitabit,
1155 712 1351 756 superiores
1370 712 1442 745 sore
1460 711 1601 746 cuilibet
1619 715 1797 748 tentationi

116 772 171 806 vel
198 771 473 818 oppugnantium
499 769 651 808 insidiis,
672 780 731 803 eos
756 770 816 814 qui
835 769 894 802 Dei
922 769 1114 814 patrocinio
1139 775 1290 802 utentur.
1320 769 1412 802 Sicut
1430 770 1522 802 enim
1546 770 1618 804 sole
1644 771 1795 810 oriente,

116 829 300 863 solvuntur
326 827 506 867 tenebrae;
528 834 655 861 terram
682 826 867 865 subeunte,
896 826 1047 859 succedit
1072 838 1161 865 nox,
1190 838 1258 871 qua
1285 827 1353 860 suis
1379 828 1484 860 antris
1510 827 1682 862 silvestres
1708 829 1800 863 ferae

116 886 310 932 prodeunt,
333 897 394 920 nec
413 897 484 920 non
502 885 755 919 maleficiorum
774 890 930 918 auctores
949 885 1123 923 homincs;
1144 885 1189 919 ita
1209 897 1287 918 cum
1306 886 1396 918 Deus
1423 896 1441 918 a
1467 886 1631 932 quopiam
1650 898 1685 920 se
1704 898 1799 921 aier-

118 945 176 983 tit,
197 955 278 978 mox
297 944 429 977 animae
448 943 563 977 hostes
587 949 812 987 consurgunt.
842 942 1038 988 Apparente
1058 948 1172 976 autem
1192 942 1379 976 divinitatis
1405 943 1476 976 eius
1502 942 1594 982 luce,
1617 955 1721 989 quam
1741 945 1800 978 Dei

118 1001 239 1036 faciem
265 1001 415 1048 appellat
434 1002 601 1047 scriptura
615 1027 622 1039 ‚
644 1000 830 1046 diffugiunt
855 1011 976 1033 omnes
994 1001 1053 1045 qui
1072 1000 1175 1046 digna
1202 1000 1353 1034 tenebris
1379 1000 1525 1033 faciunt:
1547 1012 1653 1046 quam
1672 1012 1745 1034 rem
1765 1007 1803 1034 ut

115 1059 300 1104 impetret,
329 1064 405 1092 orat
428 1059 533 1092 etiam
559 1058 747 1104 propheta,
777 1069 846 1091 non
874 1063 1017 1103 propter
1043 1064 1137 1091 aetus
1163 1069 1243 1092 suos
1269 1058 1328 1092 sed
1355 1056 1401 1091 ob
1427 1058 1697 1092 misericordiam
1726 1059 1798 1092 Dei.

117 1116 210 1150 Haec
235 1123 287 1151 est
312 1116 417 1156 mihi,
438 1116 569 1161 inquit,
592 1116 709 1149 salutis
736 1116 841 1153 ratio,
863 1116 889 1148 si
917 1121 1014 1149 tuum
1041 1115 1202 1148 ostendas
1227 1115 1376 1149 vultum.

566 1182 713 1209 Domine,
730 1189 769 1204 ne
785 1182 977 1209 erubescam,
993 1182 1142 1208 quoniam
1159 1183 1189 1204 te
1206 1182 1356 1204 invocavi.

214 1232 344 1266 Atheos
368 1232 484 1268 decet,
504 1233 633 1277 inquit,
655 1243 726 1265 non
752 1242 824 1269 me,
846 1230 1062 1265 erubescere.
1092 1232 1188 1264 Certe
1215 1231 1250 1264 id
1278 1233 1346 1276 pati
1374 1231 1467 1277 digni
1495 1238 1572 1265 sunt
1598 1232 1715 1278 impii,
1744 1232 1803 1276 qui

119 1300 245 1336 nempe
263 1297 296 1324 te
316 1302 386 1324 non
412 1296 620 1336 agnoscunt,
643 1301 754 1334 neque
779 1296 873 1322 tuam
901 1289 1051 1323 fatentur
1077 1289 1239 1322 deitatem
1259 1296 1291 1323 et
1312 1290 1563 1327 excelsitatenu
1585 1290 1643 1323 sed
1664 1290 1806 1323 daemo-

121 1347 186 1381 niis
212 1348 326 1393 potius
352 1347 483 1381 domini
510 1359 636 1381 nomen
664 1348 868 1392 imponunt,
897 1353 931 1380 et
957 1348 1113 1380 onmium
1140 1358 1257 1380 rerum
1284 1348 1517 1393 principatum
1544 1350 1684 1381 Satanae
1711 1348 1806 1381 attri-

121 1402 250 1444 buunt,
270 1403 397 1449 quibus
421 1406 525 1438 etiam
543 1416 624 1438 suae
642 1405 731 1438 vitae
757 1410 867 1437 sortes
892 1404 1110 1449 permittunt.
1139 1405 1211 1437 Hos
1229 1410 1365 1450 oportet
1395 1404 1435 1438 ad
1464 1406 1535 1439 orci
1561 1405 1707 1439 domum
1727 1416 1807 1450 per·

121 1473 219 1507 gere,
241 1469 275 1496 et
301 1473 379 1495 cum
404 1462 453 1496 1111
478 1462 649 1496 conclusis
673 1460 867 1507 submergi,
888 1473 976 1506 quos
1001 1462 1104 1495 etiam
1130 1463 1291 1507 proprios
1316 1462 1380 1496 sibi
1406 1463 1490 1496 deos
1517 1463 1743 1497 adsciverant.

249 1536 378 1564 Quanta
392 1539 440 1560 est
455 1538 654 1560 ahandantia
670 1537 824 1560 honitatis
840 1538 929 1564 tuae,
945 1537 1093 1564 Domine,
1109 1544 1203 1564 quam
1221 1538 1412 1561 abscondisti
1430 1539 1613 1561 timentibus·
1632 1540 1674 1562 tet

499 1580 655 1609 operatus
671 1588 703 1604 es
719 1582 921 1609 spei-autibus
938 1582 972 1604 in
991 1584 1020 1604 te
1037 1588 1141 1604 eoram
1157 1582 1233 1604 filiis
1250 1583 1420 1605 hominium

217 1635 433 1670 Vocabulum
456 1649 471 1666 «
494 1635 703 1670 abscondisti
726 1649 741 1667 >³
764 1646 957 1681 repugnare
976 1635 1238 1680 quodammodo
1256 1636 1394 1670 videtui·
1413 1637 1511 1671 alteri
1528 1638 1670 1671 dictioni
1694 1652 1708 1668 «
1731 1650 1809 1684 ope-

122 1704 216 1732 ratus
241 1709 288 1732 es.
315 1712 329 1729 »
352 1699 438 1732 Nam
457 1699 484 1732 si
504 1697 667 1732 bonitatis
686 1699 822 1743 copiam
848 1697 1047 1735 abscondit,
1069 1699 1248 1743 quomodo
1267 1700 1341 1732 vice
1359 1711 1456 1733 versa
1476 1708 1638 1746 operatus
1665 1712 1739 1734 eam
1758 1707 1808 1735 est

121 1766 238 1789 eoram
259 1755 338 1790 filiis
357 1756 564 1790 hominum?
584 1757 691 1801 Igitur
714 1769 729 1787 «
749 1754 958 1789 abscondisti
978 1770 993 1787 »
1016 1757 1279 1802 intelligendum
1299 1763 1347 1790 est
1369 1769 1450 1802 pro,
1473 1759 1686 1792 reconditam
1705 1759 1739 1791 id
1758 1764 1807 1792 est

122 1820 330 1847 reservatam
357 1814 583 1848 familiaribus
610 1815 679 1848 suis
704 1813 786 1847 solis
812 1813 1002 1847 bonitatem
1028 1815 1156 1851 tenuit:
1178 1815 1288 1848 nihilo
1314 1821 1427 1849 tamen
1447 1816 1562 1849 minus
1588 1828 1704 1850 eoram
1733 1816 1809 1849 tiliis

123 1870 327 1910 hominum,
356 1871 392 1905 id
417 1877 467 1905 est
492 1872 631 1904 nemine
656 1872 833 1904 insciente.
863 1872 946 1911 Quis
971 1871 1063 1904 enim
1090 1873 1226 1917 ignorat
1251 1872 1384 1906 bonum
1411 1884 1483 1906 esse
1509 1874 1666 1907 omnium
1693 1884 1808 1906 rerum

124 1935 336 1968 creatorem,
359 1941 430 1964 non
456 1935 567 1963 tamen
595 1928 779 1962 indiscrete
804 1940 885 1974 erga
912 1940 1050 1967 onmes,
1072 1930 1131 1963 sed
1157 1941 1237 1975 erga
1264 1931 1343 1964 illos
1370 1932 1484 1976 potius
1507 1932 1566 1976 qui
1594 1931 1751 1964 divinum
1774 1932 1808 1964 in

122 1986 304 2020 animabus
322 1988 392 2021 suis
410 1988 559 2021 retinent
584 1987 770 2020 timorem?
797 1987 858 2020 His
876 1987 1005 2032 quippe
1025 1987 1224 2026 abscondit,
1247 1988 1282 2021 id
1303 1995 1353 2022 est
1372 1990 1577 2027 reserva-iit,
1599 2000 1662 2022 ceu
1681 1995 1808 2022 sortem

123 2045 309 2090 quamdam
323 2071 330 2084 ‚
353 2045 516 2079 bonitatis
534 2056 614 2078 suae
632 2044 838 2078 ubertatem.
868 2046 985 2089 Neque
1006 2045 1040 2078 in
1059 2057 1119 2090 spe
1137 2046 1209 2079 sola
1230 2058 1283 2079 res
1301 2046 1370 2079 illis
1395 2052 1464 2082 est,
1486 2047 1545 2080 sed
1565 2052 1597 2080 et
1624 2046 1719 2080 illam
1739 2058 1809 2080 sae-

125 2103 263 2149 pissime
289 2110 452 2149 operatus
477 2109 546 2141 est,
568 2102 664 2136 factis
682 2101 842 2135 videlieet
868 2103 1087 2147 conspicuam
1116 2103 1279 2137 reddidit.
1301 2104 1434 2142 Veluti,
1456 2103 1618 2138 tenebrae
1644 2105 1811 2139 incubue—

124 2168 207 2195 runt
225 2161 403 2207 Aegyptiis
428 2160 710 2207 profundaeper
736 2159 911 2198 triduum3
933 2159 991 2193 sed
1019 2159 1156 2194 bonitas
1179 2161 1268 2200 eius,
1290 2162 1349 2207 qui
1376 2161 1520 2195 devotos
1546 2162 1610 2196 sibi
1630 2162 1808 2201 servabat,

125 2218 277 2253 tenebris
295 2219 486 2252 immunem
505 2217 698 2264 praestabat
716 2217 915 2251 Israhelem.
945 2218 1123 2251 Perierunt
1142 2219 1394 2264 Aegyptiorum
1421 2220 1642 2265 primogeniti
1663 2232 1728 2254 una
1748 2231 1809 2253 no-

126 2282 200 2315 ete;
222 2275 314 2322 apud
340 2275 533 2310 Israhelitas
558 2281 673 2309 autem
700 2287 743 2308 ne
769 2276 861 2309 canis
880 2275 1021 2320 quidem
1043 2268 1129 2321 ringi
1158 2276 1294 2310 auditus
1313 2283 1382 2315 est,
1405 2277 1463 2310 sed
1491 2284 1587 2310 erant
1614 2284 1707 2311 extra
1735 2289 1811 2311 cac·

126 2333 206 2368 dem
232 2345 371 2373 omnes,
392 2334 465 2367 Deo
491 2333 650 2379 angelum
677 2334 977 2367 exterminatorem
1005 2341 1152 2367 arcente.
1182 2334 1310 2372 Viden,
1332 2341 1369 2368 ut
1392 2336 1424 2368 in
1452 2342 1638 2380 conspectu
1658 2335 1810 2368 tiliorum

126 2392 328 2430 hominum,
350 2391 385 2425 id
405 2397 455 2425 est
480 2390 589 2425 libere
615 2398 649 2425 et
674 2391 787 2437 palam
814 2398 975 2437 operatus
1002 2398 1049 2425 cst
1077 2391 1240 2426 bonitatis
1265 2404 1343 2426 suae
1371 2394 1503 2439 copiam
1530 2404 1609 2438 erga
1637 2399 1812 2438 sperantes

126 2450 161 2483 in
181 2450 320 2495 ipsum?
339 2460 444 2495 quarn
463 2449 563 2482 simul
583 2450 686 2483 etiam
703 2449 967 2495 quodammodo
993 2449 1192 2488 abscondit,
1214 2451 1295 2495 quia
1314 2462 1385 2484 non
1404 2450 1565 2484 omnibus
1585 2450 1678 2484 illam
1708 2452 1813 2496 parti—

126 2507 241 2552 cipare
260 2507 373 2540 licuit:
394 2512 566 2540 reservata
584 2507 675 2540 enim
698 2507 797 2547 solis,
818 2513 856 2540 ut
875 2507 963 2543 dixi,
986 2508 1048 2541 suit
1069 2507 1268 2541 timentibus
1293 2520 1386 2541 eum.
1408 2510 1526 2553 Neque
1546 2514 1635 2542 caret
1656 2520 1812 2542 successu

128 2575 206 2610 spes
224 2565 259 2597 in
278 2565 387 2598 Deum
400 2589 408 2603 ,
429 2564 538 2597 immo
556 2575 639 2597 vero
653 2564 775 2598 ‘salutis
793 2564 837 2598 ab
856 2576 897 2599 eo
922 2566 1090 2598 venientis
1109 2566 1322 2619 conciliatrix
1349 2572 1415 2602 est,
1439 2566 1652 2610 multamque
1672 2577 1814 2611 speran-

128 2621 221 2656 tibus
239 2621 341 2656 infert
360 2621 556 2655 utilitatem.
577 2621 770 2656 Abscondis
791 2623 912 2668 igitur,
933 2624 1062 2668 inquit.
1084 2623 1275 2656 bonitatem
1292 2629 1402 2658 tuam.
1424 2623 1460 2656 id
1480 2629 1528 2656 est
1549 2635 1719 2662 reservas,
1741 2635 1814 2657 me-

128 2679 305 2714 tuentibus
323 2686 374 2718 te;
395 2680 475 2724 quia
501 2685 534 2713 et
559 2679 668 2725 ipsam
692 2679 822 2713 idcirco
848 2687 1010 2726 operatus
1035 2692 1087 2717 05,
1110 2686 1147 2713 111
1171 2682 1256 2714 inte
1276 2680 1494 2726 sperantibus
1520 2689 1688 2727 praestes:
1710 2693 1813 2727 quam

129 2739 238 2772 immo
255 2738 370 2784 palam
389 2735 584 2776 exhibebis,
604 2743 641 2771 ut
661 2748 781 2771 omnes
800 2737 954 2777 videant,
975 2738 1034 2772 uhi
1054 2737 1292 2771 retributionis
1310 2744 1446 2785 tempus
1465 2738 1592 2776 aderit,
1609 2751 1684 2773 eam
1703 2739 1815 2785 dignis

229 2869 266 2899 (1)
283 2866 328 2893 Sic
348 2865 484 2901 loquitur,
504 2866 568 2901 quia
587 2865 641 2893 alia
661 2864 723 2897 anie
742 2865 860 2899 dixerat,
880 2874 949 2902 quae
968 2866 1120 2902 eclogarius
1139 2866 1241 2893 omisit.

1841 384 1853 398 ⁷.
1872 382 1900 399 163.

1859 1201 1862 1204 i
1881 1187 1911 1205 155.
