2205 3177
814 194 846 216 ix
871 194 1024 216 PSALm‘M
1050 194 1099 216 ix.
1737 183 1747 214 1
1761 182 1799 214 153

120 268 214 295 turae
241 250 482 294 differentiam.
512 259 647 293 Grande
674 260 763 292 enim
786 259 874 291 inter
897 258 1005 291 Deum
1025 265 1056 291 et
1084 264 1276 290 creaturam
1302 257 1524 290 intervallum
1552 263 1618 294 051,
1641 262 1674 290 01
1701 256 1801 290 diffe-

120 318 228 351 rentia
257 317 401 350 infinita.
423 317 658 350 Υὶ111>11101ωῑς
677 328 760 360 ergo
787 316 930 348 invitare
953 315 1166 359 unigenitum
1185 314 1339 348 Verbum
1366 314 1407 347 ad
1436 314 1719 347 incarnationem.
1749 314 1800 346 Sic

118 376 209 408 enim
235 376 293 420 qui
320 374 454 412 aberat,
477 374 576 408 nobis
603 373 912 419 appropinquaxit,
942 373 1019 417 quia
1049 383 1127 405 cum
1152 373 1242 405 Deus
1269 378 1388 417 suapte
1416 378 1536 405 natura
1564 378 1670 406 esset.
1694 371 1800 404 factus

115 439 166 465 est
191 443 282 466 caro.
314 431 442 465 ldoneo
469 438 582 465 autem
603 436 758 475 tempore
785 435 961 474 peractum
989 428 1051 462 fuit
1079 430 1322 461 incarnationis
1348 430 1567 473 mysterium.
1591 441 1667 461 cum
1688 429 1719 461 in
1741 440 1799 462 ex-

116 496 264 523 tremum
290 489 461 522 malorum
482 487 631 521 mundus
650 487 858 522 devenisset.
882 486 1026 519 inimicis
1046 487 1074 519 ei
1099 498 1201 519 omne
1221 497 1328 530 genus
1352 486 1551 519 insidiarum
1572 485 1795 519 struentibus.

588 553 669 575 llum
685 553 829 579 superbit
846 553 976 580 impius,
993 552 1177 574 incenditur
1194 558 1324 578 pauper.

210 606 286 638 Non
314 605 426 638 solum
455 605 486 637 111
512 605 670 637 humanis
697 604 843 648 negotiis
867 603 1034 636 damnum
1062 602 1189 647 patitur
1214 612 1361 646 pauper,
1383 613 1502 634 xerum
1526 603 1626 635 etiam
1654 602 1695 634 ad
1725 614 1799 646 pec-

114 662 262 695 candum
288 664 489 695 concitatur.
519 662 608 694 Dum
627 662 719 694 enim
742 660 835 693 videt
857 661 1001 705 impium
1026 670 1191 704 prospere
1217 665 1392 703 agentem,
1414 660 1636 703 cogitationes
1655 660 1726 692 eius
1745 660 1799 692 in-

114 719 353 757 flammantur,
380 719 561 763 instigante
587 720 707 752 Satana
736 724 771 751 ut
797 718 955 763 iniquum
981 716 1185 750 aemuletur.
1214 736 1236 740 -
1263 717 1370 748 Verus
1397 727 1480 759 ergo
1509 716 1561 748 1110
1588 728 1701 749 5001110
1727 723 1794 753 est,

113 777 156 811 de
182 777 333 822 superbo
353 777 474 822 quoxis
500 782 536 809 et
560 776 690 809 crudeli
710 775 838 811 dictus,
860 775 918 820 qui
944 773 1132 807 inevitabili
1152 774 1389 819 praepotentia
1408 773 1595 806 debiliores
1623 774 1725 807 veluti
1745 776 1797 807 111-

113 834 239 868 cendit.
269 835 353 867 Vere
379 834 481 867 etiam
508 834 575 867 alio
602 845 702 866 5011511
728 833 873 866 dicitur:
904 843 981 865 nam
1003 833 1060 876 qui
1089 831 1300 864 mundanam
1325 831 1412 864 113110
1438 837 1469 864 01
1498 830 1703 864 diabolicam
1726 832 1798 864 ani—

113 892 305 936 malemque
333 891 534 936 sapientiam
562 891 740 926 excolunt,
762 889 809 923 ob
828 890 915 923 113110
942 888 1163 935 superbiunt.
1186 895 1217 922 et
1243 895 1357 922 mente
1376 889 1517 932 exiguos
1537 888 1739 926 incendunt,
1762 889 1796 921 id

111 957 162 984 est
186 949 360 995 gehennae
387 947 477 982 filios
502 949 672 984 efficiunt.
694 948 874 982 mendacio
901 947 1070 982 faventes,
1092 953 1123 979 01
1151 946 1348 992 eloquentia
1367 958 1426 979 sua
1448 946 1604 979 fraudem
1629 957 1797 980 exornan-

113 1013 178 1045 tes,
200 1012 301 1050 atque
326 1006 372 1039 ita
397 1006 526 1039 multos
545 1006 579 1038 in
599 1016 754 1039 errorem
774 1005 946 1039 trahentes
967 1004 1032 1049 (1):
1055 1005 1118 1049 qui
1136 1004 1202 1037 heu
1227 1010 1401 1048 tamquam
1428 1003 1552 1048 laqueo
1570 1003 1723 1048 quodam
1743 1014 1798 1036 ca-

109 1064 252 1109 piuntur
277 1063 521 1109 decipientium
548 1063 698 1096 consiliis
725 1063 965 1096 circumventi:
989 1073 1067 1095 nam
1093 1062 1186 1107 quod
1215 1062 1267 1094 isti
1295 1060 1486 1094 deliberant
1507 1067 1562 1094 3111
1583 1060 1794 1098 moliuntur,

109 1120 145 1154 id
172 1120 420 1154 infirmioribus
446 1120 604 1166 decipula
631 1120 842 1165 laqueusque
868 1119 918 1153 fit.
948 1119 1112 1164 Alioquin
1131 1125 1161 1152 et
1183 1120 1320 1152 Satanas
1346 1117 1515 1164 superbus
1542 1124 1610 1151 cst:
1632 1119 1691 1163 qui
1718 1129 1795 1151 cum

110 1178 152 1211 sit
177 1177 395 1215 huiusmodi,
424 1177 588 1222 quamdiu
615 1183 706 1210 certe
732 1177 798 1210 1100
824 1178 854 1210 01
881 1188 981 1222 agere
1009 1176 1102 1209 licuit
1130 1182 1160 1209 et
1189 1176 1306 1209 extolli
1335 1187 1437 1221 supra
1464 1176 1649 1212 mortales,
1678 1176 1796 1209 incen-

109 1235 255 1269 debatur
281 1236 392 1268 01111115
419 1246 567 1280 pauper,
589 1234 623 1267 id
650 1240 699 1268 est
718 1241 832 1267 mente
859 1235 1019 1279 exiguus.
1042 1239 1072 1266 et
1098 1233 1309 1278 spiritalibus
1336 1233 1467 1266 111-111115
1493 1245 1608 1278 egeus.
1639 1235 1724 1266 Nam
1747 1233 1796 1267 fa-

111 1299 181 1326 stus
199 1292 364 1338 improbi.
387 1293 528 1338 pauperi
549 1292 682 1338 populo
701 1291 806 1325 veluti
826 1291 1023 1324 incendium
1046 1290 1095 1324 fit.
1121 1304 1135 1321 «
1157 1291 1402 1336 Comprehensi
1423 1297 1500 1324 sunt
1521 1290 1687 1326 0011511115,
1709 1301 1796 1335 quae

109 1349 293 1395 agitabant.
319 1364 333 1380 >2
357 1350 502 1390 Quinam
527 1360 610 1382 10οο
636 1349 777 1381 001151113
805 1349 993 1393 agitantes?
1020 1349 1095 1393 Ipse
1122 1349 1250 1392 peccati
1278 1349 1455 1384 inventor,
1484 1355 1517 1381 ct
1544 1349 1644 1381 ceteri
1674 1348 1792 1381 mundi

109 1408 210 1441 huius
236 1414 404 1443 rectores,
432 1418 582 1451 quorum
609 1405 878 1440 consultationes
910 1411 1011 1451 atque
1042 1405 1170 1438 malitia
1187 1431 1194 1441 ,
1224 1411 1257 1438 ct
1283 1405 1446 1439 adxersus
1474 1418 1593 1440 omnes
1618 1407 1794 1440 machina-

106 1471 240 1502 menta.
263 1466 478 1498 incautorum
504 1463 616 1508 laquei
645 1462 743 1496 fiunt.
772 1462 832 1496 Vel
860 1463 924 1507 ipsi
951 1462 985 1495 hi
1013 1469 1275 1508 praepotentes„
1298 1464 1438 1496 suismet
1459 1463 1609 1496 consiliis
1632 1464 1793 1497 irretiun-

108 1528 182 1554 tur:
210 1521 305 1566 quod
330 1521 422 1554 enim
448 1520 709 1558 machinantur,
739 1520 812 1553 51110
838 1519 947 1553 dubio
972 1520 1007 1552 in
1032 1520 1125 1565 ipsos
1151 1520 1292 1553 recidet.
1322 1521 1362 1554 Ut
1390 1532 1473 1565 ergo
1499 1520 1603 1554 verba
1631 1521 1672 1554 ad
1700 1532 1792 1555 com-

106 1577 272 1624 pendium
291 1577 486 1615 conferam‚
508 1577 584 1611 tolli
610 1577 654 1610 de
680 1577 796 1610 medio
815 1577 901 1622 petit
919 1576 1110 1622 superbum
1137 1576 1342 1615 draconem,
1365 1584 1397 1611 et
1423 1579 1635 1612 consociatas
1654 1590 1732 1612 cum
1751 1591 1793 1613 eo

104 1641 305 1681 potestates,
322 1646 473 1680 quorum
492 1633 803 1669 consultationibus
822 1634 1017 1668 incenditur
1036 1646 1185 1680 pauper,
1204 1634 1246 1668 ad
1266 1646 1370 1668 omne
1388 1637 1560 1681 nequitiae
1579 1647 1686 1681 genus
1706 1648 1793 1670 com-

104 1693 243 1739 pulsus,
269 1693 353 1726 dum
378 1694 454 1739 quis
480 1693 521 1726 sit
547 1704 651 1726 verus
677 1698 798 1726 natura
824 1693 914 1726 Deus
941 1693 1093 1737 ignorat.
1116 1704 1227 1738 neque
1254 1692 1379 1726 divinis
1404 1693 1538 1739 legibus
1564 1694 1606 1728 ad
1632 1694 1792 1728 110110513-

106 1757 175 1785 tem
200 1751 372 1796 dirigitur.

468 1817 624 1844 Quoniam
641 1817 793 1839 laudatur
810 1818 951 1844 peccator
969 1818 1002 1839 in
1020 1817 1184 1839 desideriis
1201 1818 1326 1840 animae
1342 1824 1425 1840 suae.

198 1868 259 1900 Vel
286 1868 389 1901 etiam
415 1868 460 1900 sic
488 1868 547 1912 (2).
578 1868 615 1900 ln
642 1873 793 1905 tantum,
820 1868 950 1913 inquit.
980 1868 1151 1912 nequitiae
1179 1873 1279 1912 atque
1306 1868 1513 1902 infelicitatis
1539 1880 1592 1902 res
1619 1868 1788 1902 humanae

102 1931 288 1960 xenerunt,
309 1924 393 1957 dum
412 1924 553 1958 effertur
571 1924 732 1970 superbia
751 1926 894 1971 impius,
917 1931 952 1958 ut
973 1936 1116 1970 prorsus
1136 1937 1238 1958 nemo
1258 1926 1323 1959 iam
1345 1933 1436 1959 recte
1460 1926 1597 1960 xix-endi
1618 1927 1790 1960 studiosus

101 1983 160 2019 sit:
182 1988 301 2015 contra
328 1992 410 2014 vero
436 1981 619 2015 laudentur
646 1981 689 2016 ab
717 1981 878 2016 omnibus
903 1982 943 2019 ii.
970 1982 1029 2027 qui
1056 1983 1107 2015 sui
1135 1984 1236 2016 animi
1264 1983 1510 2029 cupiditatibus
1535 1984 1786 2029 obsequuntur.

103 2040 214 2084 Atque
240 2039 273 2071 hi
301 2038 443 2072 fortasse
469 2038 512 2072 de
539 2051 575 2072 re
600 2039 690 2072 male
716 2039 780 2073 sibi
807 2039 996 2085 plaudunt,
1024 2046 1055 2073 et
1083 2051 1118 2073 se
1145 2052 1271 2086 pravos·
1298 2052 1369 2074 esse
1396 2032 1609 2086 gloriantur,
1637 2043 1717 2087 quia
1743 2042 1790 2075 015

101 2108 203 2130 nemo
229 2096 422 2129 convicium
449 2095 546 2135 facit,
569 2097 675 2130 immo
702 2108 823 2130 omues
850 2096 1019 2142 plaudunt
1048 2098 1161 2142 potius
1187 2109 1224 2131 ac
1251 2097 1474 2132 benedicunt.

660 2162 865 2185 Bxacerbavit
881 2162 1049 2185 Dominum
1066 2165 1222 2189 peccator.

195 2214 295 2247 Potes
314 2219 346 2247 et
365 2214 410 2246 sic
430 2213 640 2257 intelligere,
662 2213 757 2258 quod
776 2214 963 2247 Dominum
983 2225 1106 2259 nempe
1125 2214 1402 2251 exacerbaxerit.
1425 2216 1507 2249 dum
1533 2217 1784 2262 providentiam

99 2270 172 2305 eius
189 2276 221 2303 et
240 2270 355 2303 iudicii
375 2270 527 2303 eiusdem
547 2270 673 2315 dogma
693 2270 863 2304 irrideret.
881 2271 978 2304 Multi
998 2272 1108 2306 enim,
1126 2272 1152 2304 si
1171 2272 1254 2316 quid
1275 2272 1474 2306 huiusmodi
1493 2274 1633 2306 audiunt
1646 2300 1653 2311 ‚
1670 2275 1783 2307 statim

99 2326 163 2361 sibi
182 2328 289 2362 risum
304 2328 492 2361 excutiunt.
510 2328 571 2361 His
590 2328 822 2361 connectenda
838 2335 916 2362 sunt
935 2327 1041 2362 verba
1058 2343 1073 2360 «
1090 2329 1282 2363 secundum
1297 2330 1554 2364 multitudinem
1571 2332 1639 2363 irae
1654 2342 1749 2364 suae:
1765 2345 1781 2362 n

99 2392 135 2420 ut
161 2386 202 2420 sit
228 2387 359 2431 integer
385 2396 502 2418 sensus
527 2385 598 2419 hic:
620 2385 832 2424 excerbavit,
853 2387 981 2431 inquit.
1004 2387 1191 2421 Dominum
1219 2395 1401 2433 peccator,
1427 2389 1513 2421 iram
1540 2389 1724 2433 plurimam
1751 2388 1784 2421 in

98 2455 133 2477 se
153 2444 339 2477 concitans.
362 2444 447 2476 Nam
465 2456 479 2473 «
497 2454 575 2476 suae
593 2457 608 2474 »
626 2442 669 2476 de
688 2443 911 2478 exacerbante
929 2445 1040 2477 Deum
1061 2445 1299 2490 accipiendum
1318 2451 1380 2479 est.
1403 2446 1532 2479 Deinde
1552 2445 1655 2478 dictio
1677 2460 1691 2476 «
1713 2457 1784 2480 non

96 2500 252 2545 exquiret
274 2514 289 2530 »
312 2495 401 2533 curnx
416 2500 690 2545 interpunctione
716 2500 880 2546 legenda:
904 2507 941 2535 ut
960 2502 1120 2536 versiculi
1140 2504 1305 2536 sententia
1327 2505 1386 2536 sit:
1416 2515 1542 2546 ergone
1571 2503 1623 2536 liic
1642 2502 1783 2548 quidem

97 2558 206 2592 Deum
225 2557 423 2595 exacerbat,
445 2563 479 2590 et
498 2558 569 2590 irae
588 2563 704 2591 contra
724 2570 759 2592 se
779 2558 964 2604 plurimam
983 2559 1197 2593 inflammat?
1217 2561 1307 2594 Deus
1327 2572 1410 2594 xero
1430 2572 1498 2593 non
1518 2560 1695 2604 exquiret?
1713 2562 1783 2595 Aut

97 2617 200 2650 etiam
219 2615 284 2649 hoc
303 2614 426 2648 modo:
449 2614 630 2649 exacerbat
649 2616 834 2649 Dominum
861 2623 1037 2662 peccator,
1059 2616 1142 2650 dum
1169 2628 1247 2650 eum
1267 2623 1379 2650 mente
1399 2629 1467 2650 non
1487 2619 1621 2651 retinet.
1652 2617 1782 2652 Deinde

195 2730 230 2758 (1)
249 2727 384 2762 Grapliice
403 2727 521 2762 Cyrinus
540 2727 669 2754 describit
691 2728 826 2763 sapientes
845 2729 907 2756 illos
926 2729 973 2764 qui
993 2730 1152 2764 compositis
1172 2729 1363 2764 exornatisque
1383 2730 1502 2763 speciosa
1526 2731 1682 2764 eloquentia
1701 2730 1780 2758 libris

98 2776 258 2798 venenatam
283 2771 401 2798 incautis
426 2771 553 2806 populis,
575 2771 602 2798 id
625 2777 665 2799 est
690 2777 779 2800 mente
801 2773 905 2808 exiguis
928 2773 1103 2805 hominibus,
1129 2773 1283 2800 doctrinam
1305 2774 1470 2808 propinant.
1494 2778 1520 2801 et
1543 2774 1683 2809 gehennae
1707 2775 1779 2802 filios

98 2815 230 2844 efficiunt.

193 2863 226 2887 r2?
246 2861 311 2888 Pars
332 2861 397 2888 haec
417 2865 457 2888 est
476 2865 584 2888 tantum
605 2861 736 2896 posterior
756 2861 893 2898 cyrilliani
914 2862 1069 2897 fragmenti,
1091 2862 1135 2889 Sic
1155 2867 1181 2889 et
1202 2862 1282 2889 infra.

1631 2920 1661 2944 15

1833 1474 1870 1494 (ιν.
1886 1479 1907 1500 Ρ.
1926 1476 1968 1494 175Α
