<?xml version="1.0" encoding="UTF-8"?>
<!DOCTYPE html PUBLIC "-//W3C//DTD XHTML 1.0 Transitional//EN"
    "http://www.w3.org/TR/xhtml1/DTD/xhtml1-transitional.dtd">
<html xmlns="http://www.w3.org/1999/xhtml" xml:lang="en" lang="en">
 <head>
  <title>
</title>
<meta http-equiv="Content-Type" content="text/html;charset=utf-8" />
  <meta name='ocr-system' content='tesseract 3.04.00' />
  <meta name='ocr-capabilities' content='ocr_page ocr_carea ocr_par ocr_line ocrx_word'/>
</head>
<body>
  <div class='ocr_page' id='page_1' title='image "./novaepatrumbibli03maiauoft/novaepatrumbibli03maiauoft_0769.png"; bbox 0 0 2205 3177; ppageno 0'>
   <div class='ocr_carea' id='block_1_1' title="bbox 1828 194 1894 227">
    <p class='ocr_par' dir='ltr' id='par_1_1' title="bbox 1828 194 1894 227">
     <span class='ocr_line' id='line_1_1' title="bbox 1828 194 1894 227; baseline 0 -1"><span class='ocrx_word' id='word_1_1' title='bbox 1828 194 1894 227; x_wconf 80' lang='lat'>291</span> 
     </span>
    </p>
   </div>
   <div class='ocr_carea' id='block_1_2' title="bbox 859 264 1285 310">
    <p class='ocr_par' dir='ltr' id='par_1_2' title="bbox 859 264 1285 310">
     <span class='ocr_line' id='line_1_2' title="bbox 859 264 1285 310; baseline -0.009 0"><span class='ocrx_word' id='word_1_2' title='bbox 859 266 1045 310; x_wconf 82' lang='lat' dir='ltr'>INDEX</span> <span class='ocrx_word' id='word_1_3' title='bbox 1077 264 1285 308; x_wconf 80' lang='lat' dir='ltr'>RERUM</span> 
     </span>
    </p>
   </div>
   <div class='ocr_carea' id='block_1_3' title="bbox 332 395 1818 435">
    <p class='ocr_par' dir='ltr' id='par_1_3' title="bbox 332 395 1818 435">
     <span class='ocr_line' id='line_1_3' title="bbox 332 395 1818 435; baseline -0.013 0"><span class='ocrx_word' id='word_1_4' title='bbox 332 411 499 435; x_wconf 66' lang='lat' dir='ltr'>SECUNDUM</span> <span class='ocrx_word' id='word_1_5' title='bbox 526 407 661 432; x_wconf 68' lang='lat' dir='ltr'>PAGINAS</span> <span class='ocrx_word' id='word_1_6' title='bbox 687 404 842 431; x_wconf 71' lang='lat' dir='ltr'>LATles,</span> <span class='ocrx_word' id='word_1_7' title='bbox 865 403 1000 430; x_wconf 55' lang='lat' dir='ltr'>0121an</span> <span class='ocrx_word' id='word_1_8' title='bbox 1026 401 1059 423; x_wconf 80' lang='lat' dir='ltr'>IN</span> <span class='ocrx_word' id='word_1_9' title='bbox 1084 400 1280 423; x_wconf 66' lang='lat' dir='ltr'>MARfflxlnt&#39;s</span> <span class='ocrx_word' id='word_1_10' title='bbox 1307 398 1466 421; x_wconf 68' lang='lat' dir='ltr'>ClTANTl&#39;R</span> <span class='ocrx_word' id='word_1_11' title='bbox 1491 396 1630 419; x_wconf 70' lang='lat' dir='ltr'>PAGJNAE</span> <span class='ocrx_word' id='word_1_12' title='bbox 1656 395 1818 423; x_wconf 73' lang='lat' dir='ltr'><strong>GRAECAE,</strong></span> 
     </span>
    </p>
   </div>
   <div class='ocr_carea' id='block_1_4' title="bbox 667 455 1483 489">
    <p class='ocr_par' dir='ltr' id='par_1_4' title="bbox 667 455 1483 489">
     <span class='ocr_line' id='line_1_4' title="bbox 667 455 1483 489; baseline -0.011 -3"><span class='ocrx_word' id='word_1_13' title='bbox 667 465 695 486; x_wconf 82' lang='lat' dir='ltr'>SI</span> <span class='ocrx_word' id='word_1_14' title='bbox 722 462 793 489; x_wconf 77' lang='lat' dir='ltr'>ers</span> <span class='ocrx_word' id='word_1_15' title='bbox 820 461 923 483; x_wconf 73' lang='lat' dir='ltr'>FORTE</span> <span class='ocrx_word' id='word_1_16' title='bbox 947 461 991 482; x_wconf 72' lang='lat' dir='ltr'>AI)</span> <span class='ocrx_word' id='word_1_17' title='bbox 1018 459 1078 481; x_wconf 75' lang='lat' dir='ltr'>HAS</span> <span class='ocrx_word' id='word_1_18' title='bbox 1105 458 1278 480; x_wconf 65' lang='lat' dir='ltr'>REsmcfflttz</span> <span class='ocrx_word' id='word_1_19' title='bbox 1305 455 1483 478; x_wconf 61' lang='lat' dir='ltr'>MALELMT.</span> 
     </span>
    </p>
   </div>
   <div class='ocr_carea' id='block_1_5' title="bbox 998 571 1156 586">
    <p class='ocr_par' dir='ltr' id='par_1_5' title="bbox 998 571 1156 586">
     <span class='ocr_line' id='line_1_5' title="bbox 998 571 1156 586; baseline -0.006 -10"><span class='ocrx_word' id='word_1_20' title='bbox 998 574 1025 576; x_wconf 32' lang='lat' dir='ltr'>J.</span> <span class='ocrx_word' id='word_1_21' title='bbox 1055 571 1099 586; x_wconf 59' lang='grc' dir='ltr'>Η,</span> <span class='ocrx_word' id='word_1_22' title='bbox 1118 572 1156 575; x_wconf 29' lang='grc' dir='ltr'>ἶ..</span> 
     </span>
    </p>
   </div>
   <div class='ocr_carea' id='block_1_6' title="bbox 632 670 657 696">
    <p class='ocr_par' dir='ltr' id='par_1_6' title="bbox 632 670 657 696">
     <span class='ocr_line' id='line_1_6' title="bbox 632 670 657 696; baseline 0 0"><span class='ocrx_word' id='word_1_23' title='bbox 632 670 657 696; x_wconf 83' lang='grc' dir='ltr'><strong>Α</strong></span> 
     </span>
    </p>
   </div>
   <div class='ocr_carea' id='block_1_7' title="bbox 238 737 1051 834">
    <p class='ocr_par' dir='ltr' id='par_1_7' title="bbox 238 737 1051 834">
     <span class='ocr_line' id='line_1_7' title="bbox 238 737 747 795; baseline -0.018 -3"><span class='ocrx_word' id='word_1_24' title='bbox 238 737 357 792; x_wconf 79' lang='lat' dir='ltr'>Aaron</span> <span class='ocrx_word' id='word_1_25' title='bbox 378 761 477 789; x_wconf 89' lang='lat' dir='ltr'>Christi</span> <span class='ocrx_word' id='word_1_26' title='bbox 496 763 577 795; x_wconf 71' lang='lat' dir='ltr'>typus</span> <span class='ocrx_word' id='word_1_27' title='bbox 597 766 623 793; x_wconf 93' lang='lat' dir='ltr'>p.</span> <span class='ocrx_word' id='word_1_28' title='bbox 639 761 683 784; x_wconf 86' lang='grc'>68.</span> <span class='ocrx_word' id='word_1_29' title='bbox 704 760 747 784; x_wconf 85' lang='grc'>76.</span> 
     </span>
     <span class='ocr_line' id='line_1_8' title="bbox 239 798 1051 834; baseline -0.014 1"><span class='ocrx_word' id='word_1_30' title='bbox 239 807 352 834; x_wconf 80' lang='lat' dir='ltr'>Abrami</span> <span class='ocrx_word' id='word_1_31' title='bbox 370 806 399 832; x_wconf 91' lang='lat' dir='ltr'>in</span> <span class='ocrx_word' id='word_1_32' title='bbox 411 803 601 832; x_wconf 76' lang='lat' dir='ltr'>Abrahamum</span> <span class='ocrx_word' id='word_1_33' title='bbox 617 800 862 832; x_wconf 71' lang='lat' dir='ltr'>transnominatio,</span> <span class='ocrx_word' id='word_1_34' title='bbox 879 798 912 826; x_wconf 83' lang='lat' dir='ltr'>de</span> <span class='ocrx_word' id='word_1_35' title='bbox 931 806 985 833; x_wconf 89' lang='lat' dir='ltr'>qua</span> <span class='ocrx_word' id='word_1_36' title='bbox 1005 805 1051 824; x_wconf 87' lang='lat' dir='ltr'>cu-</span> 
     </span>
    </p>
   </div>
   <div class='ocr_carea' id='block_1_8' title="bbox 233 846 1061 2906">
    <p class='ocr_par' dir='ltr' id='par_1_8' title="bbox 289 846 753 882">
     <span class='ocr_line' id='line_1_9' title="bbox 289 846 753 882; baseline -0.013 -5"><span class='ocrx_word' id='word_1_37' title='bbox 289 851 359 877; x_wconf 85' lang='lat' dir='ltr'>riose</span> <span class='ocrx_word' id='word_1_38' title='bbox 378 847 487 874; x_wconf 90' lang='lat' dir='ltr'>disserit</span> <span class='ocrx_word' id='word_1_39' title='bbox 504 846 624 882; x_wconf 73' lang='lat' dir='ltr'>Cyrillus</span> <span class='ocrx_word' id='word_1_40' title='bbox 643 853 669 880; x_wconf 85' lang='lat' dir='ltr'>p.</span> <span class='ocrx_word' id='word_1_41' title='bbox 692 848 753 872; x_wconf 83' lang='lat'>285.</span> 
     </span>
    </p>

    <p class='ocr_par' dir='ltr' id='par_1_9' title="bbox 237 887 1051 970">
     <span class='ocr_line' id='line_1_10' title="bbox 237 887 1051 926; baseline -0.011 -5"><span class='ocrx_word' id='word_1_42' title='bbox 237 894 411 921; x_wconf 75' lang='lat' dir='ltr'>Abi-aliamus</span> <span class='ocrx_word' id='word_1_43' title='bbox 431 890 569 926; x_wconf 90' lang='lat' dir='ltr'>quomodo</span> <span class='ocrx_word' id='word_1_44' title='bbox 590 889 643 917; x_wconf 84' lang='lat' dir='ltr'>lide</span> <span class='ocrx_word' id='word_1_45' title='bbox 666 888 830 917; x_wconf 86' lang='lat' dir='ltr'>iustilicatus</span> <span class='ocrx_word' id='word_1_46' title='bbox 853 887 945 923; x_wconf 86' lang='lat' dir='ltr'>potius</span> <span class='ocrx_word' id='word_1_47' title='bbox 968 894 1051 922; x_wconf 88' lang='lat' dir='ltr'>qnam</span> 
     </span>
     <span class='ocr_line' id='line_1_11' title="bbox 289 935 505 970; baseline -0.014 -7"><span class='ocrx_word' id='word_1_48' title='bbox 289 935 418 970; x_wconf 86' lang='lat' dir='ltr'>operibus</span> <span class='ocrx_word' id='word_1_49' title='bbox 437 942 463 969; x_wconf 89' lang='lat' dir='ltr'>p.</span> <span class='ocrx_word' id='word_1_50' title='bbox 480 937 505 960; x_wconf 75' lang='grc'>5.</span> 
     </span>
    </p>

    <p class='ocr_par' dir='ltr' id='par_1_10' title="bbox 235 977 644 1012">
     <span class='ocr_line' id='line_1_12' title="bbox 235 977 644 1012; baseline -0.005 -7"><span class='ocrx_word' id='word_1_51' title='bbox 235 978 403 1006; x_wconf 83' lang='lat' dir='ltr'>Acerbitatis</span> <span class='ocrx_word' id='word_1_52' title='bbox 424 977 530 1004; x_wconf 88' lang='lat' dir='ltr'>utilitas</span> <span class='ocrx_word' id='word_1_53' title='bbox 551 985 578 1012; x_wconf 90' lang='lat' dir='ltr'>p.</span> <span class='ocrx_word' id='word_1_54' title='bbox 600 979 644 1003; x_wconf 86' lang='grc'>83.</span> 
     </span>
    </p>

    <p class='ocr_par' dir='ltr' id='par_1_11' title="bbox 235 1020 790 1056">
     <span class='ocr_line' id='line_1_13' title="bbox 235 1020 790 1056; baseline -0.005 -7"><span class='ocrx_word' id='word_1_55' title='bbox 235 1022 337 1049; x_wconf 81' lang='lat' dir='ltr'>Adami</span> <span class='ocrx_word' id='word_1_56' title='bbox 357 1026 420 1049; x_wconf 85' lang='lat' dir='ltr'>ante</span> <span class='ocrx_word' id='word_1_57' title='bbox 441 1021 551 1056; x_wconf 89' lang='lat' dir='ltr'>lapsum</span> <span class='ocrx_word' id='word_1_58' title='bbox 571 1020 688 1047; x_wconf 76' lang='lat' dir='ltr'>felicitas</span> <span class='ocrx_word' id='word_1_59' title='bbox 709 1027 736 1055; x_wconf 91' lang='lat' dir='ltr'>p.</span> <span class='ocrx_word' id='word_1_60' title='bbox 757 1022 790 1046; x_wconf 59' lang='grc' dir='ltr'>8.Υ</span> 
     </span>
    </p>

    <p class='ocr_par' dir='ltr' id='par_1_12' title="bbox 236 1061 1015 1100">
     <span class='ocr_line' id='line_1_14' title="bbox 236 1061 1015 1100; baseline -0.009 -7"><span class='ocrx_word' id='word_1_61' title='bbox 236 1066 385 1100; x_wconf 81' lang='lat' dir='ltr'>Aethiopes</span> <span class='ocrx_word' id='word_1_62' title='bbox 403 1065 516 1092; x_wconf 79' lang='lat' dir='ltr'>extremi</span> <span class='ocrx_word' id='word_1_63' title='bbox 536 1066 565 1091; x_wconf 91' lang='lat' dir='ltr'>in</span> <span class='ocrx_word' id='word_1_64' title='bbox 584 1064 688 1091; x_wconf 87' lang='lat' dir='ltr'>oriente</span> <span class='ocrx_word' id='word_1_65' title='bbox 708 1067 735 1090; x_wconf 95' lang='lat' dir='ltr'>et</span> <span class='ocrx_word' id='word_1_66' title='bbox 753 1061 894 1089; x_wconf 84' lang='lat' dir='ltr'>occidente</span> <span class='ocrx_word' id='word_1_67' title='bbox 913 1069 941 1096; x_wconf 90' lang='lat' dir='ltr'>p.</span> <span class='ocrx_word' id='word_1_68' title='bbox 955 1063 1015 1087; x_wconf 72' lang='grc'><strong>244.</strong></span> 
     </span>
    </p>

    <p class='ocr_par' dir='ltr' id='par_1_13' title="bbox 233 1106 1051 1143">
     <span class='ocr_line' id='line_1_15' title="bbox 233 1106 1051 1143; baseline -0.007 -6"><span class='ocrx_word' id='word_1_69' title='bbox 233 1113 377 1141; x_wconf 66' lang='grc' dir='ltr'>Ἀλαλητος</span> <span class='ocrx_word' id='word_1_70' title='bbox 397 1109 424 1136; x_wconf 95' lang='lat' dir='ltr'>id</span> <span class='ocrx_word' id='word_1_71' title='bbox 443 1114 484 1136; x_wconf 82' lang='lat' dir='ltr'>est</span> <span class='ocrx_word' id='word_1_72' title='bbox 504 1111 623 1142; x_wconf 77' lang='lat' dir='ltr'>tacitus,</span> <span class='ocrx_word' id='word_1_73' title='bbox 640 1108 722 1143; x_wconf 74' lang='lat' dir='ltr'>vulgo</span> <span class='ocrx_word' id='word_1_74' title='bbox 742 1106 948 1134; x_wconf 61' lang='lat' dir='ltr'>inenarrabilis</span> <span class='ocrx_word' id='word_1_75' title='bbox 968 1114 993 1140; x_wconf 91' lang='lat' dir='ltr'>p.</span> <span class='ocrx_word' id='word_1_76' title='bbox 1008 1107 1051 1131; x_wconf 90' lang='lat'>21.</span> 
     </span>
    </p>

    <p class='ocr_par' dir='ltr' id='par_1_14' title="bbox 236 1154 685 1190">
     <span class='ocr_line' id='line_1_16' title="bbox 236 1154 685 1190; baseline -0.009 -7"><span class='ocrx_word' id='word_1_77' title='bbox 236 1155 391 1190; x_wconf 77' lang='lat' dir='ltr'>Allegoriae</span> <span class='ocrx_word' id='word_1_78' title='bbox 411 1154 499 1181; x_wconf 78' lang='lat' dir='ltr'>variae</span> <span class='ocrx_word' id='word_1_79' title='bbox 519 1162 544 1188; x_wconf 90' lang='lat' dir='ltr'>p.</span> <span class='ocrx_word' id='word_1_80' title='bbox 564 1157 608 1180; x_wconf 86' lang='lat'>78.</span> <span class='ocrx_word' id='word_1_81' title='bbox 626 1156 685 1179; x_wconf 87' lang='grc'><strong>136.</strong></span> 
     </span>
    </p>

    <p class='ocr_par' dir='ltr' id='par_1_15' title="bbox 237 1194 1053 1230">
     <span class='ocr_line' id='line_1_17' title="bbox 237 1194 1053 1230; baseline -0.009 -4"><span class='ocrx_word' id='word_1_82' title='bbox 237 1200 376 1226; x_wconf 80' lang='lat' dir='ltr'>Amicitiis</span> <span class='ocrx_word' id='word_1_83' title='bbox 387 1198 484 1225; x_wconf 86' lang='lat' dir='ltr'>inutile</span> <span class='ocrx_word' id='word_1_84' title='bbox 494 1198 581 1224; x_wconf 88' lang='lat' dir='ltr'>otium</span> <span class='ocrx_word' id='word_1_85' title='bbox 593 1205 648 1224; x_wconf 91' lang='lat' dir='ltr'>non</span> <span class='ocrx_word' id='word_1_86' title='bbox 661 1204 718 1223; x_wconf 89' lang='lat' dir='ltr'>esse</span> <span class='ocrx_word' id='word_1_87' title='bbox 730 1194 945 1230; x_wconf 87' lang='lat' dir='ltr'>impendendum</span> <span class='ocrx_word' id='word_1_88' title='bbox 956 1202 981 1228; x_wconf 91' lang='lat' dir='ltr'>p.</span> <span class='ocrx_word' id='word_1_89' title='bbox 992 1196 1053 1219; x_wconf 81' lang='lat'>278.</span> 
     </span>
    </p>

    <p class='ocr_par' dir='ltr' id='par_1_16' title="bbox 237 1238 1054 1321">
     <span class='ocr_line' id='line_1_18' title="bbox 237 1238 1054 1278; baseline -0.009 -7"><span class='ocrx_word' id='word_1_90' title='bbox 237 1246 384 1278; x_wconf 79' lang='lat' dir='ltr'>Anagoge,</span> <span class='ocrx_word' id='word_1_91' title='bbox 398 1242 426 1269; x_wconf 91' lang='lat' dir='ltr'>id</span> <span class='ocrx_word' id='word_1_92' title='bbox 446 1246 487 1269; x_wconf 90' lang='lat' dir='ltr'>est</span> <span class='ocrx_word' id='word_1_93' title='bbox 509 1241 641 1277; x_wconf 76' lang='lat' dir='ltr'>mysticus</span> <span class='ocrx_word' id='word_1_94' title='bbox 660 1248 771 1272; x_wconf 77' lang='lat' dir='ltr'>sensus,</span> <span class='ocrx_word' id='word_1_95' title='bbox 786 1247 866 1274; x_wconf 89' lang='lat' dir='ltr'>saepe</span> <span class='ocrx_word' id='word_1_96' title='bbox 885 1239 988 1274; x_wconf 79' lang='lat' dir='ltr'>placuit</span> <span class='ocrx_word' id='word_1_97' title='bbox 1003 1238 1054 1273; x_wconf 73' lang='lat' dir='ltr'>Cy—</span> 
     </span>
     <span class='ocr_line' id='line_1_19' title="bbox 290 1283 868 1321; baseline -0.007 -8"><span class='ocrx_word' id='word_1_98' title='bbox 290 1287 354 1313; x_wconf 89' lang='lat' dir='ltr'>rillo</span> <span class='ocrx_word' id='word_1_99' title='bbox 375 1294 400 1321; x_wconf 91' lang='lat' dir='ltr'>p.</span> <span class='ocrx_word' id='word_1_100' title='bbox 423 1289 483 1313; x_wconf 86' lang='lat'>110.</span> <span class='ocrx_word' id='word_1_101' title='bbox 503 1293 561 1320; x_wconf 87' lang='lat' dir='ltr'>seq.</span> <span class='ocrx_word' id='word_1_102' title='bbox 584 1287 642 1311; x_wconf 88' lang='lat'>127.</span> <span class='ocrx_word' id='word_1_103' title='bbox 664 1286 725 1311; x_wconf 88' lang='lat'>225.</span> <span class='ocrx_word' id='word_1_104' title='bbox 746 1287 773 1310; x_wconf 88' lang='lat' dir='ltr'>et</span> <span class='ocrx_word' id='word_1_105' title='bbox 792 1283 868 1310; x_wconf 89' lang='lat' dir='ltr'>alibi.</span> 
     </span>
    </p>

    <p class='ocr_par' dir='ltr' id='par_1_17' title="bbox 239 1328 885 1366">
     <span class='ocr_line' id='line_1_20' title="bbox 239 1328 885 1366; baseline -0.008 -8"><span class='ocrx_word' id='word_1_106' title='bbox 239 1331 339 1366; x_wconf 72' lang='lat' dir='ltr'>Angeli</span> <span class='ocrx_word' id='word_1_107' title='bbox 358 1330 538 1357; x_wconf 76' lang='lat' dir='ltr'>adversantur</span> <span class='ocrx_word' id='word_1_108' title='bbox 559 1328 686 1356; x_wconf 77' lang='lat' dir='ltr'>hostibus</span> <span class='ocrx_word' id='word_1_109' title='bbox 705 1328 755 1355; x_wconf 91' lang='lat' dir='ltr'>Dei</span> <span class='ocrx_word' id='word_1_110' title='bbox 777 1336 803 1362; x_wconf 92' lang='lat' dir='ltr'>p.</span> <span class='ocrx_word' id='word_1_111' title='bbox 827 1331 885 1354; x_wconf 82' lang='grc'><strong>154.</strong></span> 
     </span>
    </p>

    <p class='ocr_par' dir='ltr' id='par_1_18' title="bbox 238 1372 1018 1409">
     <span class='ocr_line' id='line_1_21' title="bbox 238 1372 1018 1409; baseline -0.008 -8"><span class='ocrx_word' id='word_1_112' title='bbox 238 1374 337 1409; x_wconf 77' lang='lat' dir='ltr'>Augeli</span> <span class='ocrx_word' id='word_1_113' title='bbox 358 1373 486 1401; x_wconf 78' lang='lat' dir='ltr'>custodes</span> <span class='ocrx_word' id='word_1_114' title='bbox 504 1373 664 1404; x_wconf 77' lang='lat' dir='ltr'>hominum,</span> <span class='ocrx_word' id='word_1_115' title='bbox 685 1380 712 1406; x_wconf 91' lang='lat' dir='ltr'>p.</span> <span class='ocrx_word' id='word_1_116' title='bbox 729 1374 786 1398; x_wconf 87' lang='lat'>115.</span> <span class='ocrx_word' id='word_1_117' title='bbox 806 1374 864 1398; x_wconf 88' lang='grc'><strong>151.</strong></span> <span class='ocrx_word' id='word_1_118' title='bbox 881 1374 941 1397; x_wconf 83' lang='grc'><strong>217.</strong></span> <span class='ocrx_word' id='word_1_119' title='bbox 958 1372 1018 1396; x_wconf 81' lang='grc'><strong>265.</strong></span> 
     </span>
    </p>

    <p class='ocr_par' dir='ltr' id='par_1_19' title="bbox 238 1412 1056 1497">
     <span class='ocr_line' id='line_1_22' title="bbox 238 1412 1056 1453; baseline -0.007 -8"><span class='ocrx_word' id='word_1_120' title='bbox 238 1419 339 1453; x_wconf 76' lang='lat' dir='ltr'>Angeli</span> <span class='ocrx_word' id='word_1_121' title='bbox 352 1418 380 1445; x_wconf 91' lang='lat' dir='ltr'>in</span> <span class='ocrx_word' id='word_1_122' title='bbox 398 1417 516 1452; x_wconf 80' lang='lat' dir='ltr'>singulis</span> <span class='ocrx_word' id='word_1_123' title='bbox 530 1416 651 1443; x_wconf 89' lang='lat' dir='ltr'>ecclesiis</span> <span class='ocrx_word' id='word_1_124' title='bbox 668 1415 811 1442; x_wconf 87' lang='lat' dir='ltr'>constituti</span> <span class='ocrx_word' id='word_1_125' title='bbox 826 1422 840 1441; x_wconf 94' lang='lat' dir='ltr'>a</span> <span class='ocrx_word' id='word_1_126' title='bbox 853 1416 911 1441; x_wconf 86' lang='lat' dir='ltr'>Deo</span> <span class='ocrx_word' id='word_1_127' title='bbox 928 1412 1056 1440; x_wconf 75' lang='lat' dir='ltr'>custodes</span> 
     </span>
     <span class='ocr_line' id='line_1_23' title="bbox 292 1465 381 1497; baseline -0.011 -9"><span class='ocrx_word' id='word_1_128' title='bbox 292 1471 318 1497; x_wconf 91' lang='lat' dir='ltr'>p.</span> <span class='ocrx_word' id='word_1_129' title='bbox 338 1465 381 1488; x_wconf 84' lang='grc'>42.</span> 
     </span>
    </p>

    <p class='ocr_par' dir='ltr' id='par_1_20' title="bbox 238 1501 1037 1540">
     <span class='ocr_line' id='line_1_24' title="bbox 238 1501 1037 1540; baseline -0.008 -7"><span class='ocrx_word' id='word_1_130' title='bbox 238 1505 338 1540; x_wconf 75' lang='lat' dir='ltr'>Angeli</span> <span class='ocrx_word' id='word_1_131' title='bbox 358 1503 497 1531; x_wconf 89' lang='lat' dir='ltr'>interdum</span> <span class='ocrx_word' id='word_1_132' title='bbox 518 1502 583 1528; x_wconf 86' lang='lat' dir='ltr'>dicti</span> <span class='ocrx_word' id='word_1_133' title='bbox 603 1509 652 1537; x_wconf 91' lang='lat' dir='ltr'>pro</span> <span class='ocrx_word' id='word_1_134' title='bbox 672 1509 700 1528; x_wconf 85' lang='lat' dir='ltr'>re</span> <span class='ocrx_word' id='word_1_135' title='bbox 719 1508 777 1528; x_wconf 87' lang='lat' dir='ltr'>non</span> <span class='ocrx_word' id='word_1_136' title='bbox 796 1501 931 1528; x_wconf 88' lang='lat' dir='ltr'>saeculari</span> <span class='ocrx_word' id='word_1_137' title='bbox 951 1508 976 1535; x_wconf 90' lang='lat' dir='ltr'>p.</span> <span class='ocrx_word' id='word_1_138' title='bbox 994 1503 1037 1527; x_wconf 83' lang='lat'>38.</span> 
     </span>
    </p>

    <p class='ocr_par' dir='ltr' id='par_1_21' title="bbox 238 1544 1002 1582">
     <span class='ocr_line' id='line_1_25' title="bbox 238 1544 1002 1582; baseline -0.007 -7"><span class='ocrx_word' id='word_1_139' title='bbox 238 1548 338 1582; x_wconf 72' lang='lat' dir='ltr'>Angeli</span> <span class='ocrx_word' id='word_1_140' title='bbox 357 1545 539 1573; x_wconf 85' lang='lat' dir='ltr'>introducunt</span> <span class='ocrx_word' id='word_1_141' title='bbox 558 1545 646 1572; x_wconf 82' lang='lat' dir='ltr'>iustos</span> <span class='ocrx_word' id='word_1_142' title='bbox 665 1545 693 1571; x_wconf 90' lang='lat' dir='ltr'>in</span> <span class='ocrx_word' id='word_1_143' title='bbox 714 1544 871 1579; x_wconf 78' lang='lat' dir='ltr'>paradisum</span> <span class='ocrx_word' id='word_1_144' title='bbox 892 1552 918 1579; x_wconf 89' lang='lat' dir='ltr'>p.</span> <span class='ocrx_word' id='word_1_145' title='bbox 942 1547 1002 1570; x_wconf 78' lang='lat'>190.</span> 
     </span>
    </p>

    <p class='ocr_par' dir='ltr' id='par_1_22' title="bbox 240 1587 1056 1669">
     <span class='ocr_line' id='line_1_26' title="bbox 240 1587 1056 1625; baseline -0.004 -8"><span class='ocrx_word' id='word_1_146' title='bbox 240 1591 340 1625; x_wconf 75' lang='lat' dir='ltr'>Angeli</span> <span class='ocrx_word' id='word_1_147' title='bbox 356 1599 412 1617; x_wconf 91' lang='lat' dir='ltr'>non</span> <span class='ocrx_word' id='word_1_148' title='bbox 430 1597 525 1617; x_wconf 87' lang='lat' dir='ltr'>omnes</span> <span class='ocrx_word' id='word_1_149' title='bbox 547 1589 707 1624; x_wconf 73' lang='lat' dir='ltr'>mysterium</span> <span class='ocrx_word' id='word_1_150' title='bbox 722 1588 920 1615; x_wconf 76' lang='lat' dir='ltr'>incarnationis</span> <span class='ocrx_word' id='word_1_151' title='bbox 937 1587 1056 1615; x_wconf 88' lang='lat' dir='ltr'>domini-</span> 
     </span>
     <span class='ocr_line' id='line_1_27' title="bbox 291 1633 769 1669; baseline -0.006 -8"><span class='ocrx_word' id='word_1_152' title='bbox 291 1642 339 1661; x_wconf 89' lang='lat' dir='ltr'>cae</span> <span class='ocrx_word' id='word_1_153' title='bbox 359 1633 561 1669; x_wconf 77' lang='lat' dir='ltr'>cognoscebant</span> <span class='ocrx_word' id='word_1_154' title='bbox 580 1641 606 1667; x_wconf 91' lang='lat' dir='ltr'>p.</span> <span class='ocrx_word' id='word_1_155' title='bbox 628 1636 687 1659; x_wconf 84' lang='lat'>136.</span> <span class='ocrx_word' id='word_1_156' title='bbox 708 1635 769 1658; x_wconf 80' lang='lat'>248.</span> 
     </span>
    </p>

    <p class='ocr_par' dir='ltr' id='par_1_23' title="bbox 237 1675 759 1713">
     <span class='ocr_line' id='line_1_28' title="bbox 237 1675 759 1713; baseline -0.01 -7"><span class='ocrx_word' id='word_1_157' title='bbox 237 1678 339 1713; x_wconf 75' lang='lat' dir='ltr'>Angeli</span> <span class='ocrx_word' id='word_1_158' title='bbox 358 1682 425 1704; x_wconf 85' lang='lat' dir='ltr'>sunt</span> <span class='ocrx_word' id='word_1_159' title='bbox 443 1677 560 1703; x_wconf 82' lang='lat' dir='ltr'>thronus</span> <span class='ocrx_word' id='word_1_160' title='bbox 578 1675 629 1702; x_wconf 88' lang='lat' dir='ltr'>Dei</span> <span class='ocrx_word' id='word_1_161' title='bbox 650 1684 676 1710; x_wconf 87' lang='lat' dir='ltr'>p.</span> <span class='ocrx_word' id='word_1_162' title='bbox 699 1678 759 1701; x_wconf 82' lang='grc'><strong>200.</strong></span> 
     </span>
    </p>

    <p class='ocr_par' dir='ltr' id='par_1_24' title="bbox 238 1718 951 1756">
     <span class='ocr_line' id='line_1_29' title="bbox 238 1718 951 1756; baseline -0.004 -8"><span class='ocrx_word' id='word_1_163' title='bbox 238 1722 340 1756; x_wconf 73' lang='lat' dir='ltr'>Angeli</span> <span class='ocrx_word' id='word_1_164' title='bbox 362 1724 493 1748; x_wconf 72' lang='lat' dir='ltr'>vocantur</span> <span class='ocrx_word' id='word_1_165' title='bbox 512 1719 550 1746; x_wconf 92' lang='lat' dir='ltr'>dii</span> <span class='ocrx_word' id='word_1_166' title='bbox 571 1727 586 1746; x_wconf 87' lang='lat' dir='ltr'>a</span> <span class='ocrx_word' id='word_1_167' title='bbox 606 1719 693 1746; x_wconf 77' lang='lat' dir='ltr'>Paulo</span> <span class='ocrx_word' id='word_1_168' title='bbox 714 1718 837 1754; x_wconf 87' lang='lat' dir='ltr'>apostolo</span> <span class='ocrx_word' id='word_1_169' title='bbox 859 1727 885 1754; x_wconf 89' lang='lat' dir='ltr'>p.</span> <span class='ocrx_word' id='word_1_170' title='bbox 905 1722 951 1746; x_wconf 78' lang='grc'>41.</span> 
     </span>
    </p>

    <p class='ocr_par' dir='ltr' id='par_1_25' title="bbox 240 1764 808 1800">
     <span class='ocr_line' id='line_1_30' title="bbox 240 1764 808 1800; baseline -0.004 -8"><span class='ocrx_word' id='word_1_171' title='bbox 240 1765 412 1800; x_wconf 71' lang='lat' dir='ltr'>Angelorum</span> <span class='ocrx_word' id='word_1_172' title='bbox 432 1764 614 1799; x_wconf 81' lang='lat' dir='ltr'>impeccantia</span> <span class='ocrx_word' id='word_1_173' title='bbox 633 1772 659 1798; x_wconf 92' lang='lat' dir='ltr'>p.</span> <span class='ocrx_word' id='word_1_174' title='bbox 681 1766 724 1790; x_wconf 82' lang='lat'>86.</span> <span class='ocrx_word' id='word_1_175' title='bbox 749 1767 808 1790; x_wconf 84' lang='grc'><strong>148.</strong></span> 
     </span>
    </p>

    <p class='ocr_par' dir='ltr' id='par_1_26' title="bbox 239 1808 1003 1844">
     <span class='ocr_line' id='line_1_31' title="bbox 239 1808 1003 1844; baseline -0.001 -9"><span class='ocrx_word' id='word_1_176' title='bbox 239 1809 409 1844; x_wconf 73' lang='lat' dir='ltr'>Angelorum</span> <span class='ocrx_word' id='word_1_177' title='bbox 429 1813 530 1835; x_wconf 88' lang='lat' dir='ltr'>natura</span> <span class='ocrx_word' id='word_1_178' title='bbox 550 1812 623 1835; x_wconf 86' lang='lat' dir='ltr'>caret</span> <span class='ocrx_word' id='word_1_179' title='bbox 643 1808 765 1835; x_wconf 75' lang='lat' dir='ltr'>crassitie</span> <span class='ocrx_word' id='word_1_180' title='bbox 785 1812 892 1835; x_wconf 88' lang='lat' dir='ltr'>terrena</span> <span class='ocrx_word' id='word_1_181' title='bbox 912 1816 938 1843; x_wconf 90' lang='lat' dir='ltr'>p.</span> <span class='ocrx_word' id='word_1_182' title='bbox 960 1811 1003 1835; x_wconf 83' lang='grc'>63.</span> 
     </span>
    </p>

    <p class='ocr_par' dir='ltr' id='par_1_27' title="bbox 241 1853 750 1887">
     <span class='ocr_line' id='line_1_32' title="bbox 241 1853 750 1887; baseline -0.002 -8"><span class='ocrx_word' id='word_1_183' title='bbox 241 1853 411 1887; x_wconf 72' lang='lat' dir='ltr'>Angelorum</span> <span class='ocrx_word' id='word_1_184' title='bbox 433 1856 575 1887; x_wconf 85' lang='lat' dir='ltr'>peccatum</span> <span class='ocrx_word' id='word_1_185' title='bbox 595 1860 621 1886; x_wconf 91' lang='lat' dir='ltr'>p.</span> <span class='ocrx_word' id='word_1_186' title='bbox 643 1854 668 1878; x_wconf 78' lang='lat'>4.</span> <span class='ocrx_word' id='word_1_187' title='bbox 689 1854 750 1878; x_wconf 83' lang='lat'>281.</span> 
     </span>
    </p>

    <p class='ocr_par' dir='ltr' id='par_1_28' title="bbox 240 1895 1057 1975">
     <span class='ocr_line' id='line_1_33' title="bbox 240 1895 1057 1930; baseline -0.001 -7"><span class='ocrx_word' id='word_1_188' title='bbox 240 1897 357 1923; x_wconf 82' lang='lat' dir='ltr'>Animae</span> <span class='ocrx_word' id='word_1_189' title='bbox 378 1896 511 1923; x_wconf 88' lang='lat' dir='ltr'>iustorum</span> <span class='ocrx_word' id='word_1_190' title='bbox 525 1897 618 1923; x_wconf 86' lang='lat' dir='ltr'>statim</span> <span class='ocrx_word' id='word_1_191' title='bbox 633 1899 693 1930; x_wconf 90' lang='lat' dir='ltr'>post</span> <span class='ocrx_word' id='word_1_192' title='bbox 713 1896 834 1930; x_wconf 88' lang='lat' dir='ltr'>corporis</span> <span class='ocrx_word' id='word_1_193' title='bbox 847 1895 953 1923; x_wconf 87' lang='lat' dir='ltr'>obitum</span> <span class='ocrx_word' id='word_1_194' title='bbox 967 1900 1057 1922; x_wconf 86' lang='lat' dir='ltr'>trans-</span> 
     </span>
     <span class='ocr_line' id='line_1_34' title="bbox 294 1939 777 1975; baseline -0.002 -8"><span class='ocrx_word' id='word_1_195' title='bbox 294 1940 423 1967; x_wconf 78' lang='lat' dir='ltr'>feruntur</span> <span class='ocrx_word' id='word_1_196' title='bbox 443 1941 472 1967; x_wconf 92' lang='lat' dir='ltr'>in</span> <span class='ocrx_word' id='word_1_197' title='bbox 492 1939 650 1975; x_wconf 85' lang='lat' dir='ltr'>paradisum</span> <span class='ocrx_word' id='word_1_198' title='bbox 670 1948 695 1975; x_wconf 90' lang='lat' dir='ltr'>p.</span> <span class='ocrx_word' id='word_1_199' title='bbox 716 1943 777 1967; x_wconf 85' lang='grc'><strong>215.</strong></span> 
     </span>
    </p>

    <p class='ocr_par' dir='ltr' id='par_1_29' title="bbox 235 1983 1058 2064">
     <span class='ocr_line' id='line_1_35' title="bbox 235 1983 1058 2019; baseline -0.002 -7"><span class='ocrx_word' id='word_1_200' title='bbox 235 1986 342 2012; x_wconf 49' lang='lat' dir='ltr'>&#39;Arde-1</span> <span class='ocrx_word' id='word_1_201' title='bbox 367 1984 442 2019; x_wconf 90' lang='lat' dir='ltr'>apud</span> <span class='ocrx_word' id='word_1_202' title='bbox 466 1985 525 2011; x_wconf 89' lang='lat' dir='ltr'>Ioh.</span> <span class='ocrx_word' id='word_1_203' title='bbox 554 1985 603 2011; x_wconf 89' lang='lat'>111.</span> <span class='ocrx_word' id='word_1_204' title='bbox 627 1987 653 2011; x_wconf 84' lang='lat'>5.</span> <span class='ocrx_word' id='word_1_205' title='bbox 683 1983 822 2019; x_wconf 85' lang='lat' dir='ltr'>quomodo</span> <span class='ocrx_word' id='word_1_206' title='bbox 847 1983 1058 2019; x_wconf 82' lang='lat' dir='ltr'>intelligendum</span> 
     </span>
     <span class='ocr_line' id='line_1_36' title="bbox 295 2028 468 2064; baseline -0.006 -8"><span class='ocrx_word' id='word_1_207' title='bbox 295 2038 321 2064; x_wconf 88' lang='lat' dir='ltr'>p.</span> <span class='ocrx_word' id='word_1_208' title='bbox 340 2032 384 2056; x_wconf 85' lang='lat'>28.</span> <span class='ocrx_word' id='word_1_209' title='bbox 404 2028 468 2056; x_wconf 89' lang='lat' dir='ltr'>adn.</span> 
     </span>
    </p>

    <p class='ocr_par' dir='ltr' id='par_1_30' title="bbox 242 2072 716 2108">
     <span class='ocr_line' id='line_1_37' title="bbox 242 2072 716 2108; baseline -0.002 -8"><span class='ocrx_word' id='word_1_210' title='bbox 242 2073 461 2108; x_wconf 68' lang='lat' dir='ltr'>Anthropologia</span> <span class='ocrx_word' id='word_1_211' title='bbox 481 2072 514 2099; x_wconf 90' lang='lat' dir='ltr'>de</span> <span class='ocrx_word' id='word_1_212' title='bbox 533 2073 590 2099; x_wconf 90' lang='lat' dir='ltr'>Deo</span> <span class='ocrx_word' id='word_1_213' title='bbox 610 2081 636 2107; x_wconf 89' lang='lat' dir='ltr'>p.</span> <span class='ocrx_word' id='word_1_214' title='bbox 656 2075 716 2099; x_wconf 85' lang='lat'>276.</span> 
     </span>
    </p>

    <p class='ocr_par' dir='ltr' id='par_1_31' title="bbox 244 2115 1058 2152">
     <span class='ocr_line' id='line_1_38' title="bbox 244 2115 1058 2152; baseline 0 -9"><span class='ocrx_word' id='word_1_215' title='bbox 244 2117 413 2152; x_wconf 86' lang='lat' dir='ltr'>Apollinaris</span> <span class='ocrx_word' id='word_1_216' title='bbox 433 2117 510 2143; x_wconf 89' lang='lat' dir='ltr'>locus</span> <span class='ocrx_word' id='word_1_217' title='bbox 530 2116 564 2143; x_wconf 89' lang='lat' dir='ltr'>ad</span> <span class='ocrx_word' id='word_1_218' title='bbox 585 2124 667 2151; x_wconf 88' lang='lat' dir='ltr'>quem</span> <span class='ocrx_word' id='word_1_219' title='bbox 688 2116 799 2151; x_wconf 79' lang='lat' dir='ltr'>respicit</span> <span class='ocrx_word' id='word_1_220' title='bbox 818 2115 937 2152; x_wconf 73' lang='lat' dir='ltr'>Cyl-illus</span> <span class='ocrx_word' id='word_1_221' title='bbox 955 2124 980 2151; x_wconf 91' lang='lat' dir='ltr'>p.</span> <span class='ocrx_word' id='word_1_222' title='bbox 997 2118 1058 2143; x_wconf 82' lang='grc'><strong>223.</strong></span> 
     </span>
    </p>

    <p class='ocr_par' dir='ltr' id='par_1_32' title="bbox 242 2159 849 2195">
     <span class='ocr_line' id='line_1_39' title="bbox 242 2159 849 2195; baseline -0.002 -8"><span class='ocrx_word' id='word_1_223' title='bbox 242 2161 439 2195; x_wconf 80' lang='lat' dir='ltr'>Apostolorum</span> <span class='ocrx_word' id='word_1_224' title='bbox 461 2161 564 2195; x_wconf 85' lang='lat' dir='ltr'>patriae</span> <span class='ocrx_word' id='word_1_225' title='bbox 582 2168 614 2187; x_wconf 85' lang='lat' dir='ltr'>ac</span> <span class='ocrx_word' id='word_1_226' title='bbox 635 2159 723 2187; x_wconf 89' lang='lat' dir='ltr'>tribus</span> <span class='ocrx_word' id='word_1_227' title='bbox 743 2168 769 2194; x_wconf 91' lang='lat' dir='ltr'>p.</span> <span class='ocrx_word' id='word_1_228' title='bbox 788 2163 849 2187; x_wconf 82' lang='grc'><strong>243.</strong></span> 
     </span>
    </p>

    <p class='ocr_par' dir='ltr' id='par_1_33' title="bbox 244 2203 1060 2283">
     <span class='ocr_line' id='line_1_40' title="bbox 244 2203 1060 2239; baseline -0.001 -8"><span class='ocrx_word' id='word_1_229' title='bbox 244 2208 340 2239; x_wconf 80' lang='lat' dir='ltr'>Aquae</span> <span class='ocrx_word' id='word_1_230' title='bbox 359 2213 406 2232; x_wconf 88' lang='lat' dir='ltr'>seu</span> <span class='ocrx_word' id='word_1_231' title='bbox 430 2213 519 2237; x_wconf 87' lang='lat' dir='ltr'>mare,</span> <span class='ocrx_word' id='word_1_232' title='bbox 540 2204 686 2239; x_wconf 79' lang='lat' dir='ltr'>allegorice</span> <span class='ocrx_word' id='word_1_233' title='bbox 706 2212 754 2239; x_wconf 92' lang='lat' dir='ltr'>pro</span> <span class='ocrx_word' id='word_1_234' title='bbox 772 2204 914 2231; x_wconf 90' lang='lat' dir='ltr'>hominum</span> <span class='ocrx_word' id='word_1_235' title='bbox 936 2203 1060 2231; x_wconf 87' lang='lat' dir='ltr'>multitu-</span> 
     </span>
     <span class='ocr_line' id='line_1_41' title="bbox 296 2248 572 2283; baseline -0.004 -7"><span class='ocrx_word' id='word_1_236' title='bbox 296 2248 361 2276; x_wconf 88' lang='lat' dir='ltr'>dine</span> <span class='ocrx_word' id='word_1_237' title='bbox 381 2257 407 2283; x_wconf 94' lang='lat' dir='ltr'>p.</span> <span class='ocrx_word' id='word_1_238' title='bbox 429 2252 490 2276; x_wconf 86' lang='grc'><strong>206.</strong></span> <span class='ocrx_word' id='word_1_239' title='bbox 511 2252 572 2276; x_wconf 81' lang='grc'><strong>234.</strong></span> 
     </span>
    </p>

    <p class='ocr_par' dir='ltr' id='par_1_34' title="bbox 244 2292 1059 2363">
     <span class='ocr_line' id='line_1_42' title="bbox 244 2292 1059 2328; baseline 0 -9"><span class='ocrx_word' id='word_1_240' title='bbox 244 2293 360 2327; x_wconf 80' lang='lat' dir='ltr'>Aquilae</span> <span class='ocrx_word' id='word_1_241' title='bbox 380 2293 523 2320; x_wconf 84' lang='lat' dir='ltr'>translatio</span> <span class='ocrx_word' id='word_1_242' title='bbox 543 2292 697 2319; x_wconf 87' lang='lat' dir='ltr'>Bibliorum</span> <span class='ocrx_word' id='word_1_243' title='bbox 717 2300 743 2328; x_wconf 94' lang='lat' dir='ltr'>p.</span> <span class='ocrx_word' id='word_1_244' title='bbox 766 2295 825 2319; x_wconf 81' lang='grc'><strong>124.</strong></span> <span class='ocrx_word' id='word_1_245' title='bbox 849 2295 981 2320; x_wconf 82' lang='lat'>180.196.</span> <span class='ocrx_word' id='word_1_246' title='bbox 998 2295 1059 2320; x_wconf 82' lang='grc'><strong>204.</strong></span> 
     </span>
     <span class='ocr_line' id='line_1_43' title="bbox 296 2340 440 2363; baseline 0 0"><span class='ocrx_word' id='word_1_247' title='bbox 296 2340 358 2363; x_wconf 79' lang='lat'>212.</span> <span class='ocrx_word' id='word_1_248' title='bbox 379 2340 440 2363; x_wconf 67' lang='lat'>214.</span> 
     </span>
    </p>

    <p class='ocr_par' dir='ltr' id='par_1_35' title="bbox 241 2380 1059 2416">
     <span class='ocr_line' id='line_1_44' title="bbox 241 2380 1059 2416; baseline 0.001 -9"><span class='ocrx_word' id='word_1_249' title='bbox 241 2383 304 2415; x_wconf 53' lang='grc' dir='ltr'>Ἄκρα</span> <span class='ocrx_word' id='word_1_250' title='bbox 328 2380 468 2408; x_wconf 86' lang='lat' dir='ltr'>interdum</span> <span class='ocrx_word' id='word_1_251' title='bbox 489 2388 544 2407; x_wconf 85' lang='lat' dir='ltr'>non</span> <span class='ocrx_word' id='word_1_252' title='bbox 564 2380 716 2408; x_wconf 89' lang='lat' dir='ltr'>dubitantis</span> <span class='ocrx_word' id='word_1_253' title='bbox 735 2380 782 2408; x_wconf 88' lang='lat' dir='ltr'>sed</span> <span class='ocrx_word' id='word_1_254' title='bbox 799 2380 935 2408; x_wconf 86' lang='lat' dir='ltr'>credentis</span> <span class='ocrx_word' id='word_1_255' title='bbox 955 2389 981 2416; x_wconf 90' lang='lat' dir='ltr'>p.</span> <span class='ocrx_word' id='word_1_256' title='bbox 998 2384 1059 2408; x_wconf 84' lang='lat'>228.</span> 
     </span>
    </p>

    <p class='ocr_par' dir='ltr' id='par_1_36' title="bbox 245 2424 909 2459">
     <span class='ocr_line' id='line_1_45' title="bbox 245 2424 909 2459; baseline -0.002 -7"><span class='ocrx_word' id='word_1_257' title='bbox 245 2425 392 2452; x_wconf 80' lang='lat' dir='ltr'>Arbeseser</span> <span class='ocrx_word' id='word_1_258' title='bbox 412 2424 648 2451; x_wconf 84' lang='lat' dir='ltr'>Samaritanorum</span> <span class='ocrx_word' id='word_1_259' title='bbox 668 2425 780 2459; x_wconf 81' lang='lat' dir='ltr'>regulus</span> <span class='ocrx_word' id='word_1_260' title='bbox 803 2433 828 2459; x_wconf 88' lang='lat' dir='ltr'>p.</span> <span class='ocrx_word' id='word_1_261' title='bbox 849 2428 909 2451; x_wconf 78' lang='lat'>278.</span> 
     </span>
    </p>

    <p class='ocr_par' dir='ltr' id='par_1_37' title="bbox 244 2470 1060 2542">
     <span class='ocr_line' id='line_1_46' title="bbox 244 2470 1060 2505; baseline 0 -8"><span class='ocrx_word' id='word_1_262' title='bbox 244 2470 340 2497; x_wconf 83' lang='lat' dir='ltr'>Ariani</span> <span class='ocrx_word' id='word_1_263' title='bbox 362 2473 518 2505; x_wconf 77' lang='lat' dir='ltr'>arguuntur</span> <span class='ocrx_word' id='word_1_264' title='bbox 539 2477 565 2504; x_wconf 91' lang='lat' dir='ltr'>p.</span> <span class='ocrx_word' id='word_1_265' title='bbox 586 2472 629 2497; x_wconf 86' lang='grc'>69.</span> <span class='ocrx_word' id='word_1_266' title='bbox 650 2472 694 2495; x_wconf 91' lang='grc'>70.</span> <span class='ocrx_word' id='word_1_267' title='bbox 710 2473 753 2496; x_wconf 68' lang='grc' dir='ltr'>Ἡ.</span> <span class='ocrx_word' id='word_1_268' title='bbox 774 2473 817 2496; x_wconf 89' lang='grc'>73.</span> <span class='ocrx_word' id='word_1_269' title='bbox 836 2473 897 2497; x_wconf 82' lang='grc'><strong>201.</strong></span> <span class='ocrx_word' id='word_1_270' title='bbox 918 2472 980 2496; x_wconf 82' lang='grc'><strong>205.</strong></span> <span class='ocrx_word' id='word_1_271' title='bbox 999 2472 1060 2498; x_wconf 83' lang='grc'><strong>261.</strong></span> 
     </span>
     <span class='ocr_line' id='line_1_47' title="bbox 299 2516 527 2542; baseline -0.004 -2"><span class='ocrx_word' id='word_1_272' title='bbox 299 2517 361 2542; x_wconf 83' lang='grc'><strong>263.</strong></span> <span class='ocrx_word' id='word_1_273' title='bbox 382 2517 444 2541; x_wconf 75' lang='grc'><strong>264.</strong></span> <span class='ocrx_word' id='word_1_274' title='bbox 465 2516 527 2540; x_wconf 79' lang='grc'><strong>265.</strong></span> 
     </span>
    </p>

    <p class='ocr_par' dir='ltr' id='par_1_38' title="bbox 245 2556 1061 2637">
     <span class='ocr_line' id='line_1_48' title="bbox 245 2556 1061 2593; baseline 0.001 -9"><span class='ocrx_word' id='word_1_275' title='bbox 245 2558 341 2585; x_wconf 84' lang='lat' dir='ltr'>Ariani</span> <span class='ocrx_word' id='word_1_276' title='bbox 361 2558 505 2593; x_wconf 87' lang='lat' dir='ltr'>epistolam</span> <span class='ocrx_word' id='word_1_277' title='bbox 520 2557 598 2585; x_wconf 88' lang='lat' dir='ltr'>Pauli</span> <span class='ocrx_word' id='word_1_278' title='bbox 611 2556 646 2584; x_wconf 90' lang='lat' dir='ltr'>ad</span> <span class='ocrx_word' id='word_1_279' title='bbox 660 2557 798 2585; x_wconf 87' lang='lat' dir='ltr'>Hebraeos</span> <span class='ocrx_word' id='word_1_280' title='bbox 810 2565 866 2585; x_wconf 86' lang='lat' dir='ltr'>non</span> <span class='ocrx_word' id='word_1_281' title='bbox 879 2557 1061 2586; x_wconf 84' lang='lat' dir='ltr'>admittebant</span> 
     </span>
     <span class='ocr_line' id='line_1_49' title="bbox 300 2601 520 2637; baseline -0.009 -7"><span class='ocrx_word' id='word_1_282' title='bbox 300 2610 325 2637; x_wconf 89' lang='lat' dir='ltr'>p.</span> <span class='ocrx_word' id='word_1_283' title='bbox 343 2606 386 2629; x_wconf 80' lang='lat'>82.</span> <span class='ocrx_word' id='word_1_284' title='bbox 405 2603 435 2629; x_wconf 92' lang='lat' dir='ltr'>in</span> <span class='ocrx_word' id='word_1_285' title='bbox 455 2601 520 2629; x_wconf 90' lang='lat' dir='ltr'>adn.</span> 
     </span>
    </p>

    <p class='ocr_par' dir='ltr' id='par_1_39' title="bbox 243 2646 998 2682">
     <span class='ocr_line' id='line_1_50' title="bbox 243 2646 998 2682; baseline 0 -9"><span class='ocrx_word' id='word_1_286' title='bbox 243 2647 339 2674; x_wconf 77' lang='lat' dir='ltr'>Ariani</span> <span class='ocrx_word' id='word_1_287' title='bbox 357 2647 479 2675; x_wconf 66' lang='lat' dir='ltr'>Verbum</span> <span class='ocrx_word' id='word_1_288' title='bbox 499 2647 549 2673; x_wconf 88' lang='lat' dir='ltr'>Dei</span> <span class='ocrx_word' id='word_1_289' title='bbox 569 2646 766 2681; x_wconf 88' lang='lat' dir='ltr'>comparabant</span> <span class='ocrx_word' id='word_1_290' title='bbox 786 2647 891 2681; x_wconf 80' lang='lat' dir='ltr'>angelis</span> <span class='ocrx_word' id='word_1_291' title='bbox 911 2655 938 2682; x_wconf 89' lang='lat' dir='ltr'>p.</span> <span class='ocrx_word' id='word_1_292' title='bbox 955 2651 998 2674; x_wconf 88' lang='grc'>70.</span> 
     </span>
    </p>

    <p class='ocr_par' dir='ltr' id='par_1_40' title="bbox 244 2690 1061 2762">
     <span class='ocr_line' id='line_1_51' title="bbox 244 2690 1061 2726; baseline 0.002 -10"><span class='ocrx_word' id='word_1_293' title='bbox 244 2691 405 2718; x_wconf 75' lang='lat' dir='ltr'>Aristoteles</span> <span class='ocrx_word' id='word_1_294' title='bbox 425 2690 622 2726; x_wconf 72' lang='lat' dir='ltr'>providentiam</span> <span class='ocrx_word' id='word_1_295' title='bbox 642 2690 750 2726; x_wconf 80' lang='lat' dir='ltr'>negavit</span> <span class='ocrx_word' id='word_1_296' title='bbox 769 2699 797 2726; x_wconf 91' lang='lat' dir='ltr'>p.</span> <span class='ocrx_word' id='word_1_297' title='bbox 815 2695 873 2719; x_wconf 83' lang='lat'>160.</span> <span class='ocrx_word' id='word_1_298' title='bbox 893 2691 947 2719; x_wconf 88' lang='lat' dir='ltr'>Sed</span> <span class='ocrx_word' id='word_1_299' title='bbox 967 2696 1061 2719; x_wconf 89' lang='lat' dir='ltr'>contra</span> 
     </span>
     <span class='ocr_line' id='line_1_52' title="bbox 298 2735 546 2762; baseline 0 0"><span class='ocrx_word' id='word_1_300' title='bbox 298 2736 327 2762; x_wconf 92' lang='lat' dir='ltr'>in</span> <span class='ocrx_word' id='word_1_301' title='bbox 347 2735 412 2762; x_wconf 92' lang='lat' dir='ltr'>adn.</span> <span class='ocrx_word' id='word_1_302' title='bbox 434 2735 546 2762; x_wconf 84' lang='lat' dir='ltr'>ibidem.</span> 
     </span>
    </p>

    <p class='ocr_par' dir='ltr' id='par_1_41' title="bbox 246 2780 870 2814">
     <span class='ocr_line' id='line_1_53' title="bbox 246 2780 870 2814; baseline 0 -8"><span class='ocrx_word' id='word_1_303' title='bbox 246 2780 326 2807; x_wconf 75' lang='lat' dir='ltr'>Athei</span> <span class='ocrx_word' id='word_1_304' title='bbox 346 2781 415 2807; x_wconf 87' lang='lat' dir='ltr'>nihil</span> <span class='ocrx_word' id='word_1_305' title='bbox 436 2780 500 2807; x_wconf 89' lang='lat' dir='ltr'>mali</span> <span class='ocrx_word' id='word_1_306' title='bbox 520 2788 576 2806; x_wconf 89' lang='lat' dir='ltr'>non</span> <span class='ocrx_word' id='word_1_307' title='bbox 595 2780 683 2807; x_wconf 85' lang='lat' dir='ltr'>acturi</span> <span class='ocrx_word' id='word_1_308' title='bbox 702 2784 766 2807; x_wconf 87' lang='lat' dir='ltr'>sunt</span> <span class='ocrx_word' id='word_1_309' title='bbox 785 2787 811 2814; x_wconf 89' lang='lat' dir='ltr'>p.</span> <span class='ocrx_word' id='word_1_310' title='bbox 826 2782 870 2807; x_wconf 83' lang='lat'>37.</span> 
     </span>
    </p>

    <p class='ocr_par' dir='ltr' id='par_1_42' title="bbox 246 2823 774 2859">
     <span class='ocr_line' id='line_1_54' title="bbox 246 2823 774 2859; baseline -0.002 -8"><span class='ocrx_word' id='word_1_311' title='bbox 246 2825 397 2851; x_wconf 73' lang='lat' dir='ltr'>Atheorum</span> <span class='ocrx_word' id='word_1_312' title='bbox 418 2832 476 2851; x_wconf 89' lang='lat' dir='ltr'>mos</span> <span class='ocrx_word' id='word_1_313' title='bbox 496 2823 643 2851; x_wconf 76' lang='lat' dir='ltr'>derisorius</span> <span class='ocrx_word' id='word_1_314' title='bbox 664 2832 690 2859; x_wconf 94' lang='lat' dir='ltr'>p.</span> <span class='ocrx_word' id='word_1_315' title='bbox 713 2826 774 2850; x_wconf 89' lang='lat'>278.</span> 
     </span>
    </p>

    <p class='ocr_par' dir='ltr' id='par_1_43' title="bbox 246 2868 959 2906">
     <span class='ocr_line' id='line_1_55' title="bbox 246 2868 959 2906; baseline 0.003 -11"><span class='ocrx_word' id='word_1_316' title='bbox 246 2870 332 2897; x_wconf 52' lang='lat' dir='ltr'>Ain-1</span> <span class='ocrx_word' id='word_1_317' title='bbox 354 2869 515 2905; x_wconf 75' lang='lat' dir='ltr'>ambiguum</span> <span class='ocrx_word' id='word_1_318' title='bbox 539 2869 567 2896; x_wconf 88' lang='grc'>111</span> <span class='ocrx_word' id='word_1_319' title='bbox 591 2868 696 2904; x_wconf 85' lang='lat' dir='ltr'>psalmo</span> <span class='ocrx_word' id='word_1_320' title='bbox 717 2869 767 2896; x_wconf 77' lang='lat' dir='ltr'>lx.</span> <span class='ocrx_word' id='word_1_321' title='bbox 790 2872 832 2897; x_wconf 85' lang='lat'>17.</span> <span class='ocrx_word' id='word_1_322' title='bbox 853 2879 878 2906; x_wconf 93' lang='lat' dir='ltr'>p.</span> <span class='ocrx_word' id='word_1_323' title='bbox 899 2872 959 2897; x_wconf 90' lang='lat'>111.</span> 
     </span>
    </p>
   </div>
   <div class='ocr_carea' id='block_1_9' title="bbox 1501 661 1523 687">
    <p class='ocr_par' dir='ltr' id='par_1_44' title="bbox 1501 661 1523 687">
     <span class='ocr_line' id='line_1_56' title="bbox 1501 661 1523 687; baseline 0 0"><span class='ocrx_word' id='word_1_324' title='bbox 1501 661 1523 687; x_wconf 88' lang='grc' dir='ltr'><strong>Β</strong></span> 
     </span>
    </p>
   </div>
   <div class='ocr_carea' id='block_1_10' title="bbox 1104 746 1926 1797">
    <p class='ocr_par' dir='ltr' id='par_1_45' title="bbox 1104 746 1918 827">
     <span class='ocr_line' id='line_1_57' title="bbox 1104 746 1918 784; baseline -0.004 -8"><span class='ocrx_word' id='word_1_325' title='bbox 1104 748 1260 784; x_wconf 87' lang='lat' dir='ltr'>Baptismus</span> <span class='ocrx_word' id='word_1_326' title='bbox 1273 747 1430 775; x_wconf 85' lang='lat' dir='ltr'>adultorum</span> <span class='ocrx_word' id='word_1_327' title='bbox 1443 754 1498 774; x_wconf 89' lang='lat' dir='ltr'>non</span> <span class='ocrx_word' id='word_1_328' title='bbox 1511 746 1570 774; x_wconf 87' lang='lat' dir='ltr'>sine</span> <span class='ocrx_word' id='word_1_329' title='bbox 1582 746 1699 781; x_wconf 88' lang='lat' dir='ltr'>spiritali</span> <span class='ocrx_word' id='word_1_330' title='bbox 1713 746 1918 780; x_wconf 80' lang='lat' dir='ltr'>praeparatione</span> 
     </span>
     <span class='ocr_line' id='line_1_58' title="bbox 1158 792 1437 827; baseline -0.007 -7"><span class='ocrx_word' id='word_1_331' title='bbox 1158 792 1349 827; x_wconf 84' lang='lat' dir='ltr'>suscipiendus</span> <span class='ocrx_word' id='word_1_332' title='bbox 1369 800 1395 826; x_wconf 90' lang='lat' dir='ltr'>p.</span> <span class='ocrx_word' id='word_1_333' title='bbox 1412 794 1437 818; x_wconf 79' lang='lat'>9.</span> 
     </span>
    </p>

    <p class='ocr_par' dir='ltr' id='par_1_46' title="bbox 1104 834 1921 1049">
     <span class='ocr_line' id='line_1_59' title="bbox 1104 834 1919 872; baseline -0.004 -8"><span class='ocrx_word' id='word_1_334' title='bbox 1104 838 1277 872; x_wconf 75' lang='lat' dir='ltr'>Baptismus,</span> <span class='ocrx_word' id='word_1_335' title='bbox 1299 836 1327 862; x_wconf 90' lang='lat' dir='ltr'>id</span> <span class='ocrx_word' id='word_1_336' title='bbox 1348 840 1389 863; x_wconf 89' lang='lat' dir='ltr'>est</span> <span class='ocrx_word' id='word_1_337' title='bbox 1408 834 1526 863; x_wconf 82' lang='lat' dir='ltr'>formula</span> <span class='ocrx_word' id='word_1_338' title='bbox 1549 834 1801 862; x_wconf 83' lang='lat' dir='ltr'>abrenunciationis</span> <span class='ocrx_word' id='word_1_339' title='bbox 1823 835 1850 861; x_wconf 91' lang='lat' dir='ltr'>in</span> <span class='ocrx_word' id='word_1_340' title='bbox 1871 835 1919 861; x_wconf 87' lang='lat' dir='ltr'>ba-</span> 
     </span>
     <span class='ocr_line' id='line_1_60' title="bbox 1159 879 1919 917; baseline -0.003 -9"><span class='ocrx_word' id='word_1_341' title='bbox 1159 883 1257 917; x_wconf 87' lang='lat' dir='ltr'>ptismo</span> <span class='ocrx_word' id='word_1_342' title='bbox 1278 890 1303 916; x_wconf 91' lang='lat' dir='ltr'>p.</span> <span class='ocrx_word' id='word_1_343' title='bbox 1319 884 1379 907; x_wconf 78' lang='grc'><strong>204.</strong></span> <span class='ocrx_word' id='word_1_344' title='bbox 1398 880 1497 908; x_wconf 83' lang='lat' dir='ltr'>Confer</span> <span class='ocrx_word' id='word_1_345' title='bbox 1517 887 1558 915; x_wconf 83' lang='lat' dir='ltr'>gr.</span> <span class='ocrx_word' id='word_1_346' title='bbox 1572 887 1599 914; x_wconf 92' lang='lat' dir='ltr'>p.</span> <span class='ocrx_word' id='word_1_347' title='bbox 1613 882 1673 906; x_wconf 84' lang='grc'><strong>327.</strong></span> <span class='ocrx_word' id='word_1_348' title='bbox 1687 879 1751 905; x_wconf 90' lang='lat' dir='ltr'>adn.</span> <span class='ocrx_word' id='word_1_349' title='bbox 1772 879 1919 906; x_wconf 86' lang='lat' dir='ltr'>Faciebant</span> 
     </span>
     <span class='ocr_line' id='line_1_61' title="bbox 1159 922 1920 952; baseline -0.003 0"><span class='ocrx_word' id='word_1_350' title='bbox 1159 927 1230 952; x_wconf 81' lang='lat' dir='ltr'>hanc</span> <span class='ocrx_word' id='word_1_351' title='bbox 1253 924 1525 952; x_wconf 81' lang='lat' dir='ltr'>abrenunciationem</span> <span class='ocrx_word' id='word_1_352' title='bbox 1549 922 1659 951; x_wconf 87' lang='lat' dir='ltr'>diabolo</span> <span class='ocrx_word' id='word_1_353' title='bbox 1683 923 1829 949; x_wconf 87' lang='lat' dir='ltr'>Christiani</span> <span class='ocrx_word' id='word_1_354' title='bbox 1853 931 1920 950; x_wconf 89' lang='lat' dir='ltr'>con-</span> 
     </span>
     <span class='ocr_line' id='line_1_62' title="bbox 1158 967 1921 1003; baseline -0.005 -6"><span class='ocrx_word' id='word_1_355' title='bbox 1158 971 1226 997; x_wconf 73' lang='lat' dir='ltr'>versi</span> <span class='ocrx_word' id='word_1_356' title='bbox 1241 969 1274 996; x_wconf 88' lang='lat' dir='ltr'>ad</span> <span class='ocrx_word' id='word_1_357' title='bbox 1288 969 1457 996; x_wconf 87' lang='lat' dir='ltr'>occidentem</span> <span class='ocrx_word' id='word_1_358' title='bbox 1466 989 1473 1001; x_wconf 86' lang='lat'>‚</span> <span class='ocrx_word' id='word_1_359' title='bbox 1485 975 1571 1003; x_wconf 92' lang='lat' dir='ltr'>quum</span> <span class='ocrx_word' id='word_1_360' title='bbox 1584 975 1599 994; x_wconf 92' lang='lat' dir='ltr'>e</span> <span class='ocrx_word' id='word_1_361' title='bbox 1611 967 1748 994; x_wconf 81' lang='lat' dir='ltr'>contrario</span> <span class='ocrx_word' id='word_1_362' title='bbox 1760 968 1848 994; x_wconf 92' lang='lat' dir='ltr'>Deum</span> <span class='ocrx_word' id='word_1_363' title='bbox 1863 975 1921 1002; x_wconf 82' lang='lat' dir='ltr'>pre-</span> 
     </span>
     <span class='ocr_line' id='line_1_63' title="bbox 1160 1013 1624 1049; baseline -0.004 -8"><span class='ocrx_word' id='word_1_364' title='bbox 1160 1019 1290 1042; x_wconf 83' lang='lat' dir='ltr'>carentur</span> <span class='ocrx_word' id='word_1_365' title='bbox 1310 1017 1464 1049; x_wconf 79' lang='lat' dir='ltr'>spectantes</span> <span class='ocrx_word' id='word_1_366' title='bbox 1482 1013 1624 1040; x_wconf 90' lang='lat' dir='ltr'>orientem.</span> 
     </span>
    </p>

    <p class='ocr_par' dir='ltr' id='par_1_47' title="bbox 1107 1056 1922 1137">
     <span class='ocr_line' id='line_1_64' title="bbox 1107 1056 1922 1095; baseline -0.005 -9"><span class='ocrx_word' id='word_1_367' title='bbox 1107 1060 1263 1095; x_wconf 84' lang='lat' dir='ltr'>Baptismus</span> <span class='ocrx_word' id='word_1_368' title='bbox 1282 1059 1311 1085; x_wconf 91' lang='lat' dir='ltr'>in</span> <span class='ocrx_word' id='word_1_369' title='bbox 1329 1059 1441 1085; x_wconf 85' lang='lat' dir='ltr'>nomine</span> <span class='ocrx_word' id='word_1_370' title='bbox 1455 1057 1555 1085; x_wconf 87' lang='lat' dir='ltr'>Christi</span> <span class='ocrx_word' id='word_1_371' title='bbox 1573 1065 1622 1083; x_wconf 90' lang='lat' dir='ltr'>cur</span> <span class='ocrx_word' id='word_1_372' title='bbox 1634 1056 1706 1083; x_wconf 92' lang='lat' dir='ltr'>idem</span> <span class='ocrx_word' id='word_1_373' title='bbox 1720 1064 1750 1083; x_wconf 92' lang='lat' dir='ltr'>ac</span> <span class='ocrx_word' id='word_1_374' title='bbox 1770 1056 1922 1083; x_wconf 87' lang='lat' dir='ltr'>innomine</span> 
     </span>
     <span class='ocr_line' id='line_1_65' title="bbox 1160 1100 1718 1137; baseline -0.005 -8"><span class='ocrx_word' id='word_1_375' title='bbox 1160 1104 1243 1130; x_wconf 84' lang='lat' dir='ltr'>trium</span> <span class='ocrx_word' id='word_1_376' title='bbox 1268 1109 1447 1137; x_wconf 85' lang='lat' dir='ltr'>personarum</span> <span class='ocrx_word' id='word_1_377' title='bbox 1469 1100 1623 1128; x_wconf 83' lang='lat' dir='ltr'>divinarum</span> <span class='ocrx_word' id='word_1_378' title='bbox 1646 1108 1671 1135; x_wconf 89' lang='lat' dir='ltr'>p.</span> <span class='ocrx_word' id='word_1_379' title='bbox 1692 1103 1718 1127; x_wconf 81' lang='grc'>9.</span> 
     </span>
    </p>

    <p class='ocr_par' dir='ltr' id='par_1_48' title="bbox 1108 1145 1920 1218">
     <span class='ocr_line' id='line_1_66' title="bbox 1108 1145 1920 1183; baseline -0.006 -8"><span class='ocrx_word' id='word_1_380' title='bbox 1108 1148 1266 1183; x_wconf 86' lang='lat' dir='ltr'>Baptismus</span> <span class='ocrx_word' id='word_1_381' title='bbox 1286 1150 1396 1182; x_wconf 86' lang='lat' dir='ltr'>peccata</span> <span class='ocrx_word' id='word_1_382' title='bbox 1416 1145 1532 1173; x_wconf 86' lang='lat' dir='ltr'>remittit</span> <span class='ocrx_word' id='word_1_383' title='bbox 1552 1153 1578 1181; x_wconf 88' lang='lat' dir='ltr'>p.</span> <span class='ocrx_word' id='word_1_384' title='bbox 1592 1148 1618 1171; x_wconf 82' lang='lat'>9.</span> <span class='ocrx_word' id='word_1_385' title='bbox 1638 1148 1693 1171; x_wconf 85' lang='grc'><strong>144.</strong></span> <span class='ocrx_word' id='word_1_386' title='bbox 1711 1148 1769 1171; x_wconf 85' lang='grc'><strong>146.</strong></span> <span class='ocrx_word' id='word_1_387' title='bbox 1784 1147 1844 1172; x_wconf 84' lang='lat'>223.</span> <span class='ocrx_word' id='word_1_388' title='bbox 1860 1147 1920 1170; x_wconf 80' lang='grc'><strong>255.</strong></span> 
     </span>
     <span class='ocr_line' id='line_1_67' title="bbox 1161 1195 1222 1218; baseline -0.016 0"><span class='ocrx_word' id='word_1_389' title='bbox 1161 1195 1222 1218; x_wconf 78' lang='grc'><strong>279.</strong></span> 
     </span>
    </p>

    <p class='ocr_par' dir='ltr' id='par_1_49' title="bbox 1108 1232 1923 1316">
     <span class='ocr_line' id='line_1_68' title="bbox 1108 1232 1923 1272; baseline -0.006 -9"><span class='ocrx_word' id='word_1_390' title='bbox 1108 1237 1266 1272; x_wconf 88' lang='lat' dir='ltr'>Baptismus</span> <span class='ocrx_word' id='word_1_391' title='bbox 1291 1236 1321 1263; x_wconf 87' lang='lat' dir='ltr'>in</span> <span class='ocrx_word' id='word_1_392' title='bbox 1345 1235 1448 1270; x_wconf 88' lang='lat' dir='ltr'>Spiritu</span> <span class='ocrx_word' id='word_1_393' title='bbox 1474 1238 1569 1262; x_wconf 82' lang='lat' dir='ltr'>sancto</span> <span class='ocrx_word' id='word_1_394' title='bbox 1595 1237 1622 1261; x_wconf 86' lang='lat' dir='ltr'>et</span> <span class='ocrx_word' id='word_1_395' title='bbox 1647 1234 1710 1269; x_wconf 78' lang='lat' dir='ltr'>igne</span> <span class='ocrx_word' id='word_1_396' title='bbox 1737 1241 1787 1260; x_wconf 86' lang='lat' dir='ltr'>cur</span> <span class='ocrx_word' id='word_1_397' title='bbox 1815 1232 1923 1259; x_wconf 82' lang='lat' dir='ltr'>dicatur</span> 
     </span>
     <span class='ocr_line' id='line_1_69' title="bbox 1160 1284 1267 1316; baseline 0 -9"><span class='ocrx_word' id='word_1_398' title='bbox 1160 1290 1187 1316; x_wconf 92' lang='lat' dir='ltr'>p.</span> <span class='ocrx_word' id='word_1_399' title='bbox 1207 1284 1267 1307; x_wconf 83' lang='lat'>223.</span> 
     </span>
    </p>

    <p class='ocr_par' dir='ltr' id='par_1_50' title="bbox 1109 1325 1522 1361">
     <span class='ocr_line' id='line_1_70' title="bbox 1109 1325 1522 1361; baseline -0.005 -9"><span class='ocrx_word' id='word_1_400' title='bbox 1109 1328 1185 1361; x_wconf 56' lang='grc' dir='ltr'><em>Βάρις</em></span> <span class='ocrx_word' id='word_1_401' title='bbox 1204 1325 1271 1361; x_wconf 91' lang='lat' dir='ltr'>quid</span> <span class='ocrx_word' id='word_1_402' title='bbox 1291 1325 1326 1352; x_wconf 89' lang='lat' dir='ltr'>sit</span> <span class='ocrx_word' id='word_1_403' title='bbox 1347 1333 1373 1359; x_wconf 94' lang='lat' dir='ltr'>p.</span> <span class='ocrx_word' id='word_1_404' title='bbox 1394 1326 1522 1351; x_wconf 85' lang='lat'>210-213.</span> 
     </span>
    </p>

    <p class='ocr_par' dir='ltr' id='par_1_51' title="bbox 1109 1366 1793 1403">
     <span class='ocr_line' id='line_1_71' title="bbox 1109 1366 1793 1403; baseline -0.007 -6"><span class='ocrx_word' id='word_1_405' title='bbox 1109 1371 1202 1398; x_wconf 85' lang='lat' dir='ltr'>Basilii</span> <span class='ocrx_word' id='word_1_406' title='bbox 1223 1371 1288 1401; x_wconf 73' lang='lat' dir='ltr'>(S.)</span> <span class='ocrx_word' id='word_1_407' title='bbox 1309 1368 1423 1403; x_wconf 87' lang='lat' dir='ltr'>epistola</span> <span class='ocrx_word' id='word_1_408' title='bbox 1442 1367 1476 1394; x_wconf 90' lang='lat' dir='ltr'>de</span> <span class='ocrx_word' id='word_1_409' title='bbox 1495 1366 1665 1394; x_wconf 72' lang='lat' dir='ltr'>continentia</span> <span class='ocrx_word' id='word_1_410' title='bbox 1685 1374 1711 1401; x_wconf 90' lang='lat' dir='ltr'>p.</span> <span class='ocrx_word' id='word_1_411' title='bbox 1732 1368 1793 1392; x_wconf 80' lang='lat'>281.</span> 
     </span>
    </p>

    <p class='ocr_par' dir='ltr' id='par_1_52' title="bbox 1109 1409 1782 1447">
     <span class='ocr_line' id='line_1_72' title="bbox 1109 1409 1782 1447; baseline -0.007 -6"><span class='ocrx_word' id='word_1_412' title='bbox 1109 1414 1287 1445; x_wconf 73' lang='lat' dir='ltr'>Benedicere,</span> <span class='ocrx_word' id='word_1_413' title='bbox 1309 1413 1413 1439; x_wconf 88' lang='lat' dir='ltr'>dictum</span> <span class='ocrx_word' id='word_1_414' title='bbox 1434 1419 1482 1447; x_wconf 88' lang='lat' dir='ltr'>pro</span> <span class='ocrx_word' id='word_1_415' title='bbox 1501 1409 1663 1438; x_wconf 86' lang='lat' dir='ltr'>maledicere</span> <span class='ocrx_word' id='word_1_416' title='bbox 1682 1418 1708 1445; x_wconf 87' lang='lat' dir='ltr'>p.</span> <span class='ocrx_word' id='word_1_417' title='bbox 1722 1413 1782 1436; x_wconf 80' lang='grc'><strong>214.</strong></span> 
     </span>
    </p>

    <p class='ocr_par' dir='ltr' id='par_1_53' title="bbox 1109 1455 1570 1490">
     <span class='ocr_line' id='line_1_73' title="bbox 1109 1455 1570 1490; baseline -0.007 -6"><span class='ocrx_word' id='word_1_418' title='bbox 1109 1458 1198 1485; x_wconf 89' lang='lat' dir='ltr'>Biblia</span> <span class='ocrx_word' id='word_1_419' title='bbox 1219 1466 1268 1484; x_wconf 87' lang='lat' dir='ltr'>cur</span> <span class='ocrx_word' id='word_1_420' title='bbox 1286 1456 1401 1483; x_wconf 89' lang='lat' dir='ltr'>obscura</span> <span class='ocrx_word' id='word_1_421' title='bbox 1423 1463 1450 1490; x_wconf 94' lang='lat' dir='ltr'>p.</span> <span class='ocrx_word' id='word_1_422' title='bbox 1472 1459 1516 1482; x_wconf 86' lang='lat'>88.</span> <span class='ocrx_word' id='word_1_423' title='bbox 1536 1455 1570 1481; x_wconf 90' lang='lat' dir='ltr'>N.</span> 
     </span>
    </p>

    <p class='ocr_par' dir='ltr' id='par_1_54' title="bbox 1109 1496 1923 1578">
     <span class='ocr_line' id='line_1_74' title="bbox 1109 1496 1923 1532; baseline -0.007 -4"><span class='ocrx_word' id='word_1_424' title='bbox 1109 1501 1262 1528; x_wconf 88' lang='lat' dir='ltr'>Bibliornm</span> <span class='ocrx_word' id='word_1_425' title='bbox 1284 1500 1366 1527; x_wconf 88' lang='lat' dir='ltr'>editio</span> <span class='ocrx_word' id='word_1_426' title='bbox 1383 1499 1484 1526; x_wconf 84' lang='lat' dir='ltr'>Esdrae</span> <span class='ocrx_word' id='word_1_427' title='bbox 1500 1499 1581 1526; x_wconf 85' lang='lat' dir='ltr'>annis</span> <span class='ocrx_word' id='word_1_428' title='bbox 1599 1498 1679 1532; x_wconf 82' lang='lat' dir='ltr'>CCL,</span> <span class='ocrx_word' id='word_1_429' title='bbox 1699 1501 1762 1525; x_wconf 85' lang='lat' dir='ltr'>ante</span> <span class='ocrx_word' id='word_1_430' title='bbox 1779 1496 1857 1524; x_wconf 90' lang='lat' dir='ltr'>illam</span> <span class='ocrx_word' id='word_1_431' title='bbox 1880 1499 1923 1523; x_wconf 62' lang='grc' dir='ltr'>τῶν</span> 
     </span>
     <span class='ocr_line' id='line_1_75' title="bbox 1162 1544 1422 1578; baseline -0.008 -7"><span class='ocrx_word' id='word_1_432' title='bbox 1162 1545 1251 1571; x_wconf 76' lang='lat' dir='ltr'>LXX.</span> <span class='ocrx_word' id='word_1_433' title='bbox 1275 1552 1300 1578; x_wconf 94' lang='lat' dir='ltr'>p.</span> <span class='ocrx_word' id='word_1_434' title='bbox 1322 1547 1366 1571; x_wconf 86' lang='lat'>87.</span> <span class='ocrx_word' id='word_1_435' title='bbox 1388 1544 1422 1570; x_wconf 86' lang='lat' dir='ltr'>N.</span> 
     </span>
    </p>

    <p class='ocr_par' dir='ltr' id='par_1_55' title="bbox 1109 1585 1926 1797">
     <span class='ocr_line' id='line_1_76' title="bbox 1109 1585 1925 1615; baseline -0.004 0"><span class='ocrx_word' id='word_1_436' title='bbox 1109 1588 1263 1615; x_wconf 89' lang='lat' dir='ltr'>Bibliornm</span> <span class='ocrx_word' id='word_1_437' title='bbox 1283 1588 1428 1614; x_wconf 85' lang='lat' dir='ltr'>translatio</span> <span class='ocrx_word' id='word_1_438' title='bbox 1446 1589 1490 1613; x_wconf 65' lang='grc' dir='ltr'>τὶν</span> <span class='ocrx_word' id='word_1_439' title='bbox 1507 1587 1596 1614; x_wconf 83' lang='lat' dir='ltr'>LXX.</span> <span class='ocrx_word' id='word_1_440' title='bbox 1616 1594 1688 1613; x_wconf 89' lang='lat' dir='ltr'>anno</span> <span class='ocrx_word' id='word_1_441' title='bbox 1705 1590 1768 1613; x_wconf 89' lang='lat' dir='ltr'>ante</span> <span class='ocrx_word' id='word_1_442' title='bbox 1785 1585 1925 1613; x_wconf 88' lang='lat' dir='ltr'>Christum</span> 
     </span>
     <span class='ocr_line' id='line_1_77' title="bbox 1162 1629 1925 1666; baseline -0.004 -8"><span class='ocrx_word' id='word_1_443' title='bbox 1162 1632 1248 1659; x_wconf 86' lang='lat' dir='ltr'>CCCI.</span> <span class='ocrx_word' id='word_1_444' title='bbox 1267 1639 1292 1666; x_wconf 92' lang='lat' dir='ltr'>p.</span> <span class='ocrx_word' id='word_1_445' title='bbox 1307 1635 1350 1658; x_wconf 81' lang='lat'>87.</span> <span class='ocrx_word' id='word_1_446' title='bbox 1364 1632 1397 1658; x_wconf 82' lang='lat' dir='ltr'>N.</span> <span class='ocrx_word' id='word_1_447' title='bbox 1419 1632 1447 1658; x_wconf 91' lang='lat' dir='ltr'>Si</span> <span class='ocrx_word' id='word_1_448' title='bbox 1459 1638 1520 1658; x_wconf 81' lang='lat' dir='ltr'>vere</span> <span class='ocrx_word' id='word_1_449' title='bbox 1540 1629 1568 1657; x_wconf 89' lang='lat' dir='ltr'>id</span> <span class='ocrx_word' id='word_1_450' title='bbox 1587 1629 1704 1662; x_wconf 76' lang='lat' dir='ltr'>dicitur.</span> <span class='ocrx_word' id='word_1_451' title='bbox 1720 1637 1776 1656; x_wconf 90' lang='lat' dir='ltr'>non</span> <span class='ocrx_word' id='word_1_452' title='bbox 1795 1629 1847 1656; x_wconf 87' lang='lat' dir='ltr'>suh</span> <span class='ocrx_word' id='word_1_453' title='bbox 1859 1629 1925 1655; x_wconf 85' lang='lat' dir='ltr'>Phi-</span> 
     </span>
     <span class='ocr_line' id='line_1_78' title="bbox 1163 1673 1926 1710; baseline -0.005 -8"><span class='ocrx_word' id='word_1_454' title='bbox 1163 1676 1234 1703; x_wconf 89' lang='lat' dir='ltr'>ladel</span> <span class='ocrx_word' id='word_1_455' title='bbox 1239 1676 1292 1710; x_wconf 93' lang='lat' dir='ltr'>pho</span> <span class='ocrx_word' id='word_1_456' title='bbox 1305 1674 1429 1702; x_wconf 85' lang='lat' dir='ltr'>confecta</span> <span class='ocrx_word' id='word_1_457' title='bbox 1441 1674 1492 1702; x_wconf 84' lang='lat' dir='ltr'>fuit</span> <span class='ocrx_word' id='word_1_458' title='bbox 1505 1674 1552 1702; x_wconf 86' lang='lat' dir='ltr'>sed</span> <span class='ocrx_word' id='word_1_459' title='bbox 1565 1674 1617 1701; x_wconf 90' lang='lat' dir='ltr'>sub</span> <span class='ocrx_word' id='word_1_460' title='bbox 1628 1674 1696 1708; x_wconf 79' lang='lat' dir='ltr'>Lagi</span> <span class='ocrx_word' id='word_1_461' title='bbox 1709 1673 1781 1705; x_wconf 78' lang='lat' dir='ltr'>filio,</span> <span class='ocrx_word' id='word_1_462' title='bbox 1792 1677 1824 1700; x_wconf 92' lang='lat' dir='ltr'>ut</span> <span class='ocrx_word' id='word_1_463' title='bbox 1834 1680 1926 1707; x_wconf 85' lang='lat' dir='ltr'>reapse</span> 
     </span>
     <span class='ocr_line' id='line_1_79' title="bbox 1162 1716 1926 1747; baseline -0.005 -1"><span class='ocrx_word' id='word_1_464' title='bbox 1162 1719 1262 1747; x_wconf 88' lang='lat' dir='ltr'>eruditi</span> <span class='ocrx_word' id='word_1_465' title='bbox 1281 1719 1410 1746; x_wconf 87' lang='lat' dir='ltr'>nonnulli</span> <span class='ocrx_word' id='word_1_466' title='bbox 1430 1719 1536 1746; x_wconf 78' lang='lat' dir='ltr'>volunt.</span> <span class='ocrx_word' id='word_1_467' title='bbox 1559 1719 1680 1746; x_wconf 88' lang='lat' dir='ltr'>Graecae</span> <span class='ocrx_word' id='word_1_468' title='bbox 1700 1718 1789 1744; x_wconf 78' lang='lat' dir='ltr'>variae</span> <span class='ocrx_word' id='word_1_469' title='bbox 1807 1716 1926 1743; x_wconf 88' lang='lat' dir='ltr'>transla-</span> 
     </span>
     <span class='ocr_line' id='line_1_80' title="bbox 1162 1763 1399 1797; baseline -0.004 -6"><span class='ocrx_word' id='word_1_470' title='bbox 1162 1765 1267 1797; x_wconf 79' lang='lat' dir='ltr'>tiones,</span> <span class='ocrx_word' id='word_1_471' title='bbox 1288 1763 1399 1791; x_wconf 89' lang='lat' dir='ltr'>ibidem.</span> 
     </span>
    </p>
   </div>
   <div class='ocr_carea' id='block_1_11' title="bbox 1507 1829 1528 1856">
    <p class='ocr_par' dir='ltr' id='par_1_56' title="bbox 1507 1829 1528 1856">
     <span class='ocr_line' id='line_1_81' title="bbox 1507 1829 1528 1856; baseline 0 0"><span class='ocrx_word' id='word_1_472' title='bbox 1507 1829 1528 1856; x_wconf 96' lang='lat' dir='ltr'>C</span> 
     </span>
    </p>
   </div>
   <div class='ocr_carea' id='block_1_12' title="bbox 1111 1895 1931 2922">
    <p class='ocr_par' dir='ltr' id='par_1_57' title="bbox 1112 1895 1779 1930">
     <span class='ocr_line' id='line_1_82' title="bbox 1112 1895 1779 1930; baseline -0.006 -6"><span class='ocrx_word' id='word_1_473' title='bbox 1112 1896 1267 1924; x_wconf 86' lang='lat' dir='ltr'>Caelibatus</span> <span class='ocrx_word' id='word_1_474' title='bbox 1286 1896 1428 1924; x_wconf 87' lang='lat' dir='ltr'>christiani</span> <span class='ocrx_word' id='word_1_475' title='bbox 1447 1896 1508 1923; x_wconf 92' lang='lat' dir='ltr'>laus</span> <span class='ocrx_word' id='word_1_476' title='bbox 1527 1895 1667 1922; x_wconf 84' lang='lat' dir='ltr'>luculenta</span> <span class='ocrx_word' id='word_1_477' title='bbox 1688 1902 1713 1930; x_wconf 90' lang='lat' dir='ltr'>p.</span> <span class='ocrx_word' id='word_1_478' title='bbox 1737 1897 1779 1921; x_wconf 81' lang='grc'>39.</span> 
     </span>
    </p>

    <p class='ocr_par' dir='ltr' id='par_1_58' title="bbox 1111 1938 1925 2020">
     <span class='ocr_line' id='line_1_83' title="bbox 1111 1938 1925 1975; baseline -0.006 -6"><span class='ocrx_word' id='word_1_479' title='bbox 1111 1942 1186 1969; x_wconf 88' lang='lat' dir='ltr'>Caeli</span> <span class='ocrx_word' id='word_1_480' title='bbox 1205 1942 1268 1968; x_wconf 75' lang='lat' dir='ltr'>novi</span> <span class='ocrx_word' id='word_1_481' title='bbox 1282 1945 1309 1968; x_wconf 90' lang='lat' dir='ltr'>et</span> <span class='ocrx_word' id='word_1_482' title='bbox 1322 1949 1390 1968; x_wconf 82' lang='lat' dir='ltr'>nova</span> <span class='ocrx_word' id='word_1_483' title='bbox 1403 1945 1475 1968; x_wconf 90' lang='lat' dir='ltr'>terra</span> <span class='ocrx_word' id='word_1_484' title='bbox 1491 1939 1629 1975; x_wconf 89' lang='lat' dir='ltr'>quomodo</span> <span class='ocrx_word' id='word_1_485' title='bbox 1644 1938 1837 1974; x_wconf 80' lang='lat' dir='ltr'>intelligantur</span> <span class='ocrx_word' id='word_1_486' title='bbox 1853 1938 1925 1973; x_wconf 89' lang='lat' dir='ltr'>apud</span> 
     </span>
     <span class='ocr_line' id='line_1_84' title="bbox 1164 1985 1686 2020; baseline -0.006 -8"><span class='ocrx_word' id='word_1_487' title='bbox 1164 1987 1275 2013; x_wconf 86' lang='lat' dir='ltr'>Petrum</span> <span class='ocrx_word' id='word_1_488' title='bbox 1295 1986 1331 2011; x_wconf 90' lang='lat'>11.</span> <span class='ocrx_word' id='word_1_489' title='bbox 1346 1993 1388 2020; x_wconf 88' lang='lat' dir='ltr'>ep.</span> <span class='ocrx_word' id='word_1_490' title='bbox 1404 1993 1463 2020; x_wconf 86' lang='lat' dir='ltr'>cap.</span> <span class='ocrx_word' id='word_1_491' title='bbox 1481 1985 1531 2010; x_wconf 86' lang='grc'><strong>111.</strong></span> <span class='ocrx_word' id='word_1_492' title='bbox 1546 1987 1588 2011; x_wconf 85' lang='grc'>13.</span> <span class='ocrx_word' id='word_1_493' title='bbox 1602 1991 1628 2018; x_wconf 91' lang='lat' dir='ltr'>p.</span> <span class='ocrx_word' id='word_1_494' title='bbox 1643 1986 1686 2010; x_wconf 82' lang='grc'>20.</span> 
     </span>
    </p>

    <p class='ocr_par' dir='ltr' id='par_1_59' title="bbox 1112 2028 1722 2066">
     <span class='ocr_line' id='line_1_85' title="bbox 1112 2028 1722 2066; baseline -0.007 -8"><span class='ocrx_word' id='word_1_495' title='bbox 1112 2031 1230 2066; x_wconf 87' lang='lat' dir='ltr'>Caiphas</span> <span class='ocrx_word' id='word_1_496' title='bbox 1251 2029 1388 2065; x_wconf 90' lang='lat' dir='ltr'>quomodo</span> <span class='ocrx_word' id='word_1_497' title='bbox 1409 2028 1610 2064; x_wconf 79' lang='lat' dir='ltr'>prophetaverit</span> <span class='ocrx_word' id='word_1_498' title='bbox 1630 2035 1657 2063; x_wconf 92' lang='lat' dir='ltr'>p.</span> <span class='ocrx_word' id='word_1_499' title='bbox 1679 2030 1722 2054; x_wconf 83' lang='grc'>86.</span> 
     </span>
    </p>

    <p class='ocr_par' dir='ltr' id='par_1_60' title="bbox 1112 2074 1571 2107">
     <span class='ocr_line' id='line_1_86' title="bbox 1112 2074 1571 2107; baseline -0.009 -5"><span class='ocrx_word' id='word_1_500' title='bbox 1112 2075 1240 2102; x_wconf 88' lang='lat' dir='ltr'>Calamus</span> <span class='ocrx_word' id='word_1_501' title='bbox 1262 2074 1315 2100; x_wconf 92' lang='lat' dir='ltr'>loci</span> <span class='ocrx_word' id='word_1_502' title='bbox 1336 2081 1437 2100; x_wconf 89' lang='lat' dir='ltr'>nomen</span> <span class='ocrx_word' id='word_1_503' title='bbox 1460 2081 1485 2107; x_wconf 93' lang='lat' dir='ltr'>p.</span> <span class='ocrx_word' id='word_1_504' title='bbox 1509 2074 1571 2099; x_wconf 83' lang='grc'><strong>244.</strong></span> 
     </span>
    </p>

    <p class='ocr_par' dir='ltr' id='par_1_61' title="bbox 1112 2114 1904 2152">
     <span class='ocr_line' id='line_1_87' title="bbox 1112 2114 1904 2152; baseline -0.004 -7"><span class='ocrx_word' id='word_1_505' title='bbox 1112 2118 1255 2145; x_wconf 88' lang='lat' dir='ltr'>Calcaneis</span> <span class='ocrx_word' id='word_1_506' title='bbox 1275 2124 1412 2152; x_wconf 81' lang='lat' dir='ltr'>pugnare,</span> <span class='ocrx_word' id='word_1_507' title='bbox 1433 2115 1492 2143; x_wconf 90' lang='lat' dir='ltr'>ludi</span> <span class='ocrx_word' id='word_1_508' title='bbox 1514 2123 1601 2150; x_wconf 83' lang='lat' dir='ltr'>genus</span> <span class='ocrx_word' id='word_1_509' title='bbox 1622 2123 1648 2150; x_wconf 87' lang='lat' dir='ltr'>p.</span> <span class='ocrx_word' id='word_1_510' title='bbox 1672 2117 1731 2142; x_wconf 85' lang='grc'><strong>188.</strong></span> <span class='ocrx_word' id='word_1_511' title='bbox 1752 2115 1820 2142; x_wconf 63' lang='lat' dir='ltr'>Vide</span> <span class='ocrx_word' id='word_1_512' title='bbox 1839 2114 1904 2142; x_wconf 89' lang='lat' dir='ltr'>adn.</span> 
     </span>
    </p>

    <p class='ocr_par' dir='ltr' id='par_1_62' title="bbox 1113 2159 1662 2197">
     <span class='ocr_line' id='line_1_88' title="bbox 1113 2159 1662 2197; baseline -0.005 -8"><span class='ocrx_word' id='word_1_513' title='bbox 1113 2162 1254 2197; x_wconf 85' lang='lat' dir='ltr'>Callipolis</span> <span class='ocrx_word' id='word_1_514' title='bbox 1278 2160 1306 2188; x_wconf 91' lang='lat' dir='ltr'>id</span> <span class='ocrx_word' id='word_1_515' title='bbox 1327 2165 1367 2188; x_wconf 90' lang='lat' dir='ltr'>est</span> <span class='ocrx_word' id='word_1_516' title='bbox 1389 2159 1531 2195; x_wconf 85' lang='lat' dir='ltr'>paradisus</span> <span class='ocrx_word' id='word_1_517' title='bbox 1551 2167 1578 2195; x_wconf 89' lang='lat' dir='ltr'>p.</span> <span class='ocrx_word' id='word_1_518' title='bbox 1599 2161 1662 2186; x_wconf 79' lang='grc'><strong>234.</strong></span> 
     </span>
    </p>

    <p class='ocr_par' dir='ltr' id='par_1_63' title="bbox 1113 2204 1665 2239">
     <span class='ocr_line' id='line_1_89' title="bbox 1113 2204 1665 2239; baseline -0.007 -6"><span class='ocrx_word' id='word_1_519' title='bbox 1113 2208 1217 2234; x_wconf 82' lang='lat' dir='ltr'>Cantus</span> <span class='ocrx_word' id='word_1_520' title='bbox 1238 2205 1309 2232; x_wconf 83' lang='lat' dir='ltr'>sacri</span> <span class='ocrx_word' id='word_1_521' title='bbox 1327 2204 1434 2232; x_wconf 87' lang='lat' dir='ltr'>utilitas</span> <span class='ocrx_word' id='word_1_522' title='bbox 1452 2212 1479 2239; x_wconf 91' lang='lat' dir='ltr'>p.</span> <span class='ocrx_word' id='word_1_523' title='bbox 1500 2206 1544 2230; x_wconf 85' lang='lat'>89.</span> <span class='ocrx_word' id='word_1_524' title='bbox 1567 2206 1610 2230; x_wconf 86' lang='grc'>90.</span> <span class='ocrx_word' id='word_1_525' title='bbox 1631 2204 1665 2230; x_wconf 84' lang='lat' dir='ltr'>N.</span> 
     </span>
    </p>

    <p class='ocr_par' dir='ltr' id='par_1_64' title="bbox 1113 2246 1927 2285">
     <span class='ocr_line' id='line_1_90' title="bbox 1113 2246 1927 2285; baseline -0.006 -8"><span class='ocrx_word' id='word_1_526' title='bbox 1113 2251 1208 2285; x_wconf 86' lang='lat' dir='ltr'>Capita</span> <span class='ocrx_word' id='word_1_527' title='bbox 1229 2258 1278 2277; x_wconf 89' lang='lat' dir='ltr'>cur</span> <span class='ocrx_word' id='word_1_528' title='bbox 1298 2250 1348 2276; x_wconf 68' lang='lat' dir='ltr'>viri</span> <span class='ocrx_word' id='word_1_529' title='bbox 1367 2248 1443 2276; x_wconf 86' lang='lat' dir='ltr'>nuda</span> <span class='ocrx_word' id='word_1_530' title='bbox 1462 2251 1574 2283; x_wconf 80' lang='lat' dir='ltr'>gerant,</span> <span class='ocrx_word' id='word_1_531' title='bbox 1593 2247 1710 2275; x_wconf 88' lang='lat' dir='ltr'>feminae</span> <span class='ocrx_word' id='word_1_532' title='bbox 1729 2246 1816 2274; x_wconf 85' lang='lat' dir='ltr'>velata</span> <span class='ocrx_word' id='word_1_533' title='bbox 1836 2254 1862 2281; x_wconf 90' lang='lat' dir='ltr'>p.</span> <span class='ocrx_word' id='word_1_534' title='bbox 1883 2248 1927 2272; x_wconf 83' lang='grc'>42.</span> 
     </span>
    </p>

    <p class='ocr_par' dir='ltr' id='par_1_65' title="bbox 1114 2290 1928 2329">
     <span class='ocr_line' id='line_1_91' title="bbox 1114 2290 1928 2329; baseline -0.006 -8"><span class='ocrx_word' id='word_1_535' title='bbox 1114 2296 1203 2329; x_wconf 86' lang='lat' dir='ltr'>Caput</span> <span class='ocrx_word' id='word_1_536' title='bbox 1220 2294 1285 2321; x_wconf 91' lang='lat' dir='ltr'>libri</span> <span class='ocrx_word' id='word_1_537' title='bbox 1298 2301 1345 2328; x_wconf 88' lang='lat' dir='ltr'>pro</span> <span class='ocrx_word' id='word_1_538' title='bbox 1358 2300 1465 2320; x_wconf 87' lang='lat' dir='ltr'>summa</span> <span class='ocrx_word' id='word_1_539' title='bbox 1484 2292 1524 2319; x_wconf 89' lang='lat' dir='ltr'>rei</span> <span class='ocrx_word' id='word_1_540' title='bbox 1537 2295 1682 2318; x_wconf 80' lang='lat' dir='ltr'>contentae</span> <span class='ocrx_word' id='word_1_541' title='bbox 1701 2291 1730 2317; x_wconf 89' lang='lat' dir='ltr'>in</span> <span class='ocrx_word' id='word_1_542' title='bbox 1742 2290 1813 2318; x_wconf 91' lang='lat' dir='ltr'>libro</span> <span class='ocrx_word' id='word_1_543' title='bbox 1826 2298 1852 2325; x_wconf 91' lang='lat' dir='ltr'>p.</span> <span class='ocrx_word' id='word_1_544' title='bbox 1868 2292 1928 2316; x_wconf 80' lang='grc'><strong>185.</strong></span> 
     </span>
    </p>

    <p class='ocr_par' dir='ltr' id='par_1_66' title="bbox 1114 2335 1743 2371">
     <span class='ocr_line' id='line_1_92' title="bbox 1114 2335 1743 2371; baseline -0.008 -5"><span class='ocrx_word' id='word_1_545' title='bbox 1114 2339 1241 2366; x_wconf 85' lang='lat' dir='ltr'>Caritatis</span> <span class='ocrx_word' id='word_1_546' title='bbox 1262 2338 1369 2364; x_wconf 73' lang='lat' dir='ltr'>divinae</span> <span class='ocrx_word' id='word_1_547' title='bbox 1391 2338 1458 2364; x_wconf 91' lang='lat' dir='ltr'>mira</span> <span class='ocrx_word' id='word_1_548' title='bbox 1481 2335 1628 2371; x_wconf 86' lang='lat' dir='ltr'>descriptio</span> <span class='ocrx_word' id='word_1_549' title='bbox 1649 2343 1675 2370; x_wconf 88' lang='lat' dir='ltr'>p.</span> <span class='ocrx_word' id='word_1_550' title='bbox 1700 2338 1743 2362; x_wconf 83' lang='lat'>30.</span> 
     </span>
    </p>

    <p class='ocr_par' dir='ltr' id='par_1_67' title="bbox 1114 2379 1927 2418">
     <span class='ocr_line' id='line_1_93' title="bbox 1114 2379 1927 2418; baseline -0.007 -7"><span class='ocrx_word' id='word_1_551' title='bbox 1114 2385 1290 2418; x_wconf 87' lang='lat' dir='ltr'>Carpocrates</span> <span class='ocrx_word' id='word_1_552' title='bbox 1309 2382 1420 2417; x_wconf 78' lang='lat' dir='ltr'>angelos</span> <span class='ocrx_word' id='word_1_553' title='bbox 1438 2380 1536 2408; x_wconf 91' lang='lat' dir='ltr'>mundi</span> <span class='ocrx_word' id='word_1_554' title='bbox 1554 2383 1690 2407; x_wconf 84' lang='lat' dir='ltr'>creatores</span> <span class='ocrx_word' id='word_1_555' title='bbox 1709 2379 1818 2406; x_wconf 89' lang='lat' dir='ltr'>dicebat</span> <span class='ocrx_word' id='word_1_556' title='bbox 1836 2387 1862 2414; x_wconf 90' lang='lat' dir='ltr'>p.</span> <span class='ocrx_word' id='word_1_557' title='bbox 1885 2381 1927 2405; x_wconf 84' lang='grc'>70.</span> 
     </span>
    </p>

    <p class='ocr_par' dir='ltr' id='par_1_68' title="bbox 1113 2424 1777 2463">
     <span class='ocr_line' id='line_1_94' title="bbox 1113 2424 1777 2463; baseline -0.009 -8"><span class='ocrx_word' id='word_1_558' title='bbox 1113 2427 1284 2463; x_wconf 88' lang='lat' dir='ltr'>Carpocratis</span> <span class='ocrx_word' id='word_1_559' title='bbox 1303 2434 1378 2453; x_wconf 88' lang='lat' dir='ltr'>error</span> <span class='ocrx_word' id='word_1_560' title='bbox 1397 2425 1430 2452; x_wconf 90' lang='lat' dir='ltr'>de</span> <span class='ocrx_word' id='word_1_561' title='bbox 1448 2428 1547 2452; x_wconf 85' lang='lat' dir='ltr'>natura</span> <span class='ocrx_word' id='word_1_562' title='bbox 1566 2424 1668 2451; x_wconf 89' lang='lat' dir='ltr'>Christi</span> <span class='ocrx_word' id='word_1_563' title='bbox 1688 2431 1715 2458; x_wconf 95' lang='lat' dir='ltr'>p.</span> <span class='ocrx_word' id='word_1_564' title='bbox 1733 2427 1777 2450; x_wconf 83' lang='grc'>70.</span> 
     </span>
    </p>

    <p class='ocr_par' dir='ltr' id='par_1_69' title="bbox 1114 2468 1789 2505">
     <span class='ocr_line' id='line_1_95' title="bbox 1114 2468 1789 2505; baseline -0.01 -5"><span class='ocrx_word' id='word_1_565' title='bbox 1114 2474 1190 2500; x_wconf 75' lang='lat' dir='ltr'>Cerri</span> <span class='ocrx_word' id='word_1_566' title='bbox 1209 2472 1339 2498; x_wconf 89' lang='lat' dir='ltr'>dicuutur</span> <span class='ocrx_word' id='word_1_567' title='bbox 1359 2469 1532 2505; x_wconf 86' lang='lat' dir='ltr'>serpentibus</span> <span class='ocrx_word' id='word_1_568' title='bbox 1551 2468 1658 2496; x_wconf 83' lang='lat' dir='ltr'>exitiosi</span> <span class='ocrx_word' id='word_1_569' title='bbox 1678 2476 1705 2503; x_wconf 92' lang='lat' dir='ltr'>p.</span> <span class='ocrx_word' id='word_1_570' title='bbox 1730 2470 1789 2494; x_wconf 83' lang='lat'>129.</span> 
     </span>
    </p>

    <p class='ocr_par' dir='ltr' id='par_1_70' title="bbox 1114 2511 1840 2546">
     <span class='ocr_line' id='line_1_96' title="bbox 1114 2511 1840 2546; baseline -0.01 -2"><span class='ocrx_word' id='word_1_571' title='bbox 1114 2518 1197 2545; x_wconf 91' lang='lat' dir='ltr'>Chori</span> <span class='ocrx_word' id='word_1_572' title='bbox 1217 2515 1361 2544; x_wconf 88' lang='lat' dir='ltr'>christiani</span> <span class='ocrx_word' id='word_1_573' title='bbox 1381 2519 1457 2542; x_wconf 88' lang='lat' dir='ltr'>vetus</span> <span class='ocrx_word' id='word_1_574' title='bbox 1479 2511 1648 2541; x_wconf 88' lang='lat' dir='ltr'>consuetudo</span> <span class='ocrx_word' id='word_1_575' title='bbox 1669 2520 1695 2546; x_wconf 87' lang='lat' dir='ltr'>p.</span> <span class='ocrx_word' id='word_1_576' title='bbox 1717 2514 1759 2538; x_wconf 82' lang='grc'>46.</span> <span class='ocrx_word' id='word_1_577' title='bbox 1779 2514 1840 2538; x_wconf 88' lang='lat'>218.</span> 
     </span>
    </p>

    <p class='ocr_par' dir='ltr' id='par_1_71' title="bbox 1114 2555 1930 2638">
     <span class='ocr_line' id='line_1_97' title="bbox 1114 2555 1930 2591; baseline -0.01 -2"><span class='ocrx_word' id='word_1_578' title='bbox 1114 2561 1216 2589; x_wconf 87' lang='lat' dir='ltr'>Christi</span> <span class='ocrx_word' id='word_1_579' title='bbox 1235 2563 1362 2587; x_wconf 86' lang='lat' dir='ltr'>accurata</span> <span class='ocrx_word' id='word_1_580' title='bbox 1375 2558 1513 2590; x_wconf 74' lang='lat' dir='ltr'>definitio,</span> <span class='ocrx_word' id='word_1_581' title='bbox 1529 2557 1557 2584; x_wconf 90' lang='lat' dir='ltr'>id</span> <span class='ocrx_word' id='word_1_582' title='bbox 1579 2560 1619 2584; x_wconf 88' lang='lat' dir='ltr'>est</span> <span class='ocrx_word' id='word_1_583' title='bbox 1631 2557 1704 2583; x_wconf 88' lang='lat' dir='ltr'>Deus</span> <span class='ocrx_word' id='word_1_584' title='bbox 1721 2556 1750 2583; x_wconf 89' lang='lat' dir='ltr'>in</span> <span class='ocrx_word' id='word_1_585' title='bbox 1770 2556 1859 2591; x_wconf 82' lang='lat' dir='ltr'>specie</span> <span class='ocrx_word' id='word_1_586' title='bbox 1881 2555 1930 2582; x_wconf 88' lang='lat' dir='ltr'>hu-</span> 
     </span>
     <span class='ocr_line' id='line_1_98' title="bbox 1169 2605 1380 2638; baseline -0.005 -8"><span class='ocrx_word' id='word_1_587' title='bbox 1169 2611 1249 2630; x_wconf 89' lang='lat' dir='ltr'>mana</span> <span class='ocrx_word' id='word_1_588' title='bbox 1271 2611 1297 2638; x_wconf 86' lang='lat' dir='ltr'>p.</span> <span class='ocrx_word' id='word_1_589' title='bbox 1317 2605 1380 2629; x_wconf 86' lang='grc'><strong>202.</strong></span> 
     </span>
    </p>

    <p class='ocr_par' dir='ltr' id='par_1_72' title="bbox 1115 2645 1918 2683">
     <span class='ocr_line' id='line_1_99' title="bbox 1115 2645 1918 2683; baseline -0.009 -7"><span class='ocrx_word' id='word_1_590' title='bbox 1115 2649 1217 2676; x_wconf 88' lang='lat' dir='ltr'>Christi</span> <span class='ocrx_word' id='word_1_591' title='bbox 1237 2656 1336 2683; x_wconf 82' lang='lat' dir='ltr'>corpus</span> <span class='ocrx_word' id='word_1_592' title='bbox 1355 2647 1385 2673; x_wconf 89' lang='lat' dir='ltr'>in</span> <span class='ocrx_word' id='word_1_593' title='bbox 1406 2645 1570 2674; x_wconf 83' lang='lat' dir='ltr'>eucharistia</span> <span class='ocrx_word' id='word_1_594' title='bbox 1590 2653 1617 2680; x_wconf 91' lang='lat' dir='ltr'>p.</span> <span class='ocrx_word' id='word_1_595' title='bbox 1641 2647 1682 2671; x_wconf 78' lang='lat'>19.</span> <span class='ocrx_word' id='word_1_596' title='bbox 1706 2647 1748 2671; x_wconf 87' lang='grc'>38.</span> <span class='ocrx_word' id='word_1_597' title='bbox 1774 2647 1834 2671; x_wconf 86' lang='grc'><strong>135.</strong></span> <span class='ocrx_word' id='word_1_598' title='bbox 1857 2646 1918 2670; x_wconf 78' lang='grc'><strong>243.</strong></span> 
     </span>
    </p>

    <p class='ocr_par' dir='ltr' id='par_1_73' title="bbox 1115 2689 1779 2724">
     <span class='ocr_line' id='line_1_100' title="bbox 1115 2689 1779 2724; baseline -0.008 -5"><span class='ocrx_word' id='word_1_599' title='bbox 1115 2692 1215 2720; x_wconf 82' lang='lat' dir='ltr'>Christi</span> <span class='ocrx_word' id='word_1_600' title='bbox 1237 2692 1386 2719; x_wconf 86' lang='lat' dir='ltr'>descensus</span> <span class='ocrx_word' id='word_1_601' title='bbox 1406 2689 1440 2718; x_wconf 89' lang='lat' dir='ltr'>ad</span> <span class='ocrx_word' id='word_1_602' title='bbox 1462 2689 1564 2717; x_wconf 80' lang='lat' dir='ltr'>inferos</span> <span class='ocrx_word' id='word_1_603' title='bbox 1585 2697 1611 2724; x_wconf 90' lang='lat' dir='ltr'>p.</span> <span class='ocrx_word' id='word_1_604' title='bbox 1634 2691 1695 2715; x_wconf 78' lang='grc'><strong>240.</strong></span> <span class='ocrx_word' id='word_1_605' title='bbox 1719 2690 1779 2715; x_wconf 85' lang='grc'><strong>245.</strong></span> 
     </span>
    </p>

    <p class='ocr_par' dir='ltr' id='par_1_74' title="bbox 1116 2734 1931 2901">
     <span class='ocr_line' id='line_1_101' title="bbox 1116 2734 1931 2770; baseline -0.007 -6"><span class='ocrx_word' id='word_1_606' title='bbox 1116 2738 1217 2765; x_wconf 86' lang='lat' dir='ltr'>Christi</span> <span class='ocrx_word' id='word_1_607' title='bbox 1238 2736 1367 2763; x_wconf 66' lang='lat' dir='ltr'>divinitas</span> <span class='ocrx_word' id='word_1_608' title='bbox 1386 2743 1412 2770; x_wconf 94' lang='lat' dir='ltr'>p.</span> <span class='ocrx_word' id='word_1_609' title='bbox 1429 2739 1453 2762; x_wconf 94' lang='lat'>1.</span> <span class='ocrx_word' id='word_1_610' title='bbox 1469 2738 1494 2762; x_wconf 89' lang='lat'>3.</span> <span class='ocrx_word' id='word_1_611' title='bbox 1516 2737 1558 2761; x_wconf 83' lang='lat'>33.</span> <span class='ocrx_word' id='word_1_612' title='bbox 1577 2736 1620 2760; x_wconf 74' lang='lat'>42.</span> <span class='ocrx_word' id='word_1_613' title='bbox 1636 2736 1679 2759; x_wconf 78' lang='grc'>44.</span> <span class='ocrx_word' id='word_1_614' title='bbox 1695 2735 1738 2759; x_wconf 85' lang='grc'>55.</span> <span class='ocrx_word' id='word_1_615' title='bbox 1760 2735 1803 2759; x_wconf 84' lang='grc'>56.</span> <span class='ocrx_word' id='word_1_616' title='bbox 1823 2735 1866 2759; x_wconf 87' lang='grc'>57.</span> <span class='ocrx_word' id='word_1_617' title='bbox 1888 2734 1931 2759; x_wconf 85' lang='grc'>58.</span> 
     </span>
     <span class='ocr_line' id='line_1_102' title="bbox 1167 2780 1930 2808; baseline -0.007 0"><span class='ocrx_word' id='word_1_618' title='bbox 1167 2785 1210 2808; x_wconf 82' lang='grc'>61.</span> <span class='ocrx_word' id='word_1_619' title='bbox 1226 2784 1268 2807; x_wconf 83' lang='grc'>67.</span> <span class='ocrx_word' id='word_1_620' title='bbox 1283 2784 1326 2807; x_wconf 78' lang='grc'>68.</span> <span class='ocrx_word' id='word_1_621' title='bbox 1341 2784 1384 2807; x_wconf 82' lang='grc'>69.</span> <span class='ocrx_word' id='word_1_622' title='bbox 1398 2783 1443 2806; x_wconf 89' lang='grc'>71.</span> <span class='ocrx_word' id='word_1_623' title='bbox 1457 2782 1501 2806; x_wconf 79' lang='lat'>72.</span> <span class='ocrx_word' id='word_1_624' title='bbox 1520 2782 1562 2805; x_wconf 86' lang='lat'>73.</span> <span class='ocrx_word' id='word_1_625' title='bbox 1580 2781 1623 2805; x_wconf 72' lang='lat'>74.</span> <span class='ocrx_word' id='word_1_626' title='bbox 1640 2780 1682 2804; x_wconf 74' lang='lat'>74.</span> <span class='ocrx_word' id='word_1_627' title='bbox 1699 2780 1742 2804; x_wconf 83' lang='lat'>75.</span> <span class='ocrx_word' id='word_1_628' title='bbox 1764 2780 1808 2804; x_wconf 90' lang='lat'>77.</span> <span class='ocrx_word' id='word_1_629' title='bbox 1822 2780 1865 2804; x_wconf 85' lang='lat'>79.</span> <span class='ocrx_word' id='word_1_630' title='bbox 1886 2780 1930 2803; x_wconf 88' lang='grc'>81.</span> 
     </span>
     <span class='ocr_line' id='line_1_103' title="bbox 1164 2823 1931 2852; baseline -0.007 0"><span class='ocrx_word' id='word_1_631' title='bbox 1164 2829 1207 2852; x_wconf 83' lang='grc'>82.</span> <span class='ocrx_word' id='word_1_632' title='bbox 1229 2828 1272 2851; x_wconf 76' lang='grc'>84.</span> <span class='ocrx_word' id='word_1_633' title='bbox 1292 2827 1336 2851; x_wconf 80' lang='lat'>85.</span> <span class='ocrx_word' id='word_1_634' title='bbox 1357 2828 1402 2851; x_wconf 80' lang='lat'>92.</span> <span class='ocrx_word' id='word_1_635' title='bbox 1423 2827 1466 2851; x_wconf 81' lang='lat'>93.</span> <span class='ocrx_word' id='word_1_636' title='bbox 1487 2826 1530 2850; x_wconf 77' lang='lat'>99.</span> <span class='ocrx_word' id='word_1_637' title='bbox 1550 2825 1610 2850; x_wconf 85' lang='lat'>108.</span> <span class='ocrx_word' id='word_1_638' title='bbox 1632 2824 1766 2848; x_wconf 79' lang='lat'>125.126.</span> <span class='ocrx_word' id='word_1_639' title='bbox 1790 2824 1848 2848; x_wconf 79' lang='lat'>129.</span> <span class='ocrx_word' id='word_1_640' title='bbox 1871 2823 1931 2847; x_wconf 69' lang='lat'>145.</span> 
     </span>
     <span class='ocr_line' id='line_1_104' title="bbox 1171 2868 1929 2901; baseline -0.007 -5"><span class='ocrx_word' id='word_1_641' title='bbox 1171 2872 1228 2896; x_wconf 69' lang='lat'>147.</span> <span class='ocrx_word' id='word_1_642' title='bbox 1246 2871 1379 2895; x_wconf 74' lang='lat' dir='ltr'>1⁴8.1s5.</span> <span class='ocrx_word' id='word_1_643' title='bbox 1396 2871 1454 2895; x_wconf 85' lang='lat'>188.</span> <span class='ocrx_word' id='word_1_644' title='bbox 1476 2870 1535 2895; x_wconf 73' lang='lat'>194.</span> <span class='ocrx_word' id='word_1_645' title='bbox 1553 2869 1612 2894; x_wconf 74' lang='lat'>196.</span> <span class='ocrx_word' id='word_1_646' title='bbox 1630 2869 1688 2893; x_wconf 73' lang='lat'>198.</span> <span class='ocrx_word' id='word_1_647' title='bbox 1709 2873 1766 2901; x_wconf 81' lang='lat' dir='ltr'>seq.</span> <span class='ocrx_word' id='word_1_648' title='bbox 1787 2868 1847 2892; x_wconf 83' lang='lat'>203.</span> <span class='ocrx_word' id='word_1_649' title='bbox 1869 2868 1929 2891; x_wconf 75' lang='lat'>205.</span> 
     </span>
    </p>

    <p class='ocr_par' dir='ltr' id='par_1_75' title="bbox 1805 2911 1816 2922">
     <span class='ocr_line' id='line_1_105' title="bbox 1805 2911 1816 2922; baseline 0 -1"><span class='ocrx_word' id='word_1_650' title='bbox 1805 2911 1816 2922; x_wconf 77' lang='lat'>.</span> 
     </span>
    </p>
   </div>
  </div>
 </body>
</html>
