2205 3177
1744 147 1774 178 ῳ

1771 145 1788 177 o«

1796 145 1805 178 .-

646 162 678 184 IN
705 161 857 184 PSALMI'M
884 160 1000 182 valtl.
1031 161 1124 182 LXIX.
1154 160 1192 181 ET
1219 159 1299 180 Lxx.

292 236 448 262 Quoniam
466 237 617 260 Dominus
634 237 751 259 salvam
770 237 863 258 factet
881 235 1021 262 Sionem,
1037 237 1068 258 et
1086 235 1220 258 Iudaeae
1237 235 1379 256 civitates
1396 232 1659 257 aedificabuntun

636 282 667 302 et
684 287 784 302 semen
802 285 959 301 servorum
975 280 1042 301 eius
1058 279 1228 305 possidebit
1245 283 1322 300 eam.

233 338 365 371 Altiore
385 344 496 371 autem
517 349 634 375 sensu,
657 338 736 370 Sion
756 343 804 370 est
824 342 1021 369 sanctorum
1043 337 1200 372 ecclesia,
1223 337 1317 368 cuius
1337 333 1533 367 aedificatae
1553 333 1721 369 civitates,
1745 334 1817 366 ani-

139 406 213 428 mae
239 401 315 428 sunt
343 406 381 428 ex
409 395 656 428 incredulitatis
681 394 778 438 lapsu
807 404 867 438 per
893 392 1142 426 confessionem
1169 393 1409 425 resuscitatae:
1439 401 1515 422 nam
1545 389 1687 422 Iudaeae
1714 402 1814 423 ioca—

138 451 259 485 bulum
280 451 447 496 significat
466 451 715 485 confessionem
736 451 759 483 ².
782 451 852 483 lam
871 451 929 482 Dei
950 450 1037 482 servi
1059 451 1162 483 sancti
1185 448 1329 494 apostoli
1350 454 1444 483 sunt.
1465 459 1613 491 quorum
1634 458 1747 480 semen
1768 446 1817 480 illi

137 511 196 554 qui
224 521 286 555 per
313 511 403 554 ipsos
429 509 564 542 Christo
589 507 823 541 crediderunt.

780 602 1009 641 PSALMUS
1038 603 1176 640 LXIX.

340 689 379 712 ln
395 689 502 715 finem,
519 688 634 711 fluvidi
651 689 685 710 {n
704 688 993 711 rememorationem
1009 687 1090 714 qnod
1107 686 1225 708 salvum
1243 685 1353 708 fecerit
1369 691 1439 707 eum
1456 684 1616 706 nonninus.

236 741 345 773 Potest
369 740 469 773 etiam
491 740 536 785 (l)
557 739 710 773 Christus
729 738 821 772 hunc
837 739 1014 785 psalmum
1035 738 1148 771 dicere
1170 748 1233 782 pro
1253 736 1404 769 humano
1424 746 1565 780 genere,
1587 746 1688 767 orans
1709 735 1816 767 Deum

141 803 178 830 ut
197 797 239 830 ad
259 796 343 830 illud
364 796 597 829 adiuvandum
618 802 814 841 consurgat.
843 797 894 828 Si(—
914 796 1004 828 enim
1026 795 1180 828 futurum
1207 799 1277 827 erat
1298 799 1331 826 ut
1354 793 1516 825 instantes
1536 792 1565 824 ei
1584 792 1710 824 inimici
1737 791 1817 823 dav-

142 865 263 887 mones
289 853 607 889 confunderentur:
635 864 732 887 secus
756 864 840 886 vero
867 852 1052 897 gauderent
1081 857 1249 896 quotquot
1277 849 1429 883 eiusdem
1457 849 1554 882 saluti
1583 849 1706 881 taxent.
1739 848 1817 881 ideo

144 910 329 944 exclamat:

463 974 708 997 Confundamm-
725 977 754 997 et
773 975 976 996 revereantur
993 974 1047 1000 qni
1064 973 1220 1000 quaerunt
1238 972 1375 994 animam
1393 976 1501 992 meam.

237 1025 302 1070 Spe
329 1036 405 1061 sua.
430 1025 557 1069 inquit.
579 1024 735 1058 excidant
759 1025 818 1069 qui
846 1024 940 1057 caedi
968 1034 1062 1056 meae
1090 1022 1270 1056 anhelant.
1290 1027 1321 1053 et
1348 1020 1496 1053 fructum
1516 1019 1595 1052 inde
1615 1019 1822 1064 ignominiae

142 1081 303 1115 referant.
333 1081 539 1115 Sublimiore
565 1087 679 1114 autem
705 1092 824 1117 sensu,
846 1080 1032 1113 daemones
1056 1080 1115 1124 qui
1142 1090 1219 1112 meo
1245 1090 1342 1112 casu.
1365 1084 1506 1123 propter
1531 1078 1651 1109 mortis
1677 1076 1819 1109 maledi-

143 1139 308 1174 ctionem.
325 1138 540 1177 exultabant,
560 1150 602 1172 ne
621 1138 703 1171 mihi
724 1137 852 1171 diutius
870 1137 1105 1171 dominentur.
1124 1137 1231 1181 Digna
1251 1147 1330 1169 sane
1351 1134 1478 1168 Davide
1498 1134 1622 1167 oratio!
1640 1145 1708 1167 non
1727 1135 1817 1167 enim

143 1196 351 1241 imprecatur
376 1197 416 1229 iis
442 1197 500 1241 qui
526 1195 651 1241 opibus
677 1196 746 1229 suis
770 1194 1040 1229 insidiabantur.
1063 1200 1118 1227 aut
1147 1193 1369 1238 praediorum
1388 1191 1574 1225 limitibus:
1598 1191 1654 1224 sed
1684 1191 1822 1224 insidia-

145 1251 277 1285 toribus
303 1253 451 1289 animae,
473 1252 509 1286 id
534 1258 583 1286 est
609 1251 855 1289 daemonibus,
877 1257 906 1284 et
937 1251 1100 1283 ministris
1126 1250 1252 1283 horum
1278 1250 1392 1294 praxis
1419 1247 1616 1281 hominibus
1642 1254 1742 1292 atque
1770 1249 1821 1280 in·-

144 1309 304 1343 credulis.

584 1375 681 1398 neu-o
698 1377 864 1398 vertantur
879 1375 934 1401 qui
952 1374 1061 1396 dieunt
1077 1373 1170 1395 mihi:
1188 1379 1281 1401 euge,
1296 1378 1383 1397 euge.

241 1426 304 1465 Qui
330 1426 432 1463 meis,
455 1425 584 1471 inquit,
614 1424 712 1458 malis
737 1424 969 1461 delectantur,
994 1434 1071 1456 cum
1098 1422 1284 1467 ignominia
1310 1426 1486 1454 vertantur
1513 1422 1546 1453 in
1572 1420 1686 1465 sugam
1702 1446 1709 1458 ,
1737 1419 1819 1453 dum

146 1493 255 1515 meam
282 1493 480 1515 conversam
501 1489 627 1515 sortem
648 1482 833 1527 aspiciunt.
855 1492 967 1525 neque
986 1480 1052 1514 hoc
1072 1480 1197 1526 gaudio
1217 1479 1387 1512 fruantur.
1412 1479 1565 1522 Namque
1584 1489 1686 1522 euge,
1707 1477 1820 1510 dicere

144 1539 256 1572 solent
274 1539 429 1572 homines
455 1538 515 1573 ubi
534 1540 583 1573 rei
603 1539 745 1572 alicuius
771 1550 849 1572 cum
874 1537 1051 1583 voluptate
1078 1537 1269 1582 potiuntur.
1299 1536 1374 1568 Hoc
1399 1535 1491 1568 aiunt
1517 1535 1618 1567 etiam
1637 1534 1821 1567 daemones

146 1595 364 1641 peccantibus
389 1595 509 1635 nobis;
528 1597 611 1641 quin
631 1602 664 1630 et
683 1596 797 1629 rident
816 1595 1002 1639 aliquando
1020 1593 1120 1628 nobis
1142 1593 1338 1627 illudentes.
1369 1592 1434 1625 Sed
1454 1598 1544 1625 certe
1563 1592 1714 1636 peccanti
1741 1602 1820 1636 pro-

145 1652 221 1686 dest
246 1659 339 1687 retro
365 1653 503 1693 cedere,
527 1665 589 1700 per
615 1653 858 1699 paenitentiam
884 1652 926 1685 ad
953 1651 1155 1686 derelictum
1182 1650 1313 1683 bonum
1340 1650 1543 1687 revertenti,
1567 1660 1636 1682 non
1663 1649 1734 1682 sine
1759 1660 1822 1681 vo-

147 1709 296 1743 luntario
322 1710 469 1756 pudore.

546 1776 612 1806 Ego
628 1783 699 1799 vero
715 1783 830 1806 egenus
847 1777 876 1799 et
893 1781 1013 1802 pauper
1029 1781 1113 1800 sum3
1130 1774 1213 1797 neus
1230 1773 1342 1796 adiuva
1360 1779 1417 1795 me.

242 1825 397 1859 Fortasse
422 1826 523 1859 etiam
543 1837 583 1859 ex
601 1825 721 1871 populi
741 1825 864 1859 ethnici
892 1835 1038 1870 persona
1064 1823 1226 1856 dicuntur
1245 1822 1344 1856 haee.
1367 1832 1472 1865 egena
1498 1821 1658 1853 nimirum
1680 1831 1715 1852 ac
1736 1832 1819 1865 pau—

149 1893 229 1927 pere
254 1881 300 1916 ob
327 1888 501 1927 peccatum
528 1894 629 1916 suum
654 1889 687 1916 et
712 1882 1016 1927 irreligiositatem:
1039 1886 1175 1926 petente
1202 1886 1316 1913 autem
1342 1878 1487 1912 celerem
1508 1878 1629 1911 Christi
1650 1889 1770 1922 opem,
1791 1883 1823 1910 et

148 1939 429 1973 intellectualium
455 1939 606 1972 hostium
631 1939 867 1984 ignominiam.

793 2034 1021 2073 PSALMUS
1050 2035 1169 2071 LXX.

647 2119 687 2143 ln
703 2120 828 2143 iustitia
844 2122 899 2143 tua
916 2120 1019 2142 libera
1036 2126 1097 2146 me,
1113 2121 1143 2141 et
1160 2119 1247 2145 eripe
1263 2123 1322 2140 me.

245 2170 372 2203 lustitia
399 2170 504 2215 patris
529 2176 577 2203 est
604 2168 712 2209 filius,
736 2181 753 2204 a
779 2181 849 2215 quo
875 2169 1008 2203 liberati
1029 2169 1127 2214 culpa
1155 2168 1282 2201 fuimus
1307 2177 1394 2211 quae
1415 2177 1476 2198 nos
1496 2166 1530 2198 in
1550 2163 1744 2209 corruptela
1764 2163 1824 2196 de-

150 2226 291 2261 tinebat.
319 2228 383 2267 Qui
410 2238 493 2272 ergo
512 2228 545 2260 in
564 2228 636 2261 Deo
662 2238 757 2273 spem
783 2226 1022 2265 collocaverit,
1044 2225 1142 2259 nullo
1168 2236 1333 2269 umquam
1360 2234 1444 2256 aevo
1473 2222 1606 2268 pudore
1626 2220 1822 2257 adficietur;

149 2285 244 2331 quod
263 2296 358 2318 secus
378 2284 427 2317 illi
446 2284 566 2317 accidit
585 2296 692 2330 quum
712 2285 775 2318 alia
796 2296 832 2317 re
852 2284 1017 2322 confisus,
1037 2294 1095 2328 spe
1115 2282 1250 2316 excidit.
1271 2283 1356 2315 Nam
1377 2281 1435 2325 qui
1457 2280 1530 2312 lidit
1550 2277 1691 2324 opibus.
1713 2276 1822 2310 cadet.

150 2344 266 2388 Neque
291 2343 434 2388 speretis
460 2353 477 2375 a
503 2341 582 2375 filiis
608 2342 805 2379 hominum,
827 2342 885 2386 qui
904 2341 1049 2375 salutem
1070 2345 1243 2385 nequeunt
1263 2344 1448 2385 praestare.
1477 2338 1514 2369 Et
1544 2335 1744 2369 maledictus
1767 2334 1825 2379 qui

151 2411 246 2445 spem
273 2400 371 2445 ponit
389 2400 424 2432 in
442 2399 594 2432 homine.
624 2399 824 2432 Benedictus
850 2398 972 2433 homo.
996 2398 1055 2442 qui
1082 2397 1230 2430 Domino
1257 2394 1411 2429 confidit.
1440 2394 1511 2438 Ego
1538 2403 1693 2437 quoque,
1716 2392 1777 2427 ait,
1800 2391 1825 2422 si

151 2456 194 2491 ab
220 2457 359 2490 homine
384 2457 436 2490 vel
464 2456 575 2489 fallaci
601 2457 720 2501 quavis
745 2456 914 2489 caducave
933 2467 969 2488 re
988 2466 1085 2500 spem
1111 2465 1223 2487 meam
1245 2452 1396 2498 pendere
1422 2451 1556 2496 putaxi,
1578 2449 1701 2493 diguus
1727 2448 1827 2493 plane

151 2526 226 2548 sum
245 2515 302 2559 qui
324 2513 493 2558 pudorem
519 2513 686 2558 experiar.
715 2514 771 2546 Sin
789 2513 910 2547 ceteris
936 2512 1065 2545 cunctis
1091 2511 1315 2556 contemptis.
1336 2510 1370 2542 in
1391 2515 1422 2541 te
1443 2518 1511 2541 uno
1537 2506 1697 2539 fiduciam
1716 2516 1826 2538 meam

151 2570 273 2607 defixi,
300 2582 342 2604 ne
366 2582 515 2615 quaeso,
539 2581 560 2603 ο
586 2571 696 2608 Deus,
721 2570 794 2603 ullo
820 2576 974 2615 tempore
1001 2568 1161 2602 deludar.
1190 2568 1239 2600 Tu
1265 2578 1348 2600 vero
1373 2565 1571 2609 congenitae
1598 2561 1657 2596 tibi
1683 2562 1828 2595 iustitiae

154 2639 303 2665 memor,
321 2639 406 2672 quae
426 2638 704 2672 unumquemque
725 2638 787 2672 pro
806 2627 876 2660 suis
895 2627 1025 2660 meritis
1044 2629 1260 2661 muneratur,
1282 2622 1390 2656 libera
1410 2633 1464 2655 me
1483 2621 1526 2654 de
1546 2618 1828 2666 persequentibus

153 2697 211 2719 seu
239 2684 435 2719 hominibus
460 2696 518 2717 seu
545 2683 786 2721 daemonibus,
808 2690 909 2729 atque
935 2683 978 2717 ab
1004 2684 1160 2728 ipsorum
1187 2680 1325 2714 saexitia
1352 2679 1559 2712 incolumem
1587 2682 1732 2722 praesta.

255 2772 285 2800 t)
306 2768 387 2795 Vides
407 2768 465 2794 heic
484 2775 592 2803 quoque
611 2767 722 2794 nonnisi
741 2767 902 2802 particulam
923 2766 1095 2802 eyrillinnam
1115 2764 1148 2792 de
1168 2764 1250 2791 liuius
1269 2762 1367 2799 psalmi
1387 2765 1564 2796 argument0;
1585 2764 1611 2787 et
1625 2758 1735 2795 quidem
1751 2767 1780 2786 ea
1801 2759 1828 2785 iu

154 2812 216 2840 aliis
235 2812 330 2848 procul
350 2820 392 2839 uie
411 2812 513 2839 catenis
532 2811 638 2838 videtur
656 2810 806 2838 Athanasio
825 2810 908 2838 fuisse
927 2810 1069 2845 inscripta.

1859 452 1872 465 ⁴*
1890 458 1951 485 ΠΤ

1924 490 1954 500 ,τ

1858 1146 1894 1166 (ιν.
1910 1152 1931 1172 p.
1948 1149 1991 1167 392⁴.
