2205 3177
804 188 836 210 in
864 187 1016 209 pSALMUM
1042 188 1179 210 xxxvn.
1770 179 1835 211 ΠΤ

483 256 566 283 Quin
583 257 663 279 dixi:
681 256 845 283 nequando
862 257 1116 283 supergaudeant
1133 257 1210 279 mihi
1230 257 1352 279 inimici
1371 257 1432 279 mei
1448 258 1504 279 etc.

246 313 318 357 Ego
343 312 379 344 in
405 317 455 349 te,
478 312 585 356 inquit
601 337 608 348 ,
630 322 788 356 sperans,
811 309 853 343 ad
881 316 991 342 cetera
1018 311 1159 354 quidem
1187 318 1301 344 mutus
1328 311 1490 349 xidebar,
1516 311 1575 345 sed
1595 311 1682 344 illud
1703 317 1837 345 tantum

152 367 386 414 requirebam,
410 375 445 401 ut
472 380 514 401 ne
541 368 575 401 in
602 379 723 401 manus
750 367 968 399 inimicorum
996 367 1202 403 inciderem,
1225 379 1336 412 neque
1363 369 1428 401 mei
1456 380 1554 401 causa
1582 368 1791 402 laetarentur
1816 369 1838 402 ii

151 427 209 471 qui
230 438 285 460 me
305 437 507 471 oppugnare
527 426 655 462 solent,
677 435 737 458 ceu
759 424 784 456 si
804 434 1001 468 supremam
1030 436 1146 468 passus
1167 425 1229 457 sim
1257 425 1390 458 cladem
1411 432 1441 458 ct
1463 426 1607 458 omnino
1633 425 1835 462 subversus.

152 490 254 528 atque
280 494 297 516 a
324 489 356 516 te
383 484 562 529 expulsus,
584 488 616 516 et
636 494 696 527 per
722 493 891 515 summam
920 487 1011 514 tuam
1036 482 1307 524 indignationem
1333 482 1558 516 abalienatus.
1587 482 1761 516 Timebam
1788 485 1839 516 in-

151 552 272 586 super,
294 552 336 574 ne
355 541 381 573 si
401 553 456 574 me
475 540 733 586 supplantatum
762 538 935 577 xidorent,
959 538 1147 584 superbum
1176 540 1305 584 aliquit!
1333 547 1362 573 ct
1395 540 1520 573 infame
1544 541 1708 574 adversus
1734 542 1840 575 maie-

151 605 271 633 statem
293 606 389 633 tuam
408 598 628 632 blaterat-ent.
652 597 726 629 Hoc
745 597 855 633 enim,
878 602 909 629 et
929 608 1000 629 non
1020 595 1133 634 aliud,
1155 597 1323 641 significat
1343 597 1492 642 superbe
1511 598 1678 642 quosdam
1700 598 1742 631 dc
1762 610 1839 631 san-

151 657 212 689 ctis
238 657 272 690 in
300 657 486 691 tentatione
505 653 720 688 x‘ersantibus
746 653 855 698 loqui.
886 654 1007 686 Putant
1028 654 1119 686 enim
1140 653 1326 698 aliquando
1352 654 1445 687 haud
1471 655 1522 687 his
1543 655 1583 687 ad
1604 655 1749 688 salutem
1769 655 1841 688 sus-

153 714 254 748 110616
280 725 421 748 manum
438 713 498 746 Dei
518 711 722 747 salutarem,
743 712 840 756 quasi
862 712 1015 756 ipsorum
1036 711 1201 756 impetum
1223 711 1390 744 sustinere
1411 713 1437 743 is
1457 719 1601 756 nequeat
1615 738 1622 748 .
1646 714 1679 744 in
1699 724 1769 757 quo
1789 712 1838 745 illi

150 770 342 805 confidunt.
372 769 483 804 Veluti
510 768 718 813 babylonius
736 768 795 801 ille
815 768 1006 813 ltliapsaces
1033 769 1282 813 intemperante
1310 768 1424 811 lingna
1445 775 1562 801 contra
1584 770 1692 802 Deum
1716 776 1834 807 utens,

151 828 263 862 aiebat
283 829 313 860 ἐ
336 839 417 861 num
446 826 492 859 dii
520 827 674 871 gentium
701 837 796 859 suam
824 826 969 870 quisquc
996 826 1170 870 regionem
1199 825 1241 859 ‹Ic
1268 837 1371 858 manu
1397 837 1471 858 mea
1498 827 1725 870 eripuerunt?

296 893 452 919 Quoniam
469 898 526 922 ego
543 893 576 914 in
594 891 721 920 flagella
738 893 870 919 paratus
887 898 969 919 sum,
986 893 1017 914 et
1033 891 1123 914 dolor
1140 897 1225 913 meus
1242 892 1275 913 in
1293 893 1457 918 conspectu
1475 898 1541 913 meo
1557 898 1687 918 semper.

245 943 363 977 Dolori
392 954 454 976 suo
480 942 610 976 mederi
638 941 747 975 David
773 948 947 987 satagens,
968 943 1040 987 ipse
1060 947 1168 975 semet
1187 941 1384 979 accusabat,
1409 942 1478 975 suis
1504 942 1603 975 editis
1630 953 1746 975 coram
1766 942 1837 975 Deo

149 1000 432 1036 confessionibus.
462 1000 544 1034 Ideo
570 1000 671 1033 dicit:
697 999 800 1033 dolor
825 1011 922 1033 meus
950 1000 983 1032 in
1009 1006 1195 1045 conspectu
1222 1011 1300 1032 meo
1326 1006 1376 1032 cst
1402 1011 1555 1045 semper:
1578 999 1737 1033 dolorem
1765 999 1836 1033 for-

148 1065 235 1092 tasse
261 1058 439 1104 appellans
464 1056 607 1091 dolendi
634 1068 787 1095 causam,
809 1056 844 1089 id
871 1063 921 1090 est
948 1063 1141 1102 peccatum,
1163 1056 1259 1101 quod
1279 1068 1398 1101 reapse
1418 1057 1541 1089 mentis
1560 1056 1687 1089 vulnus
1706 1056 1836 1090 cordis—

147 1127 214 1162 que
240 1116 337 1149 ulcus
363 1126 564 1160 nuncupare
589 1126 660 1148 non
687 1120 735 1148 est
763 1114 955 1160 illepidum.
985 1115 1083 1147 Certe
1104 1115 1231 1159 peccati
1253 1114 1303 1147 sui
1325 1126 1459 1159 semper
1485 1114 1681 1152 recordari,
1705 1121 1838 1148 sanctos

148 1172 258 1207 decet.
287 1174 385 1206 Nunc
410 1184 491 1206 sane
516 1171 604 1206 illud
624 1172 768 1207 dicitur.
790 1171 885 1216 quod
905 1182 965 1204 ore
984 1171 1124 1205 Davislis
1151 1172 1185 1204 in
1212 1171 1303 1204 libro
1323 1182 1441 1215 regum
1464 1171 1638 1216 prolatum
1658 1171 1784 1216 legitur
1804 1172 1835 1204 ἐ

148 1232 340 1265 incidamus
359 1232 393 1264 in
412 1242 535 1264 manus
554 1230 691 1263 Domini
710 1230 842 1275 potius,
862 1241 966 1275 quam
985 1231 1018 1262 in
1038 1230 1217 1263 hominum
1246 1241 1383 1263 manus:
1406 1230 1459 1262 hic
1486 1231 1577 1263 cnim
1604 1228 1716 1263 bonus
1735 1235 1785 1263 est
1804 1236 1835 1263 et

149 1290 360 1324 misericors.
383 1295 484 1333 atque
503 1294 541 1321 ut
559 1289 603 1321 ait
624 1288 792 1333 scriptura
814 1288 823 1295 '
837 1313 844 1323 ,
867 1287 1012 1320 celerius
1031 1299 1049 1320 a
1068 1288 1227 1321 nocendo
1254 1287 1401 1323 recedit:
1425 1287 1472 1320 Illi
1496 1293 1609 1321 autem
1629 1288 1739 1332 asperi
1759 1293 1835 1320 sunt

148 1353 182 1380 et
201 1345 373 1383 crudeles,
386 1344 542 1390 'suasque
561 1346 628 1378 iras
647 1345 681 1377 in
701 1343 874 1377 infinitum
892 1344 1102 1389 quandoque
1122 1344 1346 1390 protendunt.
1377 1345 1450 1377 1100
1471 1345 1585 1390 itaque
1604 1345 1686 1377 vitat
1706 1344 1813 1377 David
1826 1371 1833 1382 ,

148 1411 185 1437 ut
204 1415 247 1437 ne
266 1403 371 1448 aliqui
398 1403 616 1436 inimicorum
642 1413 785 1435 suorum
804 1401 847 1434 dc
867 1413 902 1434 se
922 1402 1144 1447 supplantato
1163 1408 1197 1435 ct
1216 1402 1357 1436 cadente
1384 1402 1564 1435 laetentur.
1594 1402 1633 1435 ld
1659 1403 1751 1435 enim
1769 1403 1836 1447 sig—

148 1460 287 1495 nificant
311 1459 416 1494 verba
444 1474 459 1491 «
487 1460 700 1493 commoveri
728 1459 846 1505 pedes.
879 1473 895 1490 »
925 1461 1011 1493 Nam
1036 1460 1097 1493 Dei
1124 1460 1266 1504 quidem
1292 1461 1515 1505 percutientis
1542 1461 1610 1506 pati
1638 1460 1832 1505 flagellum.

146 1529 355 1564 quamquam
382 1518 423 1551 sit
449 1516 632 1554 acerbum,
662 1516 815 1562 optabile
841 1517 991 1556 iudicat,
1021 1524 1166 1562 propter
1191 1518 1415 1551 correctionis
1440 1518 1635 1552 utilitatem.
1665 1518 1778 1558 Quare
1804 1525 1835 1551 et

145 1582 251 1613 semet
276 1576 348 1621 ipse
374 1575 513 1620 flagello
539 1576 723 1621 supponit,
745 1586 849 1620 seque
868 1575 948 1608 huic
968 1575 1223 1620 paratissimum
1249 1587 1322 1609 esse
1348 1575 1537 1609 adseverat.
1567 1576 1680 1621 Atque
1703 1575 1769 1609 1100
1787 1582 1835 1609 est

144 1634 310 1668 idoneum
337 1634 471 1667 animae
490 1632 531 1666 ad
554 1634 716 1666 virtutem
743 1644 934 1678 propensae
960 1632 1147 1671 indicium,
1169 1632 1318 1666 dolentis
1337 1633 1478 1678 quidem
1499 1633 1545 1667 ob
1564 1639 1773 1667 contractam
1795 1645 1835 1667 ex

146 1691 272 1725 illicitis
291 1689 423 1724 actibus
441 1689 694 1728 infirmitatem,
716 1693 955 1724 verumtamen
974 1691 1105 1736 optima
1125 1690 1293 1724 desideria
1314 1691 1525 1736 persuaviter
1545 1689 1836 1735 libentissimeque

146 1749 338 1782 nutrientis.
367 1750 523 1794 Namque
542 1747 576 1781 id
598 1748 814 1794 potissimum
840 1749 1019 1793 perspicue
1043 1748 1171 1782 indicat
1190 1747 1273 1781 dum
1294 1749 1356 1785 ait,
1379 1760 1413 1781 se
1441 1754 1598 1794 paratum
1617 1749 1651 1781 in
1672 1746 1834 1785 verbera,

145 1813 177 1840 et
203 1818 304 1840 suum
329 1817 465 1852 semper
491 1818 573 1851 prae
599 1806 709 1839 oculis
735 1805 863 1839 habere
889 1805 1066 1843 dolorem,
1090 1806 1124 1839 id
1151 1812 1201 1839 est
1228 1806 1361 1839 doloris
1388 1817 1524 1839 causam
1551 1812 1742 1851 peccatum.

344 1871 501 1898 Quoniam
518 1873 720 1899 iniquitatem
738 1878 836 1894 meum
853 1879 910 1901 ego
926 1873 1142 1900 annunciabo,
1158 1874 1190 1895 et
1207 1873 1244 1895 de
1261 1874 1384 1899 peream
1401 1879 1466 1895 meo
1484 1873 1636 1901 cogitabo-

244 1921 368 1954 Fidelis
394 1922 545 1960 animae,
567 1928 598 1955 et
618 1922 678 1955 Dei
698 1922 864 1955 iudicium
890 1921 989 1956 firme
1009 1923 1198 1961 credentis,
1221 1923 1285 1956 hae
1304 1934 1406 1957 voces
1425 1929 1516 1956 sunt.
1546 1923 1671 1968 Utique
1692 1921 1835 1956 verbum

146 1977 363 2012 annunciabo
391 1979 487 2023 ponit
515 1978 589 2012 heic
616 1990 680 2024 pro
707 1980 936 2018 annunciavi;
965 1980 1121 2014 similiter
1146 1982 1248 2013 etiam
1278 1979 1438 2026 cogitabo
1465 1992 1530 2025 pro
1557 1981 1728 2025 cogitavi:
1756 1990 1835 2012 nam

146 2042 302 2081 tempora
329 2036 421 2081 apud
448 2036 600 2069 divinam
626 2037 836 2082 quandoque
861 2037 1068 2082 scripturam
1095 2037 1331 2071 indifferenter
1358 2044 1548 2083 ponuntur.
1578 2038 1655 2071 Non
1683 2036 1730 2071 sui
1748 2063 1755 2075 ,
1784 2037 1836 2070 in-

1881 828 1886 833 ·
1905 824 1940 844 lV.
1959 824 2012 849 ch.

1880 850 1961 871 xvni.
1977 854 2009 871 aa.

1875 901 1886 914 V
1914 898 1942 915 18,

1877 1126 1913 1145 (172
1929 1130 1950 1151 p.
1966 1127 2011 1146 2‘315*

1879 1180 1886 1188 ·
1905 1178 1934 1198 it.
1951 1178 2005 1203 Πομ.

1881 1204 1961 1226 xxtV.
1980 1208 2011 1225 Μ.

1877 1297 1885 1302 “
1903 1293 1974 1313 101101Δ
1994 1293 2013 1314 11
2042 1296 2062 1313 tls

1877 1320 1924 1340 lon⁴
1945 1320 1982 1340 lv.
1999 1323 2018 1340 2.

144 2093 236 2138 quit,
258 2099 437 2127 cunctator
463 2094 505 2126 ad
532 2093 799 2139 paenitendum.
821 2105 892 2128 non
919 2094 1038 2128 tardus
1060 2094 1103 2128 ad
1123 2095 1309 2140 lacrymas,
1331 2106 1443 2140 neque
1470 2096 1567 2140 piger
1585 2095 1628 2128 ad
1648 2094 1836 2128 confessio-
1882 2102 1885 2105 ·

144 2162 241 2189 nem;
263 2150 322 2184 sed
349 2157 526 2197 peccatum
554 2162 670 2184 meum
696 2163 714 2185 e
739 2152 884 2197 vestigio
909 2151 1089 2186 subsecuta
1116 2159 1166 2186 est
1193 2152 1236 2186 ad
1260 2154 1371 2186 Deum
1397 2153 1521 2186 oratio.
1552 2152 1694 2186 Prodest
1721 2158 1834 2185 autem

144 2207 211 2242 hoc
236 2209 337 2242 etiam
364 2208 457 2242 haud
484 2220 607 2254 parum
633 2208 753 2247 nobis,
775 2221 984 2254 cognoscere
1010 2211 1152 2255 inquam
1178 2211 1406 2256 paenitentiae
1432 2211 1613 2244 rationem.

416 2283 542 2306 Inimici
560 2284 619 2306 mei
638 2285 761 2312 vivunt,
777 2286 808 2307 et
826 2285 966 2307 roborati
983 2286 1058 2307 nunt
1074 2291 1168 2312 super
1184 2292 1247 2313 me,
1263 2285 1471 2312 multiplicati
1489 2287 1564 2307 sunt

787 2329 843 2356 qui
859 2335 907 2352 me
924 2329 1060 2352 oderunt
1077 2330 1196 2356 inique.

239 2381 342 2422 Quod
361 2383 387 2416 si
409 2381 454 2427 (1)
475 2382 662 2416 exteriores
681 2383 837 2416 inimicos
856 2383 1044 2429 intelligas,
1064 2384 1108 2417 ita
1127 2383 1330 2430 explicabis:
1351 2395 1433 2429 ego,
1452 2383 1579 2428 inquit,
1598 2382 1676 2416 flevi
1696 2388 1729 2415 et
1748 2393 1834 2416 mae-

143 2445 214 2474 stus
233 2438 299 2479 fui,
317 2445 350 2473 et
368 2440 596 2485 paenitentiae
615 2440 783 2485 lacrymas
802 2440 874 2474 fudi
886 2467 894 2479 ,
912 2442 991 2486 quia
1010 2442 1154 2475 insanivi
1173 2447 1204 2475 et
1225 2441 1350 2476 divinis
1369 2440 1501 2486 legibus
1519 2452 1595 2474 sum
1614 2439 1830 2473 adversatus:

143 2496 296 2529 malivoli
317 2503 431 2530 autem
449 2497 515 2529 mei
538 2498 673 2535 xivunt,
695 2504 728 2531 et
747 2504 866 2532 contra
887 2510 942 2532 me
960 2498 1093 2532 viribus
1112 2505 1293 2544 augentur.
1319 2500 1388 2531 lam
1408 2497 1617 2531 vocabulum
1639 2511 1654 2527 «
1675 2497 1795 2530 vivunt
1818 2512 1832 2528 υ

143 2552 218 2586 heic
245 2552 444 2587 habendum
464 2560 513 2587 est
540 2566 604 2599 pro
631 2569 646 2585 «
670 2555 826 2589 absoluta
853 2556 1013 2590 facultate
1039 2556 1171 2602 pollent
1197 2556 1361 2601 quicquid
1389 2555 1529 2589 libuerit
1555 2562 1674 2588 contra
1700 2566 1755 2588 me
1781 2555 1831 2588 fa-

142 2611 266 2644 ciendi.
291 2625 306 2643 »
333 2612 385 2645 Sic
412 2613 504 2645 enim
523 2623 586 2645 nos
611 2623 712 2658 saepe
737 2613 889 2647 solemus
908 2614 950 2647 de
970 2625 1011 2647 eo
1030 2614 1089 2659 qui
1109 2614 1289 2659 expeditos
1308 2614 1530 2657 efficacesquc
1554 2619 1667 2646 motus
1686 2611 1809 2646 habeat
1822 2639 1830 2649 .

141 2667 275 2702 dicere:
301 2669 356 2702 hic
381 2669 522 2703 demum
548 2670 684 2703 vividus
710 2670 816 2704 homo
841 2677 904 2705 est.
934 2673 1011 2705 Non
1037 2671 1130 2705 enim
1156 2682 1274 2705 necem
1300 2671 1519 2704 inimicorum
1545 2681 1688 2704 suorum
1714 2682 1733 2704 a
1758 2670 1831 2704 Deo

142 2732 272 2771 peteret
292 2728 419 2763 iustus.
440 2727 537 2773 quod
563 2740 644 2761 sane
670 2728 829 2762 clementi
851 2730 923 2763 Deo
942 2729 1152 2777 displiceret.
1181 2729 1274 2774 Ergo
1296 2743 1311 2758 «
1334 2729 1451 2762 vivunt
1477 2744 1492 2759 »
1516 2728 1581 2762 hoc
1606 2728 1686 2762 10οο
1703 2727 1830 2763 dicitur

239 2858 275 2888 (1)
294 2856 376 2883 Vides
395 2856 489 2883 deesse
508 2856 627 2891 priorem
645 2857 844 2892 explanationis
864 2858 892 2885 in
912 2858 986 2889 hune
1005 2857 1172 2885 versiculum
1192 2861 1308 2891 partem.

1680 2913 1713 2937 ²3

1870 2570 1908 2590 (νιῑ
1923 2576 1944 2596 p.
1963 2573 1998 2591 ’ΞΜ
