<?xml version="1.0" encoding="UTF-8"?>
<!DOCTYPE html PUBLIC "-//W3C//DTD XHTML 1.0 Transitional//EN"
    "http://www.w3.org/TR/xhtml1/DTD/xhtml1-transitional.dtd">
<html xmlns="http://www.w3.org/1999/xhtml" xml:lang="en" lang="en">
 <head>
  <title>
</title>
<meta http-equiv="Content-Type" content="text/html;charset=utf-8" />
  <meta name='ocr-system' content='tesseract 3.04.00' />
  <meta name='ocr-capabilities' content='ocr_page ocr_carea ocr_par ocr_line ocrx_word'/>
</head>
<body>
  <div class='ocr_page' id='page_1' title='image "./novaepatrumbibli03maiauoft/novaepatrumbibli03maiauoft_0014.png"; bbox 0 0 2205 3177; ppageno 0'>
   <div class='ocr_carea' id='block_1_1' title="bbox 340 134 1245 160">
    <p class='ocr_par' dir='ltr' id='par_1_1' title="bbox 340 134 1245 160">
     <span class='ocr_line' id='line_1_1' title="bbox 340 134 1245 160; baseline 0.001 -4"><span class='ocrx_word' id='word_1_1' title='bbox 340 138 359 160; x_wconf 55' lang='grc' dir='ltr'>λ</span> <span class='ocrx_word' id='word_1_2' title='bbox 1098 134 1245 157; x_wconf 60' lang='lat' dir='ltr'>Eun-oms</span> 
     </span>
    </p>
   </div>
   <div class='ocr_carea' id='block_1_2' title="bbox 126 199 2031 2714">
    <p class='ocr_par' dir='ltr' id='par_1_2' title="bbox 126 199 2031 2714">
     <span class='ocr_line' id='line_1_2' title="bbox 342 199 2007 247; baseline 0.002 -11"><span class='ocrx_word' id='word_1_3' title='bbox 342 205 408 236; x_wconf 82' lang='lat' dir='ltr'>iam</span> <span class='ocrx_word' id='word_1_4' title='bbox 429 202 624 247; x_wconf 85' lang='lat' dir='ltr'>imprimere</span> <span class='ocrx_word' id='word_1_5' title='bbox 642 199 843 245; x_wconf 73' lang='lat' dir='ltr'>acephalum</span> <span class='ocrx_word' id='word_1_6' title='bbox 862 199 988 232; x_wconf 84' lang='lat' dir='ltr'>Romae</span> <span class='ocrx_word' id='word_1_7' title='bbox 1007 209 1200 245; x_wconf 78' lang='lat' dir='ltr'>coeperam.</span> <span class='ocrx_word' id='word_1_8' title='bbox 1222 201 1312 245; x_wconf 78' lang='lat' dir='ltr'>Ergo</span> <span class='ocrx_word' id='word_1_9' title='bbox 1330 199 1408 233; x_wconf 89' lang='lat' dir='ltr'>data</span> <span class='ocrx_word' id='word_1_10' title='bbox 1428 211 1445 233; x_wconf 87' lang='lat' dir='ltr'>a</span> <span class='ocrx_word' id='word_1_11' title='bbox 1465 201 1532 234; x_wconf 82' lang='lat' dir='ltr'>RR.</span> <span class='ocrx_word' id='word_1_12' title='bbox 1554 201 1729 239; x_wconf 87' lang='lat' dir='ltr'>Canonieis</span> <span class='ocrx_word' id='word_1_13' title='bbox 1748 204 1894 246; x_wconf 64' lang='lat' dir='ltr'>benigne</span> <span class='ocrx_word' id='word_1_14' title='bbox 1911 211 2007 244; x_wconf 67' lang='lat' dir='ltr'>venia</span> 
     </span>
     <span class='ocr_line' id='line_1_3' title="bbox 340 243 2009 306; baseline -0.001 -13"><span class='ocrx_word' id='word_1_15' title='bbox 340 260 533 306; x_wconf 75' lang='lat' dir='ltr'>gemmulae</span> <span class='ocrx_word' id='word_1_16' title='bbox 558 259 658 292; x_wconf 84' lang='lat' dir='ltr'>huius</span> <span class='ocrx_word' id='word_1_17' title='bbox 683 256 858 302; x_wconf 77' lang='lat' dir='ltr'>exemplar</span> <span class='ocrx_word' id='word_1_18' title='bbox 883 255 1026 302; x_wconf 82' lang='lat' dir='ltr'>paribus</span> <span class='ocrx_word' id='word_1_19' title='bbox 1048 256 1242 292; x_wconf 85' lang='lat' dir='ltr'>litterarum</span> <span class='ocrx_word' id='word_1_20' title='bbox 1268 257 1387 291; x_wconf 89' lang='lat' dir='ltr'>formis</span> <span class='ocrx_word' id='word_1_21' title='bbox 1413 257 1579 297; x_wconf 86' lang='lat' dir='ltr'>faciendi,</span> <span class='ocrx_word' id='word_1_22' title='bbox 1601 268 1704 304; x_wconf 84' lang='lat' dir='ltr'>prout</span> <span class='ocrx_word' id='word_1_23' title='bbox 1722 274 1813 298; x_wconf 71' lang='lat' dir='ltr'>nunc</span> <span class='ocrx_word' id='word_1_24' title='bbox 1829 243 1866 298; x_wconf 78' lang='lat' dir='ltr'>in</span> <span class='ocrx_word' id='word_1_25' title='bbox 1893 266 2009 302; x_wconf 66' lang='lat' dir='ltr'>tabula</span> 
     </span>
     <span class='ocr_line' id='line_1_4' title="bbox 341 312 2008 362; baseline -0.002 -11"><span class='ocrx_word' id='word_1_26' title='bbox 341 324 456 351; x_wconf 86' lang='lat' dir='ltr'>nostra</span> <span class='ocrx_word' id='word_1_27' title='bbox 484 317 691 361; x_wconf 72' lang='lat' dir='ltr'>conspicitur</span> <span class='ocrx_word' id='word_1_28' title='bbox 715 315 785 357; x_wconf 52' lang='lat' dir='ltr'>tw:</span> <span class='ocrx_word' id='word_1_29' title='bbox 809 325 889 347; x_wconf 83' lang='lat' dir='ltr'>mox</span> <span class='ocrx_word' id='word_1_30' title='bbox 916 312 1043 347; x_wconf 82' lang='lat' dir='ltr'><strong>ibidem</strong></span> <span class='ocrx_word' id='word_1_31' title='bbox 1071 314 1137 359; x_wconf 78' lang='lat' dir='ltr'>legi</span> <span class='ocrx_word' id='word_1_32' title='bbox 1164 315 1264 348; x_wconf 91' lang='lat' dir='ltr'>etiam</span> <span class='ocrx_word' id='word_1_33' title='bbox 1293 316 1563 361; x_wconf 88' lang='lat' dir='ltr'>manuscriptum</span> <span class='ocrx_word' id='word_1_34' title='bbox 1590 319 1827 362; x_wconf 76' lang='lat' dir='ltr'>capitularium</span> <span class='ocrx_word' id='word_1_35' title='bbox 1852 322 2008 357; x_wconf 70' lang='lat' dir='ltr'>codicum</span> 
     </span>
     <span class='ocr_line' id='line_1_5' title="bbox 341 371 2007 417; baseline 0 -10"><span class='ocrx_word' id='word_1_36' title='bbox 341 374 530 408; x_wconf 85' lang='lat' dir='ltr'>indiculum</span> <span class='ocrx_word' id='word_1_37' title='bbox 550 385 566 406; x_wconf 90' lang='lat' dir='ltr'>a</span> <span class='ocrx_word' id='word_1_38' title='bbox 585 372 743 417; x_wconf 69' lang='lat' dir='ltr'>Scipione</span> <span class='ocrx_word' id='word_1_39' title='bbox 757 371 912 405; x_wconf 75' lang='lat' dir='ltr'>Maffaeio</span> <span class='ocrx_word' id='word_1_40' title='bbox 927 371 1139 407; x_wconf 83' lang='lat' dir='ltr'>confectum.</span> <span class='ocrx_word' id='word_1_41' title='bbox 1158 372 1192 404; x_wconf 92' lang='lat' dir='ltr'>in</span> <span class='ocrx_word' id='word_1_42' title='bbox 1212 383 1282 416; x_wconf 90' lang='lat' dir='ltr'>quo</span> <span class='ocrx_word' id='word_1_43' title='bbox 1302 372 1366 406; x_wconf 91' lang='lat' dir='ltr'>sub</span> <span class='ocrx_word' id='word_1_44' title='bbox 1384 384 1528 406; x_wconf 85' lang='lat' dir='ltr'>numero</span> <span class='ocrx_word' id='word_1_45' title='bbox 1549 374 1624 406; x_wconf 82' lang='lat'>119.</span> <span class='ocrx_word' id='word_1_46' title='bbox 1642 375 1763 411; x_wconf 66' lang='lat' dir='ltr'>virille</span> <span class='ocrx_word' id='word_1_47' title='bbox 1775 378 2007 416; x_wconf 68' lang='lat' dir='ltr'>doctissimus,</span> 
     </span>
     <span class='ocr_line' id='line_1_6' title="bbox 342 428 2007 477; baseline 0.004 -12"><span class='ocrx_word' id='word_1_48' title='bbox 342 431 508 477; x_wconf 60' lang='lat' dir='ltr'>cyrilliani</span> <span class='ocrx_word' id='word_1_49' title='bbox 536 429 607 462; x_wconf 81' lang='lat' dir='ltr'>solii</span> <span class='ocrx_word' id='word_1_50' title='bbox 636 434 734 462; x_wconf 84' lang='lat' dir='ltr'>antea</span> <span class='ocrx_word' id='word_1_51' title='bbox 762 439 955 474; x_wconf 84' lang='lat' dir='ltr'>possessor,</span> <span class='ocrx_word' id='word_1_52' title='bbox 978 430 1022 462; x_wconf 89' lang='lat' dir='ltr'>ita</span> <span class='ocrx_word' id='word_1_53' title='bbox 1048 428 1177 462; x_wconf 90' lang='lat' dir='ltr'>scribit.</span> <span class='ocrx_word' id='word_1_54' title='bbox 1208 444 1223 460; x_wconf 75' lang='grc' dir='ltr'>ιι</span> <span class='ocrx_word' id='word_1_55' title='bbox 1251 429 1365 462; x_wconf 81' lang='lat' dir='ltr'>Codex</span> <span class='ocrx_word' id='word_1_56' title='bbox 1389 441 1457 463; x_wconf 91' lang='lat' dir='ltr'>non</span> <span class='ocrx_word' id='word_1_57' title='bbox 1484 437 1553 467; x_wconf 85' lang='lat' dir='ltr'>est,</span> <span class='ocrx_word' id='word_1_58' title='bbox 1575 442 1678 475; x_wconf 88' lang='lat' dir='ltr'>quem</span> <span class='ocrx_word' id='word_1_59' title='bbox 1704 431 1758 466; x_wconf 84' lang='lat' dir='ltr'>hic</span> <span class='ocrx_word' id='word_1_60' title='bbox 1781 435 1860 473; x_wconf 87' lang='lat' dir='ltr'>tibi,</span> <span class='ocrx_word' id='word_1_61' title='bbox 1881 437 2007 473; x_wconf 84' lang='lat' dir='ltr'>lector.</span> 
     </span>
     <span class='ocr_line' id='line_1_7' title="bbox 345 485 2009 531; baseline 0.006 -12"><span class='ocrx_word' id='word_1_62' title='bbox 345 504 359 519; x_wconf 79' lang='lat'>»</span> <span class='ocrx_word' id='word_1_63' title='bbox 390 499 508 522; x_wconf 80' lang='lat' dir='ltr'>nai-ro.</span> <span class='ocrx_word' id='word_1_64' title='bbox 532 485 591 519; x_wconf 86' lang='lat' dir='ltr'>sed</span> <span class='ocrx_word' id='word_1_65' title='bbox 616 485 749 531; x_wconf 81' lang='lat' dir='ltr'>pagella</span> <span class='ocrx_word' id='word_1_66' title='bbox 774 497 840 519; x_wconf 88' lang='lat' dir='ltr'>una</span> <span class='ocrx_word' id='word_1_67' title='bbox 869 485 1079 520; x_wconf 75' lang='lat' dir='ltr'>membranei</span> <span class='ocrx_word' id='word_1_68' title='bbox 1106 485 1252 524; x_wconf 81' lang='lat' dir='ltr'>codicis,</span> <span class='ocrx_word' id='word_1_69' title='bbox 1279 492 1312 519; x_wconf 92' lang='lat' dir='ltr'>et</span> <span class='ocrx_word' id='word_1_70' title='bbox 1337 487 1478 531; x_wconf 88' lang='lat' dir='ltr'>quidem</span> <span class='ocrx_word' id='word_1_71' title='bbox 1506 487 1602 521; x_wconf 74' lang='lat' dir='ltr'>exilis</span> <span class='ocrx_word' id='word_1_72' title='bbox 1627 488 1825 525; x_wconf 80' lang='lat' dir='ltr'>admodum.</span> <span class='ocrx_word' id='word_1_73' title='bbox 1854 493 2009 529; x_wconf 75' lang='lat' dir='ltr'>Abscissa</span> 
     </span>
     <span class='ocr_line' id='line_1_8' title="bbox 346 543 2009 591; baseline 0.005 -13"><span class='ocrx_word' id='word_1_74' title='bbox 346 562 359 577; x_wconf 67' lang='grc' dir='ltr'>»ι</span> <span class='ocrx_word' id='word_1_75' title='bbox 391 544 509 591; x_wconf 80' lang='lat' dir='ltr'>procul</span> <span class='ocrx_word' id='word_1_76' title='bbox 528 543 636 577; x_wconf 86' lang='lat' dir='ltr'>dubio</span> <span class='ocrx_word' id='word_1_77' title='bbox 663 543 743 581; x_wconf 84' lang='lat' dir='ltr'>fuit,</span> <span class='ocrx_word' id='word_1_78' title='bbox 766 543 973 577; x_wconf 89' lang='lat' dir='ltr'>detrimento</span> <span class='ocrx_word' id='word_1_79' title='bbox 999 554 1144 587; x_wconf 79' lang='lat' dir='ltr'>magno,</span> <span class='ocrx_word' id='word_1_80' title='bbox 1167 543 1402 577; x_wconf 87' lang='lat' dir='ltr'>emolumento</span> <span class='ocrx_word' id='word_1_81' title='bbox 1422 545 1538 583; x_wconf 92' lang='lat' dir='ltr'>nullo,</span> <span class='ocrx_word' id='word_1_82' title='bbox 1561 544 1604 578; x_wconf 86' lang='lat' dir='ltr'>ab</span> <span class='ocrx_word' id='word_1_83' title='bbox 1630 546 1756 580; x_wconf 78' lang='lat' dir='ltr'>eximio</span> <span class='ocrx_word' id='word_1_84' title='bbox 1779 552 1813 580; x_wconf 90' lang='lat' dir='ltr'>et</span> <span class='ocrx_word' id='word_1_85' title='bbox 1835 551 1932 585; x_wconf 87' lang='lat' dir='ltr'>multi</span> <span class='ocrx_word' id='word_1_86' title='bbox 1960 552 2009 585; x_wconf 86' lang='lat' dir='ltr'>fa-</span> 
     </span>
     <span class='ocr_line' id='line_1_9' title="bbox 345 599 2007 648; baseline 0.002 -14"><span class='ocrx_word' id='word_1_87' title='bbox 345 617 359 633; x_wconf 80' lang='lat'><strong>»</strong></span> <span class='ocrx_word' id='word_1_88' title='bbox 389 601 510 635; x_wconf 89' lang='lat' dir='ltr'>ciendo</span> <span class='ocrx_word' id='word_1_89' title='bbox 534 601 666 635; x_wconf 90' lang='lat' dir='ltr'>libello.</span> <span class='ocrx_word' id='word_1_90' title='bbox 694 602 759 642; x_wconf 84' lang='lat' dir='ltr'>Qui</span> <span class='ocrx_word' id='word_1_91' title='bbox 785 613 860 635; x_wconf 85' lang='lat' dir='ltr'>eam</span> <span class='ocrx_word' id='word_1_92' title='bbox 886 601 929 634; x_wconf 91' lang='lat' dir='ltr'>ad</span> <span class='ocrx_word' id='word_1_93' title='bbox 952 612 1006 634; x_wconf 87' lang='lat' dir='ltr'>me</span> <span class='ocrx_word' id='word_1_94' title='bbox 1031 601 1143 636; x_wconf 87' lang='lat' dir='ltr'>misit,</span> <span class='ocrx_word' id='word_1_95' title='bbox 1164 599 1327 633; x_wconf 83' lang='lat' dir='ltr'>daturum</span> <span class='ocrx_word' id='word_1_96' title='bbox 1353 612 1388 634; x_wconf 90' lang='lat' dir='ltr'>se</span> <span class='ocrx_word' id='word_1_97' title='bbox 1416 601 1512 635; x_wconf 63' lang='lat' dir='ltr'>brevi</span> <span class='ocrx_word' id='word_1_98' title='bbox 1539 603 1728 648; x_wconf 80' lang='lat' dir='ltr'>persimiles</span> <span class='ocrx_word' id='word_1_99' title='bbox 1753 603 1836 637; x_wconf 91' lang='lat' dir='ltr'>alias</span> <span class='ocrx_word' id='word_1_100' title='bbox 1863 608 2007 645; x_wconf 68' lang='lat' dir='ltr'>multas,</span> 
     </span>
     <span class='ocr_line' id='line_1_10' title="bbox 344 656 2011 706; baseline 0.001 -16"><span class='ocrx_word' id='word_1_101' title='bbox 344 674 359 690; x_wconf 80' lang='lat'>»</span> <span class='ocrx_word' id='word_1_102' title='bbox 387 657 635 703; x_wconf 69' lang='lat' dir='ltr'>subsequentes</span> <span class='ocrx_word' id='word_1_103' title='bbox 661 664 764 704; x_wconf 84' lang='lat' dir='ltr'>puto.</span> <span class='ocrx_word' id='word_1_104' title='bbox 789 657 994 704; x_wconf 80' lang='lat' dir='ltr'>spopondit:</span> <span class='ocrx_word' id='word_1_105' title='bbox 1020 657 1078 691; x_wconf 89' lang='lat' dir='ltr'>sed</span> <span class='ocrx_word' id='word_1_106' title='bbox 1104 656 1147 690; x_wconf 89' lang='lat' dir='ltr'>ab</span> <span class='ocrx_word' id='word_1_107' title='bbox 1174 657 1273 690; x_wconf 91' lang='lat' dir='ltr'>annis</span> <span class='ocrx_word' id='word_1_108' title='bbox 1300 657 1459 703; x_wconf 88' lang='lat' dir='ltr'>pluribus</span> <span class='ocrx_word' id='word_1_109' title='bbox 1485 660 1712 704; x_wconf 72' lang='lat' dir='ltr'>nequicquam</span> <span class='ocrx_word' id='word_1_110' title='bbox 1742 667 1896 706; x_wconf 81' lang='lat' dir='ltr'>expecto.</span> <span class='ocrx_word' id='word_1_111' title='bbox 1926 662 2011 698; x_wconf 72' lang='lat' dir='ltr'>Seri-</span> 
     </span>
     <span class='ocr_line' id='line_1_11' title="bbox 345 712 2014 763; baseline 0.001 -13"><span class='ocrx_word' id='word_1_112' title='bbox 345 730 360 746; x_wconf 86' lang='lat'>»</span> <span class='ocrx_word' id='word_1_113' title='bbox 390 722 487 761; x_wconf 92' lang='lat' dir='ltr'>ptum</span> <span class='ocrx_word' id='word_1_114' title='bbox 513 715 633 749; x_wconf 88' lang='lat' dir='ltr'>litteris</span> <span class='ocrx_word' id='word_1_115' title='bbox 657 714 846 749; x_wconf 87' lang='lat' dir='ltr'>maioribus</span> <span class='ocrx_word' id='word_1_116' title='bbox 871 720 1022 751; x_wconf 89' lang='lat' dir='ltr'>constat,</span> <span class='ocrx_word' id='word_1_117' title='bbox 1044 712 1238 748; x_wconf 74' lang='lat' dir='ltr'>accentibus</span> <span class='ocrx_word' id='word_1_118' title='bbox 1263 725 1280 747; x_wconf 92' lang='lat' dir='ltr'>a</span> <span class='ocrx_word' id='word_1_119' title='bbox 1306 714 1419 759; x_wconf 86' lang='lat' dir='ltr'>prima</span> <span class='ocrx_word' id='word_1_120' title='bbox 1440 726 1543 749; x_wconf 91' lang='lat' dir='ltr'>manu</span> <span class='ocrx_word' id='word_1_121' title='bbox 1568 717 1809 763; x_wconf 73' lang='lat' dir='ltr'>superpositis:</span> <span class='ocrx_word' id='word_1_122' title='bbox 1831 719 2014 763; x_wconf 88' lang='lat' dir='ltr'>septimum</span> 
     </span>
     <span class='ocr_line' id='line_1_12' title="bbox 345 771 2016 820; baseline 0.001 -13"><span class='ocrx_word' id='word_1_123' title='bbox 345 788 360 803; x_wconf 86' lang='lat'>»</span> <span class='ocrx_word' id='word_1_124' title='bbox 389 780 447 807; x_wconf 87' lang='lat' dir='ltr'>aut</span> <span class='ocrx_word' id='word_1_125' title='bbox 472 779 632 807; x_wconf 75' lang='lat' dir='ltr'>octamm</span> <span class='ocrx_word' id='word_1_126' title='bbox 655 773 829 807; x_wconf 89' lang='lat' dir='ltr'>saeculum</span> <span class='ocrx_word' id='word_1_127' title='bbox 856 772 1002 806; x_wconf 89' lang='lat' dir='ltr'>redolet.</span> <span class='ocrx_word' id='word_1_128' title='bbox 1030 773 1078 805; x_wconf 77' lang='lat' dir='ltr'>Ne</span> <span class='ocrx_word' id='word_1_129' title='bbox 1104 771 1217 805; x_wconf 73' lang='lat' dir='ltr'>avolet</span> <span class='ocrx_word' id='word_1_130' title='bbox 1244 771 1378 817; x_wconf 84' lang='lat' dir='ltr'>pagella</span> <span class='ocrx_word' id='word_1_131' title='bbox 1397 777 1431 804; x_wconf 86' lang='lat' dir='ltr'>et</span> <span class='ocrx_word' id='word_1_132' title='bbox 1452 772 1631 818; x_wconf 77' lang='lat' dir='ltr'>depereat,</span> <span class='ocrx_word' id='word_1_133' title='bbox 1652 780 1690 807; x_wconf 92' lang='lat' dir='ltr'>ut</span> <span class='ocrx_word' id='word_1_134' title='bbox 1714 775 1810 809; x_wconf 89' lang='lat' dir='ltr'>initio</span> <span class='ocrx_word' id='word_1_135' title='bbox 1835 786 1946 820; x_wconf 88' lang='lat' dir='ltr'>nuper</span> <span class='ocrx_word' id='word_1_136' title='bbox 1963 787 2016 809; x_wconf 87' lang='lat' dir='ltr'>re-</span> 
     </span>
     <span class='ocr_line' id='line_1_13' title="bbox 345 828 2017 877; baseline 0.003 -16"><span class='ocrx_word' id='word_1_137' title='bbox 345 844 360 861; x_wconf 87' lang='lat'>»</span> <span class='ocrx_word' id='word_1_138' title='bbox 389 830 449 864; x_wconf 89' lang='lat' dir='ltr'>lati</span> <span class='ocrx_word' id='word_1_139' title='bbox 471 830 597 864; x_wconf 89' lang='lat' dir='ltr'>codicis</span> <span class='ocrx_word' id='word_1_140' title='bbox 616 830 798 875; x_wconf 73' lang='lat' dir='ltr'>diligenter</span> <span class='ocrx_word' id='word_1_141' title='bbox 819 835 1028 868; x_wconf 83' lang='lat' dir='ltr'>assueretur,</span> <span class='ocrx_word' id='word_1_142' title='bbox 1050 829 1178 862; x_wconf 65' lang='lat' dir='ltr'>curavi.</span> <span class='ocrx_word' id='word_1_143' title='bbox 1201 828 1291 869; x_wconf 83' lang='lat' dir='ltr'>Quid</span> <span class='ocrx_word' id='word_1_144' title='bbox 1310 834 1425 862; x_wconf 87' lang='lat' dir='ltr'>autem</span> <span class='ocrx_word' id='word_1_145' title='bbox 1446 830 1635 868; x_wconf 88' lang='lat' dir='ltr'>contineat,</span> <span class='ocrx_word' id='word_1_146' title='bbox 1655 831 1781 876; x_wconf 86' lang='lat' dir='ltr'>accipe.</span> <span class='ocrx_word' id='word_1_147' title='bbox 1811 832 1915 877; x_wconf 88' lang='lat' dir='ltr'>(Heic</span> <span class='ocrx_word' id='word_1_148' title='bbox 1932 832 2017 866; x_wconf 82' lang='lat' dir='ltr'>Maf-</span> 
     </span>
     <span class='ocr_line' id='line_1_14' title="bbox 345 886 2018 933; baseline 0.002 -14"><span class='ocrx_word' id='word_1_149' title='bbox 345 902 361 919; x_wconf 90' lang='lat'>»</span> <span class='ocrx_word' id='word_1_150' title='bbox 392 887 498 921; x_wconf 88' lang='lat' dir='ltr'>faeius</span> <span class='ocrx_word' id='word_1_151' title='bbox 517 888 747 933; x_wconf 74' lang='lat' dir='ltr'>fragmentum</span> <span class='ocrx_word' id='word_1_152' title='bbox 766 886 944 924; x_wconf 82' lang='lat' dir='ltr'>exscribit,</span> <span class='ocrx_word' id='word_1_153' title='bbox 965 892 1038 920; x_wconf 90' lang='lat' dir='ltr'>tum</span> <span class='ocrx_word' id='word_1_154' title='bbox 1057 887 1169 931; x_wconf 84' lang='lat' dir='ltr'>pergit</span> <span class='ocrx_word' id='word_1_155' title='bbox 1193 886 1318 920; x_wconf 84' lang='lat' dir='ltr'>dicere.</span> <span class='ocrx_word' id='word_1_156' title='bbox 1335 886 1345 932; x_wconf 92' lang='lat'><em>)</em></span> <span class='ocrx_word' id='word_1_157' title='bbox 1373 886 1491 931; x_wconf 71' lang='lat' dir='ltr'>Cyrilli</span> <span class='ocrx_word' id='word_1_158' title='bbox 1510 887 1698 932; x_wconf 80' lang='lat' dir='ltr'>genuinum</span> <span class='ocrx_word' id='word_1_159' title='bbox 1717 899 1790 921; x_wconf 89' lang='lat' dir='ltr'>esse</span> <span class='ocrx_word' id='word_1_160' title='bbox 1807 888 1936 923; x_wconf 88' lang='lat' dir='ltr'>foetum</span> <span class='ocrx_word' id='word_1_161' title='bbox 1948 915 1956 928; x_wconf 97' lang='lat'>,</span> <span class='ocrx_word' id='word_1_162' title='bbox 1976 901 2018 923; x_wconf 77' lang='lat' dir='ltr'>ex</span> 
     </span>
     <span class='ocr_line' id='line_1_15' title="bbox 347 943 2019 991; baseline 0.002 -15"><span class='ocrx_word' id='word_1_163' title='bbox 347 960 361 976; x_wconf 83' lang='lat'>»</span> <span class='ocrx_word' id='word_1_164' title='bbox 391 947 507 991; x_wconf 80' lang='lat' dir='ltr'>paucis</span> <span class='ocrx_word' id='word_1_165' title='bbox 534 946 586 979; x_wconf 84' lang='lat' dir='ltr'>liis</span> <span class='ocrx_word' id='word_1_166' title='bbox 612 945 726 979; x_wconf 68' lang='lat' dir='ltr'>verbis</span> <span class='ocrx_word' id='word_1_167' title='bbox 751 945 880 990; x_wconf 88' lang='lat' dir='ltr'>optime</span> <span class='ocrx_word' id='word_1_168' title='bbox 903 944 1081 989; x_wconf 87' lang='lat' dir='ltr'>dignoscet</span> <span class='ocrx_word' id='word_1_169' title='bbox 1107 944 1316 989; x_wconf 84' lang='lat' dir='ltr'>quicumque</span> <span class='ocrx_word' id='word_1_170' title='bbox 1341 943 1434 978; x_wconf 92' lang='lat' dir='ltr'>illius</span> <span class='ocrx_word' id='word_1_171' title='bbox 1453 955 1560 990; x_wconf 87' lang='lat' dir='ltr'>opera</span> <span class='ocrx_word' id='word_1_172' title='bbox 1583 943 1770 989; x_wconf 86' lang='lat' dir='ltr'>aliquando</span> <span class='ocrx_word' id='word_1_173' title='bbox 1788 945 1935 979; x_wconf 87' lang='lat' dir='ltr'>triverit:</span> <span class='ocrx_word' id='word_1_174' title='bbox 1957 947 2019 981; x_wconf 90' lang='lat' dir='ltr'>de-</span> 
     </span>
     <span class='ocr_line' id='line_1_16' title="bbox 346 1001 2016 1049; baseline 0.001 -15"><span class='ocrx_word' id='word_1_175' title='bbox 346 1017 361 1035; x_wconf 86' lang='lat'>»</span> <span class='ocrx_word' id='word_1_176' title='bbox 391 1003 582 1049; x_wconf 83' lang='lat' dir='ltr'>prehendet</span> <span class='ocrx_word' id='word_1_177' title='bbox 600 1004 690 1037; x_wconf 89' lang='lat' dir='ltr'>enim</span> <span class='ocrx_word' id='word_1_178' title='bbox 710 1003 823 1036; x_wconf 90' lang='lat' dir='ltr'>statim</span> <span class='ocrx_word' id='word_1_179' title='bbox 843 1001 1024 1047; x_wconf 83' lang='lat' dir='ltr'>proprium</span> <span class='ocrx_word' id='word_1_180' title='bbox 1042 1001 1130 1035; x_wconf 85' lang='lat' dir='ltr'>illud</span> <span class='ocrx_word' id='word_1_181' title='bbox 1149 1001 1286 1035; x_wconf 91' lang='lat' dir='ltr'>dicendi</span> <span class='ocrx_word' id='word_1_182' title='bbox 1306 1013 1432 1047; x_wconf 85' lang='lat' dir='ltr'>genus,</span> <span class='ocrx_word' id='word_1_183' title='bbox 1459 1013 1497 1035; x_wconf 86' lang='lat' dir='ltr'>ac</span> <span class='ocrx_word' id='word_1_184' title='bbox 1515 1001 1621 1035; x_wconf 66' lang='lat' dir='ltr'>xeluti</span> <span class='ocrx_word' id='word_1_185' title='bbox 1641 1001 1824 1048; x_wconf 85' lang='lat' dir='ltr'>specialem</span> <span class='ocrx_word' id='word_1_186' title='bbox 1844 1002 2016 1048; x_wconf 85' lang='lat' dir='ltr'>linguam,</span> 
     </span>
     <span class='ocr_line' id='line_1_17' title="bbox 346 1051 2020 1106; baseline 0.001 -15"><span class='ocrx_word' id='word_1_187' title='bbox 346 1074 362 1091; x_wconf 87' lang='lat'>»</span> <span class='ocrx_word' id='word_1_188' title='bbox 391 1072 494 1106; x_wconf 88' lang='lat' dir='ltr'>quam</span> <span class='ocrx_word' id='word_1_189' title='bbox 522 1062 596 1094; x_wconf 84' lang='lat' dir='ltr'>iure</span> <span class='ocrx_word' id='word_1_190' title='bbox 621 1060 814 1103; x_wconf 86' lang='lat' dir='ltr'>meritoque</span> <span class='ocrx_word' id='word_1_191' title='bbox 841 1059 982 1093; x_wconf 85' lang='lat' dir='ltr'>Photius</span> <span class='ocrx_word' id='word_1_192' title='bbox 1009 1058 1110 1103; x_wconf 89' lang='lat' dir='ltr'>(cod.</span> <span class='ocrx_word' id='word_1_193' title='bbox 1138 1059 1196 1092; x_wconf 67' lang='lat'>49.</span> <span class='ocrx_word' id='word_1_194' title='bbox 1223 1070 1258 1104; x_wconf 94' lang='lat' dir='ltr'>p.</span> <span class='ocrx_word' id='word_1_195' title='bbox 1285 1059 1370 1104; x_wconf 87' lang='lat'>38.)</span> <span class='ocrx_word' id='word_1_196' title='bbox 1397 1058 1528 1103; x_wconf 67' lang='lat' dir='ltr'>Cyrillo</span> <span class='ocrx_word' id='word_1_197' title='bbox 1557 1057 1697 1092; x_wconf 88' lang='lat' dir='ltr'>tribuit:</span> <span class='ocrx_word' id='word_1_198' title='bbox 1725 1051 1846 1101; x_wconf 68' lang='grc' dir='ltr'><em>λόγος</em></span> <span class='ocrx_word' id='word_1_199' title='bbox 1871 1069 2020 1095; x_wconf 72' lang='grc' dir='ltr'>πεπονη-</span> 
     </span>
     <span class='ocr_line' id='line_1_18' title="bbox 347 1104 2017 1163; baseline -0.001 -14"><span class='ocrx_word' id='word_1_200' title='bbox 347 1127 362 1143; x_wconf 82' lang='lat'>»</span> <span class='ocrx_word' id='word_1_201' title='bbox 392 1109 524 1163; x_wconf 57' lang='lat' dir='ltr'>Aaii-use,</span> <span class='ocrx_word' id='word_1_202' title='bbox 551 1109 611 1148; x_wconf 74' lang='grc' dir='ltr'>καὶ</span> <span class='ocrx_word' id='word_1_203' title='bbox 643 1109 695 1153; x_wconf 78' lang='grc' dir='ltr'>εἷς</span> <span class='ocrx_word' id='word_1_204' title='bbox 724 1107 951 1162; x_wconf 70' lang='grc' dir='ltr'><em>ἰδιάζουσαν</em></span> <span class='ocrx_word' id='word_1_205' title='bbox 981 1106 1086 1148; x_wconf 67' lang='grc' dir='ltr'>ἶδεάν</span> <span class='ocrx_word' id='word_1_206' title='bbox 1115 1107 1434 1160; x_wconf 76' lang='grc' dir='ltr'><em>ἐκβεβιασμένος,</em></span> <span class='ocrx_word' id='word_1_207' title='bbox 1462 1107 1523 1147; x_wconf 74' lang='grc' dir='ltr'>καὶ</span> <span class='ocrx_word' id='word_1_208' title='bbox 1556 1104 1634 1148; x_wconf 70' lang='grc' dir='ltr'><em>οἷον</em></span> <span class='ocrx_word' id='word_1_209' title='bbox 1665 1108 1856 1161; x_wconf 70' lang='grc' dir='ltr'>λελυμένη</span> <span class='ocrx_word' id='word_1_210' title='bbox 1884 1108 1945 1149; x_wconf 76' lang='grc' dir='ltr'>καὶ</span> <span class='ocrx_word' id='word_1_211' title='bbox 1976 1108 2017 1148; x_wconf 74' lang='grc' dir='ltr'>τὸ</span> 
     </span>
     <span class='ocr_line' id='line_1_19' title="bbox 349 1166 2021 1220; baseline 0.001 -14"><span class='ocrx_word' id='word_1_212' title='bbox 349 1186 363 1203; x_wconf 70' lang='grc'>&gt;)</span> <span class='ocrx_word' id='word_1_213' title='bbox 393 1167 528 1220; x_wconf 76' lang='grc' dir='ltr'><em>μέτρον</em></span> <span class='ocrx_word' id='word_1_214' title='bbox 558 1166 787 1220; x_wconf 70' lang='grc' dir='ltr'>ὑωερορῶσα</span> <span class='ocrx_word' id='word_1_215' title='bbox 812 1169 988 1210; x_wconf 72' lang='grc' dir='ltr'>ωοίκσιςῖ</span> <span class='ocrx_word' id='word_1_216' title='bbox 1018 1172 1092 1206; x_wconf 83' lang='lat' dir='ltr'>eius</span> <span class='ocrx_word' id='word_1_217' title='bbox 1117 1173 1233 1206; x_wconf 78' lang='lat' dir='ltr'>oratio</span> <span class='ocrx_word' id='word_1_218' title='bbox 1263 1173 1470 1209; x_wconf 79' lang='lat' dir='ltr'>elaborata,</span> <span class='ocrx_word' id='word_1_219' title='bbox 1495 1181 1528 1206; x_wconf 75' lang='lat' dir='ltr'>et</span> <span class='ocrx_word' id='word_1_220' title='bbox 1555 1173 1591 1206; x_wconf 87' lang='lat' dir='ltr'>in</span> <span class='ocrx_word' id='word_1_221' title='bbox 1617 1172 1834 1219; x_wconf 81' lang='lat' dir='ltr'>peculiarem</span> <span class='ocrx_word' id='word_1_222' title='bbox 1856 1174 2021 1218; x_wconf 85' lang='lat' dir='ltr'>sormam</span> 
     </span>
     <span class='ocr_line' id='line_1_20' title="bbox 349 1229 2022 1276; baseline 0.001 -13"><span class='ocrx_word' id='word_1_223' title='bbox 349 1247 364 1263; x_wconf 80' lang='lat'>»</span> <span class='ocrx_word' id='word_1_224' title='bbox 393 1240 572 1267; x_wconf 78' lang='lat' dir='ltr'>contorta,</span> <span class='ocrx_word' id='word_1_225' title='bbox 599 1242 642 1263; x_wconf 82' lang='lat' dir='ltr'>ac</span> <span class='ocrx_word' id='word_1_226' title='bbox 668 1230 759 1263; x_wconf 69' lang='lat' dir='ltr'>velut</span> <span class='ocrx_word' id='word_1_227' title='bbox 786 1229 898 1263; x_wconf 79' lang='lat' dir='ltr'>libera</span> <span class='ocrx_word' id='word_1_228' title='bbox 925 1237 1102 1275; x_wconf 83' lang='lat' dir='ltr'>metroque</span> <span class='ocrx_word' id='word_1_229' title='bbox 1127 1231 1242 1263; x_wconf 81' lang='lat' dir='ltr'>soluta</span> <span class='ocrx_word' id='word_1_230' title='bbox 1264 1230 1394 1276; x_wconf 65' lang='lat' dir='ltr'>poesis.</span> <span class='ocrx_word' id='word_1_231' title='bbox 1424 1230 1566 1264; x_wconf 91' lang='lat' dir='ltr'>Phrases</span> <span class='ocrx_word' id='word_1_232' title='bbox 1590 1230 1687 1264; x_wconf 62' lang='lat' dir='ltr'>xides</span> <span class='ocrx_word' id='word_1_233' title='bbox 1713 1241 1731 1264; x_wconf 90' lang='lat' dir='ltr'>a</span> <span class='ocrx_word' id='word_1_234' title='bbox 1757 1231 1933 1264; x_wconf 88' lang='lat' dir='ltr'>communi</span> <span class='ocrx_word' id='word_1_235' title='bbox 1958 1242 2022 1264; x_wconf 93' lang='lat' dir='ltr'>usu</span> 
     </span>
     <span class='ocr_line' id='line_1_21' title="bbox 349 1287 2025 1335; baseline -0.001 -12"><span class='ocrx_word' id='word_1_236' title='bbox 349 1306 363 1322; x_wconf 76' lang='lat'>›·</span> <span class='ocrx_word' id='word_1_237' title='bbox 392 1289 558 1335; x_wconf 89' lang='lat' dir='ltr'>loquendi</span> <span class='ocrx_word' id='word_1_238' title='bbox 580 1294 746 1326; x_wconf 88' lang='lat' dir='ltr'>remotas,</span> <span class='ocrx_word' id='word_1_239' title='bbox 769 1294 802 1321; x_wconf 89' lang='lat' dir='ltr'>et</span> <span class='ocrx_word' id='word_1_240' title='bbox 822 1288 954 1333; x_wconf 83' lang='lat' dir='ltr'>poetica</span> <span class='ocrx_word' id='word_1_241' title='bbox 971 1287 1078 1321; x_wconf 62' lang='lat' dir='ltr'>verba</span> <span class='ocrx_word' id='word_1_242' title='bbox 1100 1299 1187 1332; x_wconf 86' lang='lat' dir='ltr'>quae</span> <span class='ocrx_word' id='word_1_243' title='bbox 1213 1288 1248 1321; x_wconf 91' lang='lat' dir='ltr'>in</span> <span class='ocrx_word' id='word_1_244' title='bbox 1271 1287 1346 1321; x_wconf 87' lang='lat' dir='ltr'>aliis</span> <span class='ocrx_word' id='word_1_245' title='bbox 1362 1287 1481 1332; x_wconf 69' lang='lat' dir='ltr'>Cyrilli</span> <span class='ocrx_word' id='word_1_246' title='bbox 1507 1287 1672 1333; x_wconf 91' lang='lat' dir='ltr'>operibus</span> <span class='ocrx_word' id='word_1_247' title='bbox 1689 1299 1760 1321; x_wconf 90' lang='lat' dir='ltr'>non</span> <span class='ocrx_word' id='word_1_248' title='bbox 1782 1299 1850 1322; x_wconf 89' lang='lat' dir='ltr'>una</span> <span class='ocrx_word' id='word_1_249' title='bbox 1875 1289 1948 1322; x_wconf 73' lang='lat' dir='ltr'>vice</span> <span class='ocrx_word' id='word_1_250' title='bbox 1969 1299 2025 1321; x_wconf 90' lang='lat' dir='ltr'>re-</span> 
     </span>
     <span class='ocr_line' id='line_1_22' title="bbox 350 1335 2024 1393; baseline 0 -15"><span class='ocrx_word' id='word_1_251' title='bbox 350 1362 364 1378; x_wconf 82' lang='lat'>»</span> <span class='ocrx_word' id='word_1_252' title='bbox 395 1348 525 1393; x_wconf 84' lang='lat' dir='ltr'>perias.</span> <span class='ocrx_word' id='word_1_253' title='bbox 551 1358 585 1379; x_wconf 58' lang='grc' dir='ltr'>γ.</span> <span class='ocrx_word' id='word_1_254' title='bbox 611 1357 663 1390; x_wconf 75' lang='lat' dir='ltr'>gr.</span> <span class='ocrx_word' id='word_1_255' title='bbox 695 1337 834 1377; x_wconf 71' lang='grc' dir='ltr'>εὐκλεᾶ</span> <span class='ocrx_word' id='word_1_256' title='bbox 857 1354 894 1377; x_wconf 77' lang='grc' dir='ltr'>τε</span> <span class='ocrx_word' id='word_1_257' title='bbox 921 1335 986 1377; x_wconf 69' lang='grc' dir='ltr'><em>καί</em></span> <span class='ocrx_word' id='word_1_258' title='bbox 1014 1336 1254 1391; x_wconf 72' lang='grc' dir='ltr'><em>ἆξιεὶγαστον</em></span> <span class='ocrx_word' id='word_1_259' title='bbox 1282 1336 1399 1390; x_wconf 73' lang='grc' dir='ltr'>χορὸν</span> <span class='ocrx_word' id='word_1_260' title='bbox 1425 1344 1516 1378; x_wconf 91' lang='lat' dir='ltr'>libro</span> <span class='ocrx_word' id='word_1_261' title='bbox 1546 1346 1693 1390; x_wconf 90' lang='lat' dir='ltr'>septimo</span> <span class='ocrx_word' id='word_1_262' title='bbox 1721 1346 1756 1379; x_wconf 93' lang='lat' dir='ltr'>in</span> <span class='ocrx_word' id='word_1_263' title='bbox 1787 1347 1938 1391; x_wconf 84' lang='lat' dir='ltr'>genesim</span> <span class='ocrx_word' id='word_1_264' title='bbox 1966 1346 2024 1391; x_wconf 90' lang='lat' dir='ltr'>(in</span> 
     </span>
     <span class='ocr_line' id='line_1_23' title="bbox 351 1401 2027 1450; baseline -0.001 -14"><span class='ocrx_word' id='word_1_265' title='bbox 351 1419 365 1436; x_wconf 63' lang='grc' dir='ltr'>υ</span> <span class='ocrx_word' id='word_1_266' title='bbox 395 1404 572 1450; x_wconf 64' lang='lat' dir='ltr'>glaphyris</span> <span class='ocrx_word' id='word_1_267' title='bbox 597 1403 652 1437; x_wconf 92' lang='lat' dir='ltr'>ed.</span> <span class='ocrx_word' id='word_1_268' title='bbox 675 1402 819 1436; x_wconf 85' lang='lat' dir='ltr'>Aubcrt.</span> <span class='ocrx_word' id='word_1_269' title='bbox 842 1414 877 1448; x_wconf 90' lang='lat' dir='ltr'>p.</span> <span class='ocrx_word' id='word_1_270' title='bbox 900 1402 1006 1447; x_wconf 78' lang='lat'>238.)</span> <span class='ocrx_word' id='word_1_271' title='bbox 1033 1403 1128 1448; x_wconf 88' lang='lat' dir='ltr'>Opus</span> <span class='ocrx_word' id='word_1_272' title='bbox 1154 1408 1270 1436; x_wconf 90' lang='lat' dir='ltr'>autem</span> <span class='ocrx_word' id='word_1_273' title='bbox 1293 1413 1365 1436; x_wconf 90' lang='lat' dir='ltr'>non</span> <span class='ocrx_word' id='word_1_274' title='bbox 1392 1402 1561 1435; x_wconf 89' lang='lat' dir='ltr'>ineditum</span> <span class='ocrx_word' id='word_1_275' title='bbox 1581 1402 1709 1441; x_wconf 88' lang='lat' dir='ltr'>modo,</span> <span class='ocrx_word' id='word_1_276' title='bbox 1733 1401 1792 1435; x_wconf 92' lang='lat' dir='ltr'>sed</span> <span class='ocrx_word' id='word_1_277' title='bbox 1814 1401 1857 1435; x_wconf 86' lang='lat' dir='ltr'>ab</span> <span class='ocrx_word' id='word_1_278' title='bbox 1882 1402 2027 1435; x_wconf 89' lang='lat' dir='ltr'>eruditis</span> 
     </span>
     <span class='ocr_line' id='line_1_24' title="bbox 351 1458 2025 1507; baseline -0.001 -14"><span class='ocrx_word' id='word_1_279' title='bbox 351 1477 366 1494; x_wconf 87' lang='lat'>»</span> <span class='ocrx_word' id='word_1_280' title='bbox 395 1463 602 1507; x_wconf 83' lang='lat' dir='ltr'>scriptorum</span> <span class='ocrx_word' id='word_1_281' title='bbox 622 1458 880 1494; x_wconf 88' lang='lat' dir='ltr'>enarratoribus</span> <span class='ocrx_word' id='word_1_282' title='bbox 903 1460 1181 1494; x_wconf 89' lang='lat' dir='ltr'>immemoratum</span> <span class='ocrx_word' id='word_1_283' title='bbox 1203 1465 1289 1505; x_wconf 88' lang='lat' dir='ltr'>puto</span> <span class='ocrx_word' id='word_1_284' title='bbox 1315 1459 1509 1504; x_wconf 89' lang='lat' dir='ltr'>(ineditum</span> <span class='ocrx_word' id='word_1_285' title='bbox 1529 1465 1620 1492; x_wconf 91' lang='lat' dir='ltr'>reete</span> <span class='ocrx_word' id='word_1_286' title='bbox 1641 1459 1724 1492; x_wconf 86' lang='lat' dir='ltr'>dicit</span> <span class='ocrx_word' id='word_1_287' title='bbox 1740 1458 1934 1496; x_wconf 78' lang='lat' dir='ltr'>Maffaeius,</span> <span class='ocrx_word' id='word_1_288' title='bbox 1954 1469 2025 1492; x_wconf 91' lang='lat' dir='ltr'>non</span> 
     </span>
     <span class='ocr_line' id='line_1_25' title="bbox 351 1515 2027 1563; baseline -0.001 -13"><span class='ocrx_word' id='word_1_289' title='bbox 351 1533 366 1550; x_wconf 80' lang='lat'>»</span> <span class='ocrx_word' id='word_1_290' title='bbox 395 1520 475 1552; x_wconf 90' lang='lat' dir='ltr'>item</span> <span class='ocrx_word' id='word_1_291' title='bbox 496 1517 591 1563; x_wconf 90' lang='lat' dir='ltr'>quod</span> <span class='ocrx_word' id='word_1_292' title='bbox 611 1517 713 1551; x_wconf 90' lang='lat' dir='ltr'>fuerit</span> <span class='ocrx_word' id='word_1_293' title='bbox 732 1518 1025 1551; x_wconf 89' lang='lat' dir='ltr'>immemoratum.</span> <span class='ocrx_word' id='word_1_294' title='bbox 1043 1516 1053 1561; x_wconf 85' lang='lat'>)</span> <span class='ocrx_word' id='word_1_295' title='bbox 1075 1516 1243 1561; x_wconf 62' lang='lat' dir='ltr'>Cyrillum</span> <span class='ocrx_word' id='word_1_296' title='bbox 1263 1516 1463 1561; x_wconf 90' lang='lat' dir='ltr'>ceteroquin</span> <span class='ocrx_word' id='word_1_297' title='bbox 1482 1516 1518 1548; x_wconf 90' lang='lat' dir='ltr'>in</span> <span class='ocrx_word' id='word_1_298' title='bbox 1539 1515 1690 1561; x_wconf 90' lang='lat' dir='ltr'>psalmos</span> <span class='ocrx_word' id='word_1_299' title='bbox 1710 1515 1904 1560; x_wconf 85' lang='lat' dir='ltr'>scripsisse,</span> <span class='ocrx_word' id='word_1_300' title='bbox 1924 1525 1944 1547; x_wconf 88' lang='lat' dir='ltr'>e</span> <span class='ocrx_word' id='word_1_301' title='bbox 1962 1526 2027 1548; x_wconf 92' lang='lat' dir='ltr'>nu-</span> 
     </span>
     <span class='ocr_line' id='line_1_26' title="bbox 352 1571 2029 1622; baseline -0.001 -15"><span class='ocrx_word' id='word_1_302' title='bbox 352 1592 366 1607; x_wconf 82' lang='lat'>»</span> <span class='ocrx_word' id='word_1_303' title='bbox 396 1588 457 1622; x_wconf 91' lang='lat' dir='ltr'>per</span> <span class='ocrx_word' id='word_1_304' title='bbox 483 1575 656 1622; x_wconf 87' lang='lat' dir='ltr'>descripto</span> <span class='ocrx_word' id='word_1_305' title='bbox 685 1574 803 1609; x_wconf 90' lang='lat' dir='ltr'>codiee</span> <span class='ocrx_word' id='word_1_306' title='bbox 830 1574 915 1619; x_wconf 91' lang='lat' dir='ltr'>(seu</span> <span class='ocrx_word' id='word_1_307' title='bbox 934 1574 1065 1619; x_wconf 85' lang='lat' dir='ltr'>folio),</span> <span class='ocrx_word' id='word_1_308' title='bbox 1086 1585 1128 1607; x_wconf 80' lang='lat' dir='ltr'>ex</span> <span class='ocrx_word' id='word_1_309' title='bbox 1154 1580 1271 1607; x_wconf 90' lang='lat' dir='ltr'>catena</span> <span class='ocrx_word' id='word_1_310' title='bbox 1297 1584 1315 1607; x_wconf 88' lang='lat' dir='ltr'>a</span> <span class='ocrx_word' id='word_1_311' title='bbox 1336 1573 1476 1606; x_wconf 88' lang='lat' dir='ltr'>Daniele</span> <span class='ocrx_word' id='word_1_312' title='bbox 1502 1571 1655 1614; x_wconf 84' lang='lat' dir='ltr'>Barbaro</span> <span class='ocrx_word' id='word_1_313' title='bbox 1680 1583 1799 1611; x_wconf 75' lang='lat' dir='ltr'>versa,</span> <span class='ocrx_word' id='word_1_314' title='bbox 1822 1578 1856 1606; x_wconf 92' lang='lat' dir='ltr'>et</span> <span class='ocrx_word' id='word_1_315' title='bbox 1881 1583 1921 1605; x_wconf 78' lang='lat' dir='ltr'>ex</span> <span class='ocrx_word' id='word_1_316' title='bbox 1949 1582 2029 1604; x_wconf 90' lang='lat' dir='ltr'>cor-</span> 
     </span>
     <span class='ocr_line' id='line_1_27' title="bbox 353 1628 2024 1679; baseline -0.003 -14"><span class='ocrx_word' id='word_1_317' title='bbox 353 1649 367 1665; x_wconf 86' lang='lat'>»</span> <span class='ocrx_word' id='word_1_318' title='bbox 397 1633 536 1667; x_wconf 88' lang='lat' dir='ltr'>deriana</span> <span class='ocrx_word' id='word_1_319' title='bbox 555 1633 754 1679; x_wconf 89' lang='lat' dir='ltr'>praesertim</span> <span class='ocrx_word' id='word_1_320' title='bbox 774 1637 923 1671; x_wconf 92' lang='lat' dir='ltr'>constat,</span> <span class='ocrx_word' id='word_1_321' title='bbox 943 1632 981 1665; x_wconf 91' lang='lat' dir='ltr'>in</span> <span class='ocrx_word' id='word_1_322' title='bbox 998 1642 1067 1676; x_wconf 86' lang='lat' dir='ltr'>qua</span> <span class='ocrx_word' id='word_1_323' title='bbox 1083 1630 1175 1665; x_wconf 86' lang='lat' dir='ltr'>ultra</span> <span class='ocrx_word' id='word_1_324' title='bbox 1194 1631 1320 1664; x_wconf 88' lang='lat' dir='ltr'>centies</span> <span class='ocrx_word' id='word_1_325' title='bbox 1337 1629 1515 1664; x_wconf 86' lang='lat' dir='ltr'>laudatur:</span> <span class='ocrx_word' id='word_1_326' title='bbox 1537 1630 1609 1663; x_wconf 90' lang='lat' dir='ltr'>eius</span> <span class='ocrx_word' id='word_1_327' title='bbox 1626 1635 1740 1663; x_wconf 89' lang='lat' dir='ltr'>autem</span> <span class='ocrx_word' id='word_1_328' title='bbox 1758 1628 1989 1673; x_wconf 82' lang='lat' dir='ltr'>expositiones</span> <span class='ocrx_word' id='word_1_329' title='bbox 2008 1639 2024 1660; x_wconf 90' lang='lat' dir='ltr'>a</span> 
     </span>
     <span class='ocr_line' id='line_1_28' title="bbox 354 1685 2026 1736; baseline -0.002 -15"><span class='ocrx_word' id='word_1_330' title='bbox 354 1706 368 1721; x_wconf 86' lang='lat'><strong>»</strong></span> <span class='ocrx_word' id='word_1_331' title='bbox 398 1690 535 1736; x_wconf 87' lang='lat' dir='ltr'>speciali</span> <span class='ocrx_word' id='word_1_332' title='bbox 554 1691 588 1723; x_wconf 92' lang='lat' dir='ltr'>in</span> <span class='ocrx_word' id='word_1_333' title='bbox 608 1689 760 1735; x_wconf 84' lang='lat' dir='ltr'>psalmos</span> <span class='ocrx_word' id='word_1_334' title='bbox 778 1694 924 1723; x_wconf 84' lang='lat' dir='ltr'>tractatu</span> <span class='ocrx_word' id='word_1_335' title='bbox 941 1688 1121 1734; x_wconf 87' lang='lat' dir='ltr'>decerptas</span> <span class='ocrx_word' id='word_1_336' title='bbox 1139 1699 1230 1727; x_wconf 92' lang='lat' dir='ltr'>esse,</span> <span class='ocrx_word' id='word_1_337' title='bbox 1251 1688 1384 1733; x_wconf 87' lang='lat' dir='ltr'>primus</span> <span class='ocrx_word' id='word_1_338' title='bbox 1403 1685 1514 1732; x_wconf 90' lang='lat' dir='ltr'>(apud</span> <span class='ocrx_word' id='word_1_339' title='bbox 1531 1685 1753 1730; x_wconf 78' lang='lat' dir='ltr'>Corderium)</span> <span class='ocrx_word' id='word_1_340' title='bbox 1772 1686 1884 1730; x_wconf 87' lang='lat' dir='ltr'>quarti</span> <span class='ocrx_word' id='word_1_341' title='bbox 1904 1685 2026 1730; x_wconf 88' lang='lat' dir='ltr'>psalmi</span> 
     </span>
     <span class='ocr_line' id='line_1_29' title="bbox 355 1742 2027 1794; baseline -0.003 -15"><span class='ocrx_word' id='word_1_342' title='bbox 355 1764 368 1779; x_wconf 77' lang='lat'><strong>»</strong></span> <span class='ocrx_word' id='word_1_343' title='bbox 398 1754 638 1794; x_wconf 82' lang='lat' dir='ltr'>argumentum</span> <span class='ocrx_word' id='word_1_344' title='bbox 669 1748 848 1781; x_wconf 92' lang='lat' dir='ltr'>continens</span> <span class='ocrx_word' id='word_1_345' title='bbox 879 1746 997 1785; x_wconf 89' lang='lat' dir='ltr'>locus,</span> <span class='ocrx_word' id='word_1_346' title='bbox 1022 1746 1102 1780; x_wconf 90' lang='lat' dir='ltr'>satis</span> <span class='ocrx_word' id='word_1_347' title='bbox 1131 1745 1261 1791; x_wconf 89' lang='lat' dir='ltr'>prodit.</span> <span class='ocrx_word' id='word_1_348' title='bbox 1292 1758 1308 1777; x_wconf 89' lang='lat'>»</span> <span class='ocrx_word' id='word_1_349' title='bbox 1337 1745 1386 1778; x_wconf 92' lang='lat' dir='ltr'>Ita</span> <span class='ocrx_word' id='word_1_350' title='bbox 1417 1743 1614 1781; x_wconf 85' lang='lat' dir='ltr'>Maffaeius‚</span> <span class='ocrx_word' id='word_1_351' title='bbox 1640 1743 1698 1788; x_wconf 89' lang='lat' dir='ltr'>qui</span> <span class='ocrx_word' id='word_1_352' title='bbox 1724 1743 1760 1776; x_wconf 92' lang='lat' dir='ltr'>in</span> <span class='ocrx_word' id='word_1_353' title='bbox 1790 1742 2027 1775; x_wconf 82' lang='lat' dir='ltr'>dissertatione</span> 
     </span>
     <span class='ocr_line' id='line_1_30' title="bbox 351 1800 2027 1849; baseline -0.004 -10"><span class='ocrx_word' id='word_1_354' title='bbox 351 1806 453 1839; x_wconf 86' lang='lat' dir='ltr'>etiam</span> <span class='ocrx_word' id='word_1_355' title='bbox 477 1805 625 1839; x_wconf 86' lang='lat' dir='ltr'>secunda</span> <span class='ocrx_word' id='word_1_356' title='bbox 651 1804 694 1838; x_wconf 91' lang='lat' dir='ltr'>de</span> <span class='ocrx_word' id='word_1_357' title='bbox 718 1804 917 1849; x_wconf 83' lang='lat' dir='ltr'>fragmentis</span> <span class='ocrx_word' id='word_1_358' title='bbox 934 1804 1066 1837; x_wconf 90' lang='lat' dir='ltr'>Irenaei</span> <span class='ocrx_word' id='word_1_359' title='bbox 1085 1802 1168 1836; x_wconf 87' lang='lat' dir='ltr'>edit.</span> <span class='ocrx_word' id='word_1_360' title='bbox 1189 1803 1309 1836; x_wconf 89' lang='lat' dir='ltr'>Venet.</span> <span class='ocrx_word' id='word_1_361' title='bbox 1330 1802 1366 1834; x_wconf 93' lang='lat' dir='ltr'>T.</span> <span class='ocrx_word' id='word_1_362' title='bbox 1390 1801 1431 1834; x_wconf 87' lang='grc' dir='ltr'>ΙΙ.</span> <span class='ocrx_word' id='word_1_363' title='bbox 1454 1812 1488 1846; x_wconf 87' lang='lat' dir='ltr'>p.</span> <span class='ocrx_word' id='word_1_364' title='bbox 1512 1802 1545 1833; x_wconf 60' lang='grc' dir='ltr'>Δἱ.</span> <span class='ocrx_word' id='word_1_365' title='bbox 1568 1801 1637 1833; x_wconf 90' lang='lat' dir='ltr'>iam</span> <span class='ocrx_word' id='word_1_366' title='bbox 1662 1800 1859 1845; x_wconf 86' lang='lat' dir='ltr'>scripserat:</span> <span class='ocrx_word' id='word_1_367' title='bbox 1887 1812 1903 1829; x_wconf 65' lang='grc' dir='ltr'>ι(</span> <span class='ocrx_word' id='word_1_368' title='bbox 1924 1809 2027 1832; x_wconf 94' lang='lat' dir='ltr'>nemo</span> 
     </span>
     <span class='ocr_line' id='line_1_31' title="bbox 355 1855 2029 1908; baseline -0.004 -14"><span class='ocrx_word' id='word_1_369' title='bbox 355 1877 371 1894; x_wconf 84' lang='lat'>»</span> <span class='ocrx_word' id='word_1_370' title='bbox 401 1863 485 1896; x_wconf 79' lang='lat' dir='ltr'>dixit</span> <span class='ocrx_word' id='word_1_371' title='bbox 512 1864 544 1896; x_wconf 81' lang='lat' dir='ltr'>S.</span> <span class='ocrx_word' id='word_1_372' title='bbox 566 1862 733 1908; x_wconf 70' lang='lat' dir='ltr'>Cyrillum</span> <span class='ocrx_word' id='word_1_373' title='bbox 759 1861 1021 1895; x_wconf 80' lang='lat' dir='ltr'>alexandrinum</span> <span class='ocrx_word' id='word_1_374' title='bbox 1039 1860 1075 1893; x_wconf 93' lang='lat' dir='ltr'>in</span> <span class='ocrx_word' id='word_1_375' title='bbox 1094 1859 1246 1905; x_wconf 85' lang='lat' dir='ltr'>psalmos</span> <span class='ocrx_word' id='word_1_376' title='bbox 1265 1858 1457 1904; x_wconf 87' lang='lat' dir='ltr'>scripsisse,</span> <span class='ocrx_word' id='word_1_377' title='bbox 1479 1863 1512 1891; x_wconf 87' lang='lat' dir='ltr'>et</span> <span class='ocrx_word' id='word_1_378' title='bbox 1532 1863 1646 1891; x_wconf 88' lang='lat' dir='ltr'>tamen</span> <span class='ocrx_word' id='word_1_379' title='bbox 1671 1855 1731 1890; x_wconf 84' lang='lat' dir='ltr'>abs</span> <span class='ocrx_word' id='word_1_380' title='bbox 1754 1855 1947 1901; x_wconf 84' lang='lat' dir='ltr'>fragmento</span> <span class='ocrx_word' id='word_1_381' title='bbox 1966 1856 2029 1889; x_wconf 85' lang='lat' dir='ltr'>ali-</span> 
     </span>
     <span class='ocr_line' id='line_1_32' title="bbox 357 1913 2029 1964; baseline -0.004 -10"><span class='ocrx_word' id='word_1_382' title='bbox 357 1936 371 1951; x_wconf 85' lang='lat'>»</span> <span class='ocrx_word' id='word_1_383' title='bbox 401 1921 496 1955; x_wconf 90' lang='lat' dir='ltr'>cuius</span> <span class='ocrx_word' id='word_1_384' title='bbox 525 1932 588 1953; x_wconf 91' lang='lat' dir='ltr'>ms.</span> <span class='ocrx_word' id='word_1_385' title='bbox 616 1919 779 1958; x_wconf 91' lang='lat' dir='ltr'>celebris,</span> <span class='ocrx_word' id='word_1_386' title='bbox 804 1930 875 1964; x_wconf 90' lang='lat' dir='ltr'>quo</span> <span class='ocrx_word' id='word_1_387' title='bbox 904 1919 1020 1964; x_wconf 91' lang='lat' dir='ltr'>potior</span> <span class='ocrx_word' id='word_1_388' title='bbox 1037 1943 1045 1955; x_wconf 87' lang='lat'>‚</span> <span class='ocrx_word' id='word_1_389' title='bbox 1071 1917 1246 1962; x_wconf 83' lang='lat' dir='ltr'>colligitur</span> <span class='ocrx_word' id='word_1_390' title='bbox 1270 1915 1305 1949; x_wconf 92' lang='lat' dir='ltr'>id</span> <span class='ocrx_word' id='word_1_391' title='bbox 1331 1915 1387 1948; x_wconf 80' lang='lat' dir='ltr'>vel</span> <span class='ocrx_word' id='word_1_392' title='bbox 1415 1915 1613 1948; x_wconf 87' lang='lat' dir='ltr'>certissime.</span> <span class='ocrx_word' id='word_1_393' title='bbox 1643 1928 1658 1945; x_wconf 85' lang='lat'>»</span> <span class='ocrx_word' id='word_1_394' title='bbox 1684 1915 1780 1947; x_wconf 88' lang='lat' dir='ltr'>Patet</span> <span class='ocrx_word' id='word_1_395' title='bbox 1805 1920 1918 1948; x_wconf 88' lang='lat' dir='ltr'>autem</span> <span class='ocrx_word' id='word_1_396' title='bbox 1944 1913 2029 1947; x_wconf 81' lang='lat' dir='ltr'>Maf-</span> 
     </span>
     <span class='ocr_line' id='line_1_33' title="bbox 353 1970 2030 2023; baseline -0.005 -11"><span class='ocrx_word' id='word_1_397' title='bbox 353 1978 479 2012; x_wconf 84' lang='lat' dir='ltr'>faeium</span> <span class='ocrx_word' id='word_1_398' title='bbox 497 1978 580 2011; x_wconf 94' lang='lat' dir='ltr'>dum</span> <span class='ocrx_word' id='word_1_399' title='bbox 599 1978 682 2011; x_wconf 90' lang='lat' dir='ltr'>haec</span> <span class='ocrx_word' id='word_1_400' title='bbox 705 1972 878 2023; x_wconf 85' lang='lat' dir='ltr'>postrema</span> <span class='ocrx_word' id='word_1_401' title='bbox 905 1974 1071 2010; x_wconf 88' lang='lat' dir='ltr'>scriberet</span> <span class='ocrx_word' id='word_1_402' title='bbox 1097 1985 1208 2020; x_wconf 90' lang='lat' dir='ltr'>neque</span> <span class='ocrx_word' id='word_1_403' title='bbox 1233 1980 1368 2007; x_wconf 85' lang='lat' dir='ltr'>catenas</span> <span class='ocrx_word' id='word_1_404' title='bbox 1394 1971 1507 2006; x_wconf 86' lang='lat' dir='ltr'>adhuc</span> <span class='ocrx_word' id='word_1_405' title='bbox 1526 1972 1755 2011; x_wconf 88' lang='lat' dir='ltr'>consuluisse,</span> <span class='ocrx_word' id='word_1_406' title='bbox 1779 1982 1892 2016; x_wconf 89' lang='lat' dir='ltr'>neque</span> <span class='ocrx_word' id='word_1_407' title='bbox 1910 1970 2030 2004; x_wconf 88' lang='lat' dir='ltr'>Fabri-</span> 
     </span>
     <span class='ocr_line' id='line_1_34' title="bbox 353 2029 2028 2080; baseline -0.005 -10"><span class='ocrx_word' id='word_1_408' title='bbox 353 2037 443 2070; x_wconf 84' lang='lat' dir='ltr'>cium</span> <span class='ocrx_word' id='word_1_409' title='bbox 469 2041 501 2069; x_wconf 90' lang='lat' dir='ltr'>et</span> <span class='ocrx_word' id='word_1_410' title='bbox 525 2035 712 2069; x_wconf 92' lang='lat' dir='ltr'>nonnullos</span> <span class='ocrx_word' id='word_1_411' title='bbox 731 2035 835 2073; x_wconf 92' lang='lat' dir='ltr'>alios,</span> <span class='ocrx_word' id='word_1_412' title='bbox 855 2034 914 2080; x_wconf 91' lang='lat' dir='ltr'>qui</span> <span class='ocrx_word' id='word_1_413' title='bbox 934 2032 1053 2079; x_wconf 65' lang='lat' dir='ltr'>Cyrilli</span> <span class='ocrx_word' id='word_1_414' title='bbox 1071 2031 1291 2078; x_wconf 89' lang='lat' dir='ltr'>deperditum</span> <span class='ocrx_word' id='word_1_415' title='bbox 1312 2032 1347 2064; x_wconf 93' lang='lat' dir='ltr'>in</span> <span class='ocrx_word' id='word_1_416' title='bbox 1373 2029 1525 2076; x_wconf 87' lang='lat' dir='ltr'>psalmos</span> <span class='ocrx_word' id='word_1_417' title='bbox 1546 2029 1834 2063; x_wconf 83' lang='lat' dir='ltr'>commentarium</span> <span class='ocrx_word' id='word_1_418' title='bbox 1858 2039 2028 2062; x_wconf 90' lang='lat' dir='ltr'>memora-</span> 
     </span>
     <span class='ocr_line' id='line_1_35' title="bbox 353 2084 2027 2135; baseline -0.002 -10"><span class='ocrx_word' id='word_1_419' title='bbox 353 2099 485 2127; x_wconf 74' lang='lat' dir='ltr'>verant.</span> <span class='ocrx_word' id='word_1_420' title='bbox 514 2093 685 2126; x_wconf 86' lang='lat' dir='ltr'>Hactenus</span> <span class='ocrx_word' id='word_1_421' title='bbox 708 2090 753 2125; x_wconf 88' lang='lat' dir='ltr'>de</span> <span class='ocrx_word' id='word_1_422' title='bbox 778 2091 945 2125; x_wconf 88' lang='lat' dir='ltr'>litterario</span> <span class='ocrx_word' id='word_1_423' title='bbox 967 2101 1046 2124; x_wconf 91' lang='lat' dir='ltr'>meo</span> <span class='ocrx_word' id='word_1_424' title='bbox 1066 2088 1158 2135; x_wconf 87' lang='lat' dir='ltr'>apud</span> <span class='ocrx_word' id='word_1_425' title='bbox 1175 2089 1348 2122; x_wconf 86' lang='lat' dir='ltr'>Veronam</span> <span class='ocrx_word' id='word_1_426' title='bbox 1369 2098 1461 2120; x_wconf 91' lang='lat' dir='ltr'>casu.</span> <span class='ocrx_word' id='word_1_427' title='bbox 1491 2087 1609 2119; x_wconf 86' lang='lat' dir='ltr'>Statim</span> <span class='ocrx_word' id='word_1_428' title='bbox 1633 2097 1717 2131; x_wconf 83' lang='lat' dir='ltr'>ergo</span> <span class='ocrx_word' id='word_1_429' title='bbox 1734 2087 1879 2120; x_wconf 86' lang='lat' dir='ltr'>Romam</span> <span class='ocrx_word' id='word_1_430' title='bbox 1901 2084 2027 2121; x_wconf 67' lang='lat' dir='ltr'>redux,</span> 
     </span>
     <span class='ocr_line' id='line_1_36' title="bbox 354 2141 2028 2196; baseline -0.006 -12"><span class='ocrx_word' id='word_1_431' title='bbox 354 2152 506 2196; x_wconf 88' lang='lat' dir='ltr'>primum</span> <span class='ocrx_word' id='word_1_432' title='bbox 529 2150 696 2195; x_wconf 62' lang='lat' dir='ltr'>cyrilliani</span> <span class='ocrx_word' id='word_1_433' title='bbox 722 2150 758 2182; x_wconf 91' lang='lat' dir='ltr'>in</span> <span class='ocrx_word' id='word_1_434' title='bbox 784 2148 935 2195; x_wconf 88' lang='lat' dir='ltr'>psalmos</span> <span class='ocrx_word' id='word_1_435' title='bbox 962 2148 1078 2193; x_wconf 90' lang='lat' dir='ltr'>operis</span> <span class='ocrx_word' id='word_1_436' title='bbox 1103 2145 1226 2180; x_wconf 87' lang='lat' dir='ltr'>folium</span> <span class='ocrx_word' id='word_1_437' title='bbox 1254 2146 1301 2178; x_wconf 87' lang='lat' dir='ltr'>ita</span> <span class='ocrx_word' id='word_1_438' title='bbox 1326 2143 1449 2183; x_wconf 88' lang='lat' dir='ltr'>refeci,</span> <span class='ocrx_word' id='word_1_439' title='bbox 1472 2149 1509 2177; x_wconf 92' lang='lat' dir='ltr'>ut</span> <span class='ocrx_word' id='word_1_440' title='bbox 1533 2155 1761 2178; x_wconf 73' lang='lat' dir='ltr'>veronensem</span> <span class='ocrx_word' id='word_1_441' title='bbox 1785 2141 1972 2189; x_wconf 86' lang='lat' dir='ltr'>prologum</span> <span class='ocrx_word' id='word_1_442' title='bbox 1995 2142 2028 2174; x_wconf 90' lang='lat' dir='ltr'>in</span> 
     </span>
     <span class='ocr_line' id='line_1_37' title="bbox 355 2198 2031 2254; baseline -0.007 -11"><span class='ocrx_word' id='word_1_443' title='bbox 355 2209 480 2254; x_wconf 84' lang='lat' dir='ltr'>capite,</span> <span class='ocrx_word' id='word_1_444' title='bbox 503 2215 606 2253; x_wconf 92' lang='lat' dir='ltr'>prout</span> <span class='ocrx_word' id='word_1_445' title='bbox 622 2209 674 2242; x_wconf 91' lang='lat' dir='ltr'>ius</span> <span class='ocrx_word' id='word_1_446' title='bbox 700 2208 818 2253; x_wconf 90' lang='lat' dir='ltr'>fasque</span> <span class='ocrx_word' id='word_1_447' title='bbox 836 2212 928 2245; x_wconf 90' lang='lat' dir='ltr'>erat,</span> <span class='ocrx_word' id='word_1_448' title='bbox 949 2205 1169 2240; x_wconf 87' lang='lat' dir='ltr'>collocarem.</span> <span class='ocrx_word' id='word_1_449' title='bbox 1197 2203 1310 2248; x_wconf 88' lang='lat' dir='ltr'>Atque</span> <span class='ocrx_word' id='word_1_450' title='bbox 1329 2202 1386 2235; x_wconf 89' lang='lat' dir='ltr'>hic</span> <span class='ocrx_word' id='word_1_451' title='bbox 1407 2201 1470 2234; x_wconf 88' lang='lat' dir='ltr'>fuit</span> <span class='ocrx_word' id='word_1_452' title='bbox 1493 2201 1604 2235; x_wconf 67' lang='lat' dir='ltr'>veneti</span> <span class='ocrx_word' id='word_1_453' title='bbox 1623 2207 1657 2234; x_wconf 84' lang='lat' dir='ltr'>et</span> <span class='ocrx_word' id='word_1_454' title='bbox 1676 2199 1877 2234; x_wconf 82' lang='lat' dir='ltr'>veronensis</span> <span class='ocrx_word' id='word_1_455' title='bbox 1899 2198 2031 2232; x_wconf 82' lang='lat' dir='ltr'>itineris</span> 
     </span>
     <span class='ocr_line' id='line_1_38' title="bbox 355 2255 2031 2311; baseline -0.007 -11"><span class='ocrx_word' id='word_1_456' title='bbox 355 2265 498 2300; x_wconf 82' lang='lat' dir='ltr'>fructus.</span> <span class='ocrx_word' id='word_1_457' title='bbox 528 2265 592 2299; x_wconf 89' lang='lat' dir='ltr'>Sed</span> <span class='ocrx_word' id='word_1_458' title='bbox 618 2277 729 2311; x_wconf 89' lang='lat' dir='ltr'>neque</span> <span class='ocrx_word' id='word_1_459' title='bbox 754 2265 880 2299; x_wconf 89' lang='lat' dir='ltr'>frustra</span> <span class='ocrx_word' id='word_1_460' title='bbox 906 2262 1141 2298; x_wconf 89' lang='lat' dir='ltr'>Mediolanum</span> <span class='ocrx_word' id='word_1_461' title='bbox 1166 2272 1204 2295; x_wconf 84' lang='lat' dir='ltr'>ac</span> <span class='ocrx_word' id='word_1_462' title='bbox 1227 2260 1440 2294; x_wconf 86' lang='lat' dir='ltr'>Florentiam</span> <span class='ocrx_word' id='word_1_463' title='bbox 1467 2259 1554 2292; x_wconf 91' lang='lat' dir='ltr'>adii:</span> <span class='ocrx_word' id='word_1_464' title='bbox 1577 2259 1704 2293; x_wconf 89' lang='lat' dir='ltr'>etenim</span> <span class='ocrx_word' id='word_1_465' title='bbox 1728 2257 1842 2295; x_wconf 89' lang='lat' dir='ltr'>illinc,</span> <span class='ocrx_word' id='word_1_466' title='bbox 1865 2256 1891 2288; x_wconf 88' lang='lat' dir='ltr'>si</span> <span class='ocrx_word' id='word_1_467' title='bbox 1917 2255 2031 2289; x_wconf 85' lang='lat' dir='ltr'>minus</span> 
     </span>
     <span class='ocr_line' id='line_1_39' title="bbox 355 2313 2031 2369; baseline -0.008 -12"><span class='ocrx_word' id='word_1_468' title='bbox 355 2335 459 2357; x_wconf 89' lang='lat' dir='ltr'>manu</span> <span class='ocrx_word' id='word_1_469' title='bbox 486 2324 644 2369; x_wconf 89' lang='lat' dir='ltr'>propria,</span> <span class='ocrx_word' id='word_1_470' title='bbox 668 2328 811 2368; x_wconf 81' lang='lat' dir='ltr'>propter</span> <span class='ocrx_word' id='word_1_471' title='bbox 830 2322 996 2367; x_wconf 89' lang='lat' dir='ltr'>temporis</span> <span class='ocrx_word' id='word_1_472' title='bbox 1022 2319 1359 2357; x_wconf 84' lang='lat' dir='ltr'>incommoditatem,</span> <span class='ocrx_word' id='word_1_473' title='bbox 1382 2317 1499 2352; x_wconf 72' lang='lat' dir='ltr'>favore</span> <span class='ocrx_word' id='word_1_474' title='bbox 1525 2314 1818 2357; x_wconf 68' lang='lat' dir='ltr'>certehominum</span> <span class='ocrx_word' id='word_1_475' title='bbox 1842 2313 2031 2346; x_wconf 90' lang='lat' dir='ltr'>amicorum</span> 
     </span>
     <span class='ocr_line' id='line_1_40' title="bbox 357 2368 2029 2427; baseline -0.008 -11"><span class='ocrx_word' id='word_1_476' title='bbox 357 2393 463 2416; x_wconf 66' lang='lat' dir='ltr'>noxas</span> <span class='ocrx_word' id='word_1_477' title='bbox 489 2381 607 2427; x_wconf 85' lang='lat' dir='ltr'>Cyrilli</span> <span class='ocrx_word' id='word_1_478' title='bbox 632 2381 841 2414; x_wconf 85' lang='lat' dir='ltr'>accessiones</span> <span class='ocrx_word' id='word_1_479' title='bbox 871 2386 991 2413; x_wconf 89' lang='lat' dir='ltr'>nactus</span> <span class='ocrx_word' id='word_1_480' title='bbox 1022 2390 1111 2413; x_wconf 93' lang='lat' dir='ltr'>sum.</span> <span class='ocrx_word' id='word_1_481' title='bbox 1140 2378 1257 2412; x_wconf 89' lang='lat' dir='ltr'>Cetera</span> <span class='ocrx_word' id='word_1_482' title='bbox 1283 2387 1371 2422; x_wconf 91' lang='lat' dir='ltr'>quae</span> <span class='ocrx_word' id='word_1_483' title='bbox 1401 2374 1599 2421; x_wconf 85' lang='lat' dir='ltr'>appendicis</span> <span class='ocrx_word' id='word_1_484' title='bbox 1631 2372 1708 2406; x_wconf 88' lang='lat' dir='ltr'>loco</span> <span class='ocrx_word' id='word_1_485' title='bbox 1733 2371 1897 2405; x_wconf 83' lang='lat' dir='ltr'>volumen</span> <span class='ocrx_word' id='word_1_486' title='bbox 1928 2368 2029 2404; x_wconf 65' lang='lat' dir='ltr'>habet</span> 
     </span>
     <span class='ocr_line' id='line_1_41' title="bbox 359 2425 2025 2485; baseline -0.008 -12"><span class='ocrx_word' id='word_1_487' title='bbox 359 2439 564 2485; x_wconf 77' lang='lat' dir='ltr'>fragmenta.</span> <span class='ocrx_word' id='word_1_488' title='bbox 585 2440 656 2473; x_wconf 73' lang='lat' dir='ltr'>sive</span> <span class='ocrx_word' id='word_1_489' title='bbox 674 2438 792 2484; x_wconf 73' lang='lat' dir='ltr'>Cyrilli</span> <span class='ocrx_word' id='word_1_490' title='bbox 811 2438 936 2483; x_wconf 92' lang='lat' dir='ltr'>ipsius,</span> <span class='ocrx_word' id='word_1_491' title='bbox 959 2438 1030 2471; x_wconf 74' lang='lat' dir='ltr'>sive</span> <span class='ocrx_word' id='word_1_492' title='bbox 1049 2436 1196 2474; x_wconf 85' lang='lat' dir='ltr'>Irenaei,</span> <span class='ocrx_word' id='word_1_493' title='bbox 1217 2434 1348 2473; x_wconf 88' lang='lat' dir='ltr'>Basilii,</span> <span class='ocrx_word' id='word_1_494' title='bbox 1368 2432 1568 2478; x_wconf 88' lang='lat' dir='ltr'>Theophili,</span> <span class='ocrx_word' id='word_1_495' title='bbox 1587 2429 1759 2464; x_wconf 82' lang='lat' dir='ltr'>Theodori</span> <span class='ocrx_word' id='word_1_496' title='bbox 1778 2425 2025 2474; x_wconf 84' lang='lat' dir='ltr'>mopsuesteni.</span> 
     </span>
     <span class='ocr_line' id='line_1_42' title="bbox 362 2489 1623 2541; baseline -0.008 -11"><span class='ocrx_word' id='word_1_497' title='bbox 362 2508 399 2530; x_wconf 88' lang='lat' dir='ltr'>ac.</span> <span class='ocrx_word' id='word_1_498' title='bbox 424 2497 578 2541; x_wconf 64' lang='lat' dir='ltr'>Didymi,</span> <span class='ocrx_word' id='word_1_499' title='bbox 600 2507 639 2531; x_wconf 89' lang='lat' dir='ltr'>ea</span> <span class='ocrx_word' id='word_1_500' title='bbox 665 2494 895 2541; x_wconf 88' lang='lat' dir='ltr'>singularibus</span> <span class='ocrx_word' id='word_1_501' title='bbox 921 2494 1062 2528; x_wconf 85' lang='lat' dir='ltr'>monitis</span> <span class='ocrx_word' id='word_1_502' title='bbox 1086 2505 1105 2527; x_wconf 90' lang='lat' dir='ltr'>a</span> <span class='ocrx_word' id='word_1_503' title='bbox 1126 2504 1181 2526; x_wconf 89' lang='lat' dir='ltr'>me</span> <span class='ocrx_word' id='word_1_504' title='bbox 1208 2490 1447 2526; x_wconf 89' lang='lat' dir='ltr'>commendata</span> <span class='ocrx_word' id='word_1_505' title='bbox 1472 2489 1623 2523; x_wconf 90' lang='lat' dir='ltr'>fuerunt.</span> 
     </span>
     <span class='ocr_line' id='line_1_43' title="bbox 126 2538 2026 2609; baseline -0.006 -22"><span class='ocrx_word' id='word_1_506' title='bbox 126 2560 328 2609; x_wconf 42' lang='lat' dir='ltr'>rtivffinffsggissci-</span> <span class='ocrx_word' id='word_1_507' title='bbox 459 2554 492 2587; x_wconf 84' lang='lat'>8.</span> <span class='ocrx_word' id='word_1_508' title='bbox 520 2555 617 2588; x_wconf 74' lang='lat' dir='ltr'>Nunc</span> <span class='ocrx_word' id='word_1_509' title='bbox 642 2554 723 2599; x_wconf 87' lang='lat' dir='ltr'>quia</span> <span class='ocrx_word' id='word_1_510' title='bbox 746 2553 781 2586; x_wconf 92' lang='lat' dir='ltr'>in</span> <span class='ocrx_word' id='word_1_511' title='bbox 806 2553 991 2598; x_wconf 88' lang='lat' dir='ltr'>specimine</span> <span class='ocrx_word' id='word_1_512' title='bbox 1017 2562 1099 2586; x_wconf 92' lang='lat' dir='ltr'>cuso</span> <span class='ocrx_word' id='word_1_513' title='bbox 1120 2548 1259 2584; x_wconf 88' lang='lat' dir='ltr'>titulum</span> <span class='ocrx_word' id='word_1_514' title='bbox 1285 2547 1454 2594; x_wconf 71' lang='lat' dir='ltr'>cyrilliani</span> <span class='ocrx_word' id='word_1_515' title='bbox 1476 2544 1652 2580; x_wconf 84' lang='lat' dir='ltr'>cuiusdam</span> <span class='ocrx_word' id='word_1_516' title='bbox 1670 2543 1767 2578; x_wconf 77' lang='lat' dir='ltr'>lexici</span> <span class='ocrx_word' id='word_1_517' title='bbox 1790 2538 2026 2588; x_wconf 73' lang='lat' dir='ltr'>exposuimus,</span> 
     </span>
     <span class='ocr_line' id='line_1_44' title="bbox 280 2595 2027 2657; baseline -0.007 -12"><span class='ocrx_word' id='word_1_518' title='bbox 280 2604 283 2607; x_wconf 46' lang='lat'>¹</span> <span class='ocrx_word' id='word_1_519' title='bbox 361 2616 516 2657; x_wconf 87' lang='lat' dir='ltr'>superest</span> <span class='ocrx_word' id='word_1_520' title='bbox 540 2618 578 2644; x_wconf 88' lang='lat' dir='ltr'>ut</span> <span class='ocrx_word' id='word_1_521' title='bbox 608 2611 651 2644; x_wconf 91' lang='lat' dir='ltr'>de</span> <span class='ocrx_word' id='word_1_522' title='bbox 682 2622 723 2645; x_wconf 94' lang='lat' dir='ltr'>eo</span> <span class='ocrx_word' id='word_1_523' title='bbox 750 2611 907 2644; x_wconf 61' lang='lat' dir='ltr'>vaticano</span> <span class='ocrx_word' id='word_1_524' title='bbox 935 2609 1075 2647; x_wconf 91' lang='lat' dir='ltr'>codice,</span> <span class='ocrx_word' id='word_1_525' title='bbox 1103 2608 1182 2642; x_wconf 88' lang='lat' dir='ltr'>satis</span> <span class='ocrx_word' id='word_1_526' title='bbox 1212 2607 1326 2652; x_wconf 89' lang='lat' dir='ltr'>prisco</span> <span class='ocrx_word' id='word_1_527' title='bbox 1353 2617 1391 2639; x_wconf 87' lang='lat' dir='ltr'>ae</span> <span class='ocrx_word' id='word_1_528' title='bbox 1421 2602 1553 2641; x_wconf 84' lang='lat' dir='ltr'>nobili,</span> <span class='ocrx_word' id='word_1_529' title='bbox 1582 2612 1688 2648; x_wconf 89' lang='lat' dir='ltr'>pauca</span> <span class='ocrx_word' id='word_1_530' title='bbox 1717 2599 1822 2635; x_wconf 83' lang='lat' dir='ltr'>verba</span> <span class='ocrx_word' id='word_1_531' title='bbox 1852 2595 2027 2630; x_wconf 73' lang='lat' dir='ltr'>faciamus·</span> 
     </span>
     <span class='ocr_line' id='line_1_45' title="bbox 361 2653 2030 2714; baseline -0.011 -11"><span class='ocrx_word' id='word_1_532' title='bbox 361 2669 576 2714; x_wconf 84' lang='lat' dir='ltr'>Quamquam</span> <span class='ocrx_word' id='word_1_533' title='bbox 599 2670 701 2714; x_wconf 76' lang='lat' dir='ltr'>igitur</span> <span class='ocrx_word' id='word_1_534' title='bbox 726 2667 856 2714; x_wconf 79' lang='lat' dir='ltr'>Cyrillo</span> <span class='ocrx_word' id='word_1_535' title='bbox 881 2667 1107 2701; x_wconf 81' lang='lat' dir='ltr'>Alexandriae</span> <span class='ocrx_word' id='word_1_536' title='bbox 1132 2665 1392 2712; x_wconf 90' lang='lat' dir='ltr'>archiepiscopo</span> <span class='ocrx_word' id='word_1_537' title='bbox 1419 2662 1453 2695; x_wconf 90' lang='lat' dir='ltr'>id</span> <span class='ocrx_word' id='word_1_538' title='bbox 1479 2660 1684 2707; x_wconf 79' lang='lat' dir='ltr'>glossarium</span> <span class='ocrx_word' id='word_1_539' title='bbox 1707 2653 1922 2692; x_wconf 87' lang='lat' dir='ltr'>inscribitur,</span> <span class='ocrx_word' id='word_1_540' title='bbox 1946 2657 2030 2685; x_wconf 83' lang='lat' dir='ltr'>atta-</span> 
     </span>
    </p>
   </div>
   <div class='ocr_carea' id='block_1_3' title="bbox 364 2735 2028 2833">
    <p class='ocr_par' dir='ltr' id='par_1_3' title="bbox 364 2735 2028 2833">
     <span class='ocr_line' id='line_1_46' title="bbox 446 2735 2028 2788; baseline -0.012 -9"><span class='ocrx_word' id='word_1_541' title='bbox 446 2756 476 2785; x_wconf 80' lang='lat'>[1¹</span> <span class='ocrx_word' id='word_1_542' title='bbox 498 2752 579 2779; x_wconf 67' lang='lat' dir='ltr'>Vides</span> <span class='ocrx_word' id='word_1_543' title='bbox 598 2753 626 2779; x_wconf 92' lang='lat' dir='ltr'>in</span> <span class='ocrx_word' id='word_1_544' title='bbox 645 2753 737 2779; x_wconf 85' lang='lat' dir='ltr'>tabula</span> <span class='ocrx_word' id='word_1_545' title='bbox 754 2754 856 2788; x_wconf 67' lang='grc' dir='ltr'>δυήμαι</span> <span class='ocrx_word' id='word_1_546' title='bbox 873 2759 921 2787; x_wconf 88' lang='lat' dir='ltr'>pro</span> <span class='ocrx_word' id='word_1_547' title='bbox 937 2753 1053 2786; x_wconf 57' lang='grc' dir='ltr'>δύναμαι.</span> <span class='ocrx_word' id='word_1_548' title='bbox 1074 2750 1106 2777; x_wconf 90' lang='lat' dir='ltr'>Id</span> <span class='ocrx_word' id='word_1_549' title='bbox 1121 2749 1254 2785; x_wconf 84' lang='lat' dir='ltr'>pertinere</span> <span class='ocrx_word' id='word_1_550' title='bbox 1273 2747 1380 2774; x_wconf 81' lang='lat' dir='ltr'>videtur</span> <span class='ocrx_word' id='word_1_551' title='bbox 1398 2745 1433 2773; x_wconf 82' lang='lat' dir='ltr'>ad</span> <span class='ocrx_word' id='word_1_552' title='bbox 1452 2745 1600 2772; x_wconf 80' lang='lat' dir='ltr'>dialectum</span> <span class='ocrx_word' id='word_1_553' title='bbox 1616 2740 1835 2771; x_wconf 81' lang='lat' dir='ltr'>alexandrinam,</span> <span class='ocrx_word' id='word_1_554' title='bbox 1851 2735 1980 2772; x_wconf 78' lang='lat' dir='ltr'>quoniam</span> <span class='ocrx_word' id='word_1_555' title='bbox 2001 2735 2028 2760; x_wconf 88' lang='lat' dir='ltr'>in</span> 
     </span>
     <span class='ocr_line' id='line_1_47' title="bbox 364 2790 1616 2833; baseline -0.008 -8"><span class='ocrx_word' id='word_1_556' title='bbox 364 2797 455 2825; x_wconf 75' lang='lat' dir='ltr'>codiee</span> <span class='ocrx_word' id='word_1_557' title='bbox 475 2805 582 2833; x_wconf 85' lang='lat' dir='ltr'>quoque</span> <span class='ocrx_word' id='word_1_558' title='bbox 603 2796 702 2824; x_wconf 80' lang='lat' dir='ltr'>celebri</span> <span class='ocrx_word' id='word_1_559' title='bbox 719 2797 871 2826; x_wconf 88' lang='lat' dir='ltr'>Bibliorum</span> <span class='ocrx_word' id='word_1_560' title='bbox 891 2797 970 2825; x_wconf 72' lang='lat' dir='ltr'>vatic.</span> <span class='ocrx_word' id='word_1_561' title='bbox 991 2796 1089 2825; x_wconf 78' lang='lat' dir='ltr'>Manli.</span> <span class='ocrx_word' id='word_1_562' title='bbox 1103 2794 1206 2823; x_wconf 71' lang='lat' dir='ltr'>xxvt.</span> <span class='ocrx_word' id='word_1_563' title='bbox 1220 2796 1263 2821; x_wconf 82' lang='lat'>53.</span> <span class='ocrx_word' id='word_1_564' title='bbox 1280 2792 1379 2828; x_wconf 82' lang='lat' dir='ltr'>tegitur</span> <span class='ocrx_word' id='word_1_565' title='bbox 1398 2798 1482 2825; x_wconf 85' lang='lat' dir='ltr'>aeque</span> <span class='ocrx_word' id='word_1_566' title='bbox 1503 2790 1616 2825; x_wconf 62' lang='grc' dir='ltr'><strong><em>ἕν’·ιομαι.</em></strong></span> 
     </span>
    </p>
   </div>
  </div>
 </body>
</html>
