2205 3177
383 152 449 184 259.
888 160 915 181 s.
944 160 1069 182 61111111
1097 160 1316 181 etiamsolum
1344 158 1548 181 rxPLANArio

1020 256 1248 293 PSALMUS
1276 256 1413 293 tixxt.

217 382 223 384 ὴ
289 361 296 373 ,
328 359 342 374 r
961 345 1057 372 nous,
1074 346 1224 368 {nuncium
1243 348 1330 368 tuum
1348 346 1415 374 regi
1433 345 1483 367 «la.

158 384 336 433 wp‘iimsif'il'v
478 395 584 436 Quale
611 393 773 427 iudicium
799 395 983 438 acceperit,
1009 395 1123 439 paucis
1149 395 1230 428 dicit
1258 394 1375 428 beatus
1401 393 1524 427 Paulus
1546 394 1576 431 ².
1603 404 1725 438 nempe
1751 392 1844 438 quod
1871 393 1941 426 Deo
1969 392 2053 438 patri

384 453 547 498 placuerit
576 456 695 484 cuncta
723 451 755 482 111
782 450 915 483 Christo
945 452 1144 485 instaurare.

759 515 938 542 Suscipiunt
956 518 1074 539 montes
1091 522 1195 543 piu-em
1213 515 1341 543 populo,
1357 518 1386 538 et
1404 515 1498 538 colles
1514 516 1681 538 iustitiam.

478 568 608 599 Montes
632 571 662 597 et
690 564 794 597 colles
821 565 894 598 heic
920 565 999 599 dicit
1027 566 1195 609 angelicas
1223 571 1420 610 potestates,
1445 576 1532 610 quae
1552 564 1635 597 olim
1655 563 1795 608 quidem
1822 569 1964 608 propter
1990 563 2056 596 late
2080 592 2082 595 .

383 629 588 668 grassantem
617 622 845 666 iniquitatem.
868 623 901 655 in
928 629 1016 656 terra
1044 634 1112 655 non
1140 621 1382 659 versabantum
1406 633 1495 654 nunc
1522 628 1636 655 autem
1663 632 1781 666 pacem
1801 632 1878 653 cum
1897 619 2057 653 omnibus

385 679 581 714 hominibus
608 678 734 712 habere
760 680 866 712 iussae
893 685 984 712 sunt.

962 744 1069 766 Sal-oe
1087 744 1181 766 faciet
1198 743 1278 766 ssllos
1296 749 1480 770 pauperum.

479 795 625 835 Quinam
644 793 709 827 hoc
730 793 805 826 loco
825 792 1031 826 denotentur
1050 804 1235 838 pauperes,
1257 798 1289 826 et
1307 793 1448 837 quinam
1468 803 1659 837 pauperum
1679 791 1758 829 filii,
1776 797 1912 836 oportet
1932 800 2057 835 cogno-

381 864 488 886 scere.
519 853 686 896 Pauperes
712 851 824 895 itaque
851 851 1004 883 nominat
1032 856 1165 883 sanctos
1191 850 1386 895 apostolos3
1407 855 1503 883 erant
1522 850 1613 883 enim
1642 860 1808 894 pauperes
1832 848 1972 893 spiritu:
1996 857 2059 880 nos

384 921 466 943 vero
492 909 636 942 servasii
663 907 752 940 tilios
779 918 990 952 pauperum,
1014 906 1198 940 iustificans
1224 918 1286 951 per
1311 907 1475 952 Spiritum
1501 906 1536 939 in
1562 905 1631 940 fide
1657 912 1757 951 atquc
1783 904 2007 939 sanctificans.

1010 971 1047 994 Et
1066 972 1261 999 permanebit
1277 977 1347 994 etun
1364 971 1437 994 sote.

481 1024 658 1055 Permanet
680 1021 724 1065 tl)
738 1046 745 1056 .
769 1020 803 1053 id
830 1026 878 1053 est
898 1020 940 1054 ad
960 1032 1062 1054 omne
1087 1032 1207 1054 aevum
1235 1020 1454 1065 protenditur
1472 1020 1563 1053 Deus
1581 1019 1682 1053 simul
1708 1025 1739 1052 et
1766 1018 1891 1055 homo;
1912 1028 2058 1062 namque

387 1087 418 1115 et
445 1086 521 1113 ante
547 1079 663 1112 lunam
692 1089 751 1123 per
777 1078 909 1112 saecula
936 1078 1152 1111 saeculorum
1178 1084 1263 1110 erat.

570 1143 700 1166 otietur·
717 1144 749 1165 in
767 1143 876 1165 diebus
892 1143 958 1165 eius
975 1143 1098 1165 iustitia
1114 1144 1146 1165 et
1162 1143 1362 1165 abnndantia
1379 1142 1479 1169 maele,
1495 1141 1590 1164 donee
1606 1141 1774 1163 auferatur
1790 1140 1877 1162 luna.

483 1194 619 1227 Orietur
646 1191 744 1225 nobis
763 1192 885 1225 Christi
905 1198 1061 1236 tempore
1087 1192 1214 1225 iustitia
1234 1202 1295 1236 per
1314 1190 1437 1228 fidem:
1460 1189 1667 1224 abundantia
1687 1200 1769 1222 vero
1787 1189 1895 1234 pacis,
1916 1193 2060 1233 propter

215 1266 250 1282 m.
266 1268 286 1287 p.
306 1266 347 1282 1
388 1251 646 1285 comet-sionem
667 1249 708 1282 ad
728 1250 848 1282 Deum.
879 1249 1021 1294 Insuper
1039 1248 1082 1281 de
1102 1248 1217 1282 medio
1235 1248 1384 1281 vicissim
1404 1247 1546 1281 tolletur
1564 1245 1735 1280 diabolus.
1757 1265 1780 1271 -
1799 1244 2056 1282 Animadxerte‚

387 1307 480 1352 quod
501 1318 569 1341 non
588 1306 710 1340 dixerit
736 1305 927 1344 auferatur,
949 1306 1008 1339 sed
1029 1306 1174 1339 vicissim
1193 1305 1368 1339 auferatur
1395 1304 1495 1338 luna:
1520 1315 1643 1349 nempe
1670 1309 1707 1337 ut
1732 1301 1918 1349 significet,
1938 1300 2059 1335 diabo-

388 1365 460 1399 lum
485 1365 543 1409 qui
568 1364 744 1397 hominem
769 1369 865 1397 antea
891 1374 1028 1408 pessum
1054 1362 1215 1401 dederat,
1237 1362 1384 1396 vicissim
1411 1360 1585 1407 perditum
1611 1361 1666 1394 iri.

226 1458 245 1466 γ’
282 1433 347 1467 1,,11».
1094 1427 1194 1456 Reges
1211 1426 1354 1449 Thur-sis.

215 1459 252 1477 m.
266 1463 288 1482 μ’
306 1461 348 1477 ‘⁴⁰'
482 1476 615 1510 Tharsis
640 1476 809 1521 gentium,
832 1474 1018 1521 Aethiopes
1044 1481 1134 1508 sunt.
1164 1476 1341 1509 Praeterea
1360 1474 1483 1508 tharsis
1502 1473 1654 1508 colorem
1676 1472 1843 1519 significat
1867 1471 2060 1517 hyacinthi-

166 1547 174 1555 ·
190 1545 269 1566 mci..
285 1545 301 1565 1.
320 1548 349 1565 101
390 1545 489 1572 1111111,
512 1534 560 1567 1111
587 1539 635 1567 651
662 1532 753 1578 apud
780 1533 985 1578 prophetam
1005 1532 1034 1564 ’τ
1057 1531 1248 1566 similitudo
1273 1532 1345 1566 eius
1364 1537 1401 1565 ut
1420 1531 1542 1565 tharsis
1561 1530 1621 1576 (2).
1649 1529 1751 1576 Apud
1770 1530 1888 1564 Ionam
1913 1528 2060 1574 denique

210 1605 220 1613 =
237 1603 283 1623 ion.
300 1602 315 1623 1.
332 1605 350 1623 21.
390 1591 474 1625 urbs
497 1593 618 1624 Tarsus
644 1589 828 1623 denotatur
851 1589 875 1622 ⁶.

244 1665 263 1679 v.
281 1663 350 1680 11-12.
752 1655 939 1678 Adorabunt
957 1662 1036 1678 eum.
1053 1667 1064 1674 -
1079 1655 1163 1683 Quia
1181 1656 1331 1679 liberavit
1347 1661 1515 1683 pauperem
1529 1662 1549 1678 a
1564 1656 1698 1683 potente.

485 1705 687 1740 Adorabunt
712 1717 849 1743 omnes,
873 1705 993 1739 acerba
1020 1704 1149 1740 diaboli
1178 1705 1357 1751 tyrannide
1383 1705 1551 1751 expediti:
1577 1715 1656 1738 nam
1683 1709 1857 1749 potentem
1882 1703 1973 1735 hunc
1998 1712 2059 1747 ap-

390 1762 511 1808 pellat:
536 1774 722 1807 pauperem
749 1768 879 1799 autem.
903 1762 1087 1796 humanam
1115 1768 1289 1800 naturam,
1313 1773 1400 1806 quae
1426 1768 1507 1795 tunc
1533 1767 1605 1794 erat
1630 1761 1700 1794 Deo
1726 1759 1897 1793 destituta.

284 1836 304 1851 x.
320 1834 350 1851 17·⁴
966 1827 1004 1850 Et
1021 1827 1158 1849 orabunt
1174 1827 1211 1849 de
1228 1827 1294 1854 ipso
1311 1827 1344 1855 (3)
1359 1831 1488 1853 semper.

218 1888 255 1908 cr>
270 1894 291 1914 p.
307 1890 352 1908 40¹.
486 1878 631 1916 Quinam
657 1888 740 1910 vero
765 1882 842 1910 sunt
869 1877 903 1910 hi
930 1884 1084 1916 orantes,
1109 1878 1172 1910 nisi
1192 1888 1254 1910 nos
1273 1877 1335 1922 ipsi
1353 1878 1412 1921 qui
1431 1877 1503 1909 eius
1521 1875 1710 1921 recepimus
1729 1873 1855 1908 fidem?
1878 1872 2061 1906 Intenden-

391 1939 440 1967 tes
466 1934 555 1967 enim
583 1933 626 1966 ad
650 1934 758 1966 Deum
784 1944 918 1978 preces,
940 1932 1033 1967 bona
1060 1933 1160 1967 nobis
1186 1934 1302 1979 largiri
1329 1945 1390 1978 per
1416 1932 1587 1966 Christum
1612 1931 1838 1977 postulamus.

285 2007 305 2022 ι.
324 2004 353 2021 17.
986 1999 1035 2021 stt
1055 2005 1164 2021 nomen
1181 2000 1248 2021 eius
1266 1999 1468 2021 benedictum.

486 2047 630 2081 Ubinam
656 2059 739 2081 vero
766 2059 834 2080 non
860 2053 909 2081 est
935 2047 1108 2087 Christus,
1131 2054 1187 2081 aut
1213 2059 1300 2093 quae
1325 2059 1407 2093 gens
1433 2046 1661 2092 appellatione
1687 2045 1750 2078 hac
1775 2056 1844 2078 non
1870 2043 2060 2090 gloriatur?

390 2123 412 2129 -
438 2105 525 2138 Ante
550 2104 656 2137 solem
684 2111 863 2149 permanet
882 2116 1007 2139 nomen
1032 2106 1116 2138 eius.
1145 2105 1329 2146 Quomodo
1355 2116 1437 2150 ergo
1463 2104 1612 2149 accepit,
1633 2103 1727 2149 quod
1753 2113 1887 2147 semper
1905 2112 1983 2134 eum
2002 2101 2059 2134 ha-

390 2158 504 2193 buisse
530 2162 694 2206 apparet?
720 2162 759 2194 Et
778 2173 810 2194 v.
839 2162 891 2194 19.
914 2162 1077 2196 Flectitur
1096 2162 1125 2195 ei
1145 2174 1247 2195 omne
1273 2173 1379 2207 genu,
1401 2168 1432 2195 et
1459 2161 1629 2195 honorato
1655 2160 1727 2194 filio
1751 2159 1940 2193 honoratur
1958 2157 2058 2191 simul

391 2220 449 2263 qui
469 2220 579 2264 ipsum
599 2219 728 2263 genuit.
758 2220 864 2252 Patris
883 2220 974 2253 enim
993 2220 1139 2264 gloriam
1157 2220 1240 2254 dicit
1258 2220 1426 2265 scriptura
1445 2230 1517 2253 esse
1537 2219 1659 2252 filium.
1688 2218 1740 2252 Sic
1759 2223 1849 2251 certe
1875 2214 2061 2261 aliquando

163 2291 173 2299 -
190 2289 236 2310 loh.
253 2289 322 2310 xvii.
338 2293 355 2309 t.
395 2281 567 2320 tamqnam
588 2275 677 2308 silius
696 2287 774 2309 cum
794 2276 869 2321 ipso
888 2276 1090 2321 colloquens
1109 2277 1219 2311 aiebat
1240 2278 1269 2310 ἐ
1291 2283 1407 2322 pater,
1429 2275 1575 2310 clarifica
1594 2274 1704 2308 fitium
1725 2281 1839 2313 tuum,
1864 2280 1897 2307 111
1917 2279 1950 2306 61
1970 2272 2060 2306 filius

391 2332 552 2366 clarificet
572 2339 615 2366 te.
645 2333 718 2366 Hoc
736 2344 819 2377 ergo
832 2358 840 2372 ‚
862 2333 989 2378 inquit,
1012 2345 1139 2367 nomen
1159 2334 1193 2367 id
1213 2340 1264 2367 est
1289 2333 1380 2367 filius
1402 2345 1462 2367 seu
1480 2333 1631 2368 Christus
1649 2333 1760 2371 lesus,
1783 2331 1824 2365 sit
1842 2330 2059 2364 benedictum

393 2389 426 2421 in
453 2389 597 2422 saecula.

287 2464 300 2476 v
325 2462 355 2479 111,
1006 2455 1068 2482 Qui
1087 2456 1164 2478 facit
1179 2455 1341 2478 mirabilia
1358 2455 1449 2478 solus.

488 2503 635 2536 Narrans
652 2514 740 2547 quae
759 2503 837 2538 fecit
854 2505 1097 2539 incarnationis
1116 2512 1272 2551 tempore
1285 2531 1292 2543 ‚
1315 2505 1484 2549 hymnum
1503 2504 1545 2538 ad
1565 2515 1644 2538 eum
1663 2503 1794 2538 extollit
1813 2503 1946 2537 dicens:
1970 2508 2007 2535 tu
2025 2512 2061 2533 es

493 2614 525 2640 11„
545 2609 662 2645 Cyrillus
682 2619 745 2645 ergo
764 2612 870 2640 videtur
888 2613 915 2640 in
935 2617 1009 2640 textu
1029 2614 1127 2648 legisse
1145 2622 1227 2641 sensu
1246 2613 1395 2648 praesentis
1416 2613 1544 2648 temporis
1564 2614 1764 2649 συμπαςαμένει.

491 2659 527 2689 (2)
546 2654 675 2698 dmi-*T
697 2660 825 2695 iutelligit
844 2661 1022 2696 hyacinthum
1041 2670 1193 2698 gemmam,
1214 2663 1253 2689 vel
1274 2663 1364 2697 potius
1389 2663 1596 2698 hyacinthinum
1622 2663 1754 2695 colorem,
1774 2662 1905 2697 Cyrillus3
1926 2661 1969 2688 cui
1989 2660 2059 2687 favet.

395 2704 520 2738 vulgatus
539 2701 717 2742 interpretans
737 2717 831 2742 mare,
848 2709 875 2736 id
887 2714 929 2736 est
941 2709 1102 2736 caeruleum
1115 2709 1155 2737 vel
1168 2710 1347 2745 subniqrum,
1361 2710 1433 2745 quod
1453 2710 1521 2737 bene
1540 2710 1655 2738 refertur
1668 2710 1702 2737 ad
1716 2710 1872 2745 Aethiopas.
1893 2708 1947 2736 Alii
1966 2713 2058 2736 tamen

390 2747 592 2782 chrysolithum
612 2751 763 2786 intelligere
783 2752 900 2779 malunt.

493 2795 528 2822 (3)
547 2793 590 2820 Sic
608 2796 688 2822 etiam
708 2796 860 2824 Flaminius
880 2797 1004 2824 Nobilius
1023 2797 1218 2832 interpretatur
1236 2797 1384 2825 dictionem
1404 2800 1458 2833 περὶ
1480 2799 1559 2826 αὑτοῦ
1577 2797 1628 2825 hoc
1646 2797 1705 2825 loco
1724 2798 1752 2824 in
1771 2797 1862 2825 bibliis
1881 2796 1995 2824 sixtinis.
