2205 3177
201 1204 254 1225 (Ar.
271 1204 318 1225 Vll.
333 1206 365 1225 21.

241 1490 279 1508 (κ’.
293 1493 314 1513 μ,
330 1491 361 1508 ssu.

199 2120 202 2123 “
219 2116 259 2137 Gal
285 2117 309 2137 V.
328 2119 358 2137 13.

179 2693 185 2700 ·
202 2689 229 2710 15.
245 2688 323 2712 xxw.
337 2692 356 2710 2.

420 205 457 237 '40
915 212 943 235 s.
971 212 1097 234 crustu
1124 212 1342 235 maxsumum
1368 213 1571 237 serANnio

413 285 565 324 respectu
591 276 741 322 quodam
768 274 1017 320 antiquioribus
1043 275 1151 310 facere
1175 276 1208 309 id
1234 276 1286 310 lex
1314 277 1482 321 permisit,
1504 276 1550 310 ob
1577 278 1751 323 ipsorum,
1772 285 1809 312 ut
1826 279 1898 324 ipse
1916 280 2076 313 Servator

413 336 473 369 ait,
495 333 606 367 cru-dis
624 333 796 365 duritiam.
818 332 916 372 Quod
941 339 1052 366 autem
1073 332 1241 367 firmiores
1262 334 1436 379 magisque
1454 335 1580 367 strenui
1603 335 1665 368 siut
1687 335 1863 370 Christiani
1883 348 1987 381 quam
2005 338 2074 382 pri-

411 393 454 424 sci
477 391 544 426 illi.
566 390 644 423 hinc
669 400 807 434 quoque
827 401 1033 434 cognoscere
1058 390 1252 424 volentibus
1271 403 1419 436 pronum
1442 397 1490 424 est
1503 417 1511 429 ,
1531 391 1624 436 quod
1644 391 1696 425 lex
1716 393 1898 427 Israhelitis
1917 393 2051 427 vetabat
2064 419 2071 431 ,

407 447 590 491 quominus
608 445 805 491 alienigenis
830 446 1040 480 sociarentur
1059 448 1252 492 nuptiisque
1271 448 1533 493 copularentur:
1555 447 1653 481 nobis
1672 460 1755 482 vero
1777 449 1899 483 Paulus
1923 450 2023 483 dicit:
2044 451 2071 483 si

407 505 483 548 quis
502 503 606 536 frater
625 513 766 536 uxorem
788 514 856 536 non
875 503 1071 537 credentem
1089 504 1209 542 habet,
1230 511 1262 538 ct
1282 511 1404 538 cetera.
1427 505 1496 538 Illis
1515 504 1655 549 quidem
1675 517 1770 539 meus
1789 513 1858 540 erat
1882 506 2020 541 flaccida
2039 513 2074 540 et

407 560 586 594 vacillans.
610 558 708 593 nobis
729 565 841 593 autem
861 571 967 594 secus.
997 561 1092 594 Uncti
1112 562 1202 595 enim
1222 561 1346 595 fuimus
1365 564 1399 595 iu
1419 562 1638 607 adoptionem
1661 563 1787 608 Spiritu
1813 570 1945 602 sancto,
1969 570 2071 608 atque

408 618 440 650 in
463 616 561 650 nobis
583 617 735 651 Chi-istus
754 616 985 651 habitaculum
1005 629 1103 651 suum
1123 619 1308 651 coustituit.
1331 620 1382 652 Sic
1401 630 1484 663 ergo
1505 620 1538 652 in
1558 619 1651 653 omni
1676 631 1799 663 genere
1824 621 1988 655 virtutum
2006 621 2072 656 ob-

408 675 530 708 tirmati
543 700 550 710 .
570 675 710 707 minime
730 673 953 707 formidamus
970 675 1116 707 cuiusvis
1135 686 1205 707 non
1226 675 1393 710 credentis
1403 677 1606 721 ,coniugium
1622 676 1686 722 (1):
1706 676 1979 723 confidimusque
1998 678 2071 712 fore

408 738 442 765 ut
465 731 544 765 illos
563 731 676 776 potius
699 730 741 764 ad
765 730 938 776 religionis
960 742 1118 775 sagenam
1137 731 1400 776 compellamus,
1422 744 1525 778 quam
1544 740 1581 767 ut
1604 745 1666 767 nos
1690 734 1806 767 insitae
1830 734 1895 767 illis
1920 735 2070 768 inscitiae

407 789 533 833 praeda
551 789 676 825 simus:
697 788 867 833 decusque
887 789 1000 833 potius
1018 787 1173 821 nondum
1193 788 1410 823 credentibus
1429 790 1666 829 conciliamus,
1688 803 1791 836 quam
1810 791 1852 825 ab
1873 791 1941 826 illis
1959 791 2070 836 inqui-

406 857 540 879 namur.
562 845 792 879 Sanctificatus
811 852 858 878 est
880 846 989 883 enim,
1011 846 1138 890 inquit,
1161 846 1215 879 x'ir
1233 847 1427 881 incredulus
1445 859 1505 893 per
1523 860 1685 887 uxorem,
1707 855 1808 894 atque
1832 850 1877 883 ita
1903 848 1963 882 filii
1982 860 2071 894 quo—

404 914 471 948 que
490 904 592 937 vestri
613 903 717 936 sancti
745 902 912 939 evadunt,
933 908 1114 947 superante
1142 902 1352 936 credentium
1376 905 1551 938 sanctitate
1577 905 1731 939 nondum
1757 906 1970 939 credentium
1996 917 2071 940 sor-

405 960 534 993 ditiem.
552 961 651 1001 Quod
670 961 696 994 si
716 960 862 993 infidelis
877 959 1038 997 discedit,
1056 959 1205 993 discedat
1222 961 1349 1005 inquit3
1367 961 1401 994 in
1420 961 1471 994 his
1488 961 1592 996 frater
1609 963 1660 996 vel
1681 974 1780 997 soror
1796 975 1866 997 non
1882 963 2066 1009 obligatur.

407 1018 579 1055 Discedat,
599 1018 625 1051 si
646 1019 690 1050 ita
716 1017 843 1062 placet,
865 1028 883 1050 a
900 1015 1131 1050 sanctificante
1153 1016 1366 1058 mammam,
1388 1019 1572 1052 sententiae
1590 1030 1668 1053 suae
1694 1020 1841 1054 fructum
1865 1020 2016 1054 reserens
2034 1021 2069 1053 in

407 1075 601 1109 huiusmodi
628 1087 664 1109 re
690 1075 945 1108 detrimentum.
974 1075 1070 1108 Caret
1092 1081 1204 1108 autem
1229 1076 1323 1109 omni
1349 1075 1466 1120 culpa,
1487 1077 1545 1121 qui
1574 1076 1688 1111 divina
1713 1078 1869 1111 mandata
1897 1078 2066 1122 sequitur,

403 1132 570 1177 siquidem
597 1131 789 1166 obedientia
815 1132 886 1165 cius
913 1143 931 1166 a
957 1132 1130 1165 communi
1155 1138 1274 1165 nostro
1300 1139 1472 1166 servatore
1497 1132 1631 1167 Christo
1656 1134 1963 1168 commendabitur.

914 1196 1027 1219 Servus
1042 1198 1165 1220 vocatus
1181 1198 1229 1219 es?
1246 1204 1306 1220 non
1323 1198 1365 1220 sit
1383 1198 1442 1220 tibi
1458 1204 1561 1220 curae.

497 1246 684 1280 Verisimile
706 1252 755 1280 est
773 1246 961 1279 nonnullos
979 1245 1022 1279 de
1042 1247 1298 1280 circumcisione
1319 1258 1502 1280 conversos
1521 1258 1636 1280 secum
1655 1247 1699 1281 ita
1718 1247 1852 1281 locutos
1863 1238 1875 1279 :¹
1891 1246 2070 1291 quomodo

402 1303 625 1349 acceptabiles
643 1305 789 1343 erimus,
806 1310 837 1337 et
857 1303 1076 1337 christianam
1096 1304 1198 1337 vitam
1217 1303 1440 1342 sectabimur,
1457 1305 1516 1350 qui
1536 1303 1647 1338 adhuc
1666 1304 1958 1338 circumcisionem
1977 1309 2071 1336 tene—

404 1361 500 1394 mus?
518 1361 673 1395 Fortasse
691 1361 907 1406 praeputium
934 1360 1105 1394 attrahere
1122 1359 1315 1406 oportebit,
1337 1360 1371 1393 id
1397 1366 1447 1394 est
1467 1360 1509 1394 ad
1534 1360 1621 1394 illud
1646 1360 1777 1399 redire,
1799 1359 1994 1404 carnalique
2011 1369 2070 1393 na—

403 1423 496 1451 turae.
520 1418 590 1450 rim
607 1416 745 1451 inferre.
775 1418 838 1457 Qui
865 1428 904 1450 cx
925 1417 1060 1450 ethnico
1079 1428 1196 1451 errore
1223 1417 1423 1455 veniebant,
1444 1428 1551 1462 quum
1577 1417 1747 1451 audissent
1773 1416 1915 1451 fortasse
1939 1414 1982 1450 ab
2007 1416 2066 1454 iis,

400 1475 458 1519 qui
477 1474 589 1508 adhuc
607 1474 717 1519 legem
735 1473 998 1512 reverebantur,
1019 1486 1091 1507 rem
1119 1473 1358 1508 honorabilem
1384 1485 1456 1508 esse
1481 1474 1791 1512 circumcisionem,
1813 1479 1915 1519 atque
1940 1472 1984 1508 ab
2001 1483 2070 1507 om-

401 1531 501 1565 nibus
520 1533 642 1566 sanctis
660 1531 895 1570 observatam,
916 1542 1124 1576 quamquam
1144 1530 1249 1564 fidem
1270 1531 1427 1564 nonnulli
1452 1543 1493 1564 ex
1518 1530 1570 1564 his
1588 1536 1824 1575 susceperant,
1845 1529 2069 1565 nihilominus

401 1590 510 1623 carnis
538 1590 605 1623 ritu
632 1588 917 1635 perficiebantur,
939 1600 1001 1622 ceu
1026 1588 1161 1622 Galatae
1189 1594 1280 1620 certe
1305 1587 1519 1626 factitarunt,
1544 1598 1631 1632 quos
1658 1587 1757 1620 divus
1782 1587 1905 1621 Paulus
1930 1587 2069 1632 castigat

399 1647 535 1681 dicens:
560 1661 576 1678 «
598 1648 656 1693 qui
683 1647 804 1692 spiritu
829 1647 1020 1692 incepistis,
1047 1656 1138 1679 nunc
1166 1656 1266 1678 carne
1293 1644 1521 1690 perficimini?
1544 1658 1559 1675 »
1582 1644 1743 1690 Oportuit
1770 1645 1872 1690 igitur
1892 1643 2068 1679 manifesta

398 1704 615 1749 evidentique
634 1704 887 1750 praedicatione
913 1704 1063 1737 veritatis
1088 1703 1177 1735 viam
1206 1702 1272 1735 illis
1298 1702 1467 1747 paudere;
1488 1708 1521 1735 et
1546 1701 1629 1735 nihil
1657 1702 1722 1735 iam
1742 1713 1814 1735 esse
1838 1702 2068 1736 circumcisio-

400 1772 494 1797 nem.
512 1762 630 1795 ceteris
644 1762 703 1795 Dei
725 1761 913 1806 praeceptis
931 1761 1134 1797 seiunctam;
1152 1759 1235 1792 nihil
1255 1760 1336 1792 item
1355 1770 1426 1792 esse
1448 1760 1682 1804 praeputium,
1700 1759 1892 1804 evangelica
1911 1759 1978 1792 vita
1998 1770 2068 1793 non

398 1819 598 1856 comitante,
622 1818 758 1851 docere.
787 1819 886 1851 Decet
914 1818 1016 1862 igitur
1039 1822 1215 1854 vocatum,
1239 1818 1270 1849 in
1297 1827 1356 1849 sua
1382 1816 1560 1850 xocatione
1586 1827 1742 1854 manere,
1763 1817 1970 1861 quicumque
1996 1816 2069 1849 eius

398 1875 586 1921 corporalis
604 1875 741 1909 habitus
761 1876 874 1909 suerit.
896 1877 973 1909 Mox
993 1875 1110 1908 transit
1130 1874 1170 1908 ad
1193 1874 1292 1908 aliam
1314 1875 1408 1919 quasi
1428 1874 1700 1907 criminationem
1720 1885 1737 1906 a
1756 1873 1870 1906 divina
1892 1871 2068 1918 praedica-

399 1933 490 1966 tione
509 1932 742 1966 avertendam.
766 1933 942 1966 Serx‘itutis
959 1933 1097 1978 spiritus
1116 1932 1223 1965 inerat
1244 1931 1447 1977 (legentibus
1465 1931 1529 1965 sub
1550 1931 1637 1976 lege.
1666 1931 1756 1971 Quid
1778 1922 1892 1964 autem
1911 1930 2068 1964 doctrina

397 1990 616 2035 evangelica?
643 1990 848 2035 Adoptionis
874 1990 1030 2035 spiritum
1057 1989 1253 2023 volentibus
1281 1989 1420 2022 credere
1452 1990 1552 2022 inseri
1580 1988 1759 2026 adfirmat,
1787 2000 1858 2033 quo
1884 1987 1976 2022 haud
2001 1988 2068 2021 iam

397 2046 558 2092 deinceps
577 2047 619 2081 ad
644 2048 841 2081 serxitutem
861 2046 920 2080 sed
943 2047 985 2080 ad
1006 2046 1148 2080 liberam
1169 2047 1368 2091 dignitatem
1393 2053 1571 2079 vocantur.
1594 2047 1684 2091 Ergo
1702 2045 1860 2079 nonnulli
1882 2057 1944 2091 per
1962 2044 2067 2079 fidem

397 2105 506 2138 vocati
525 2103 567 2137 ad
587 2104 774 2149 spiritalem
794 2103 1004 2141 libertatem,
1026 2116 1043 2138 a
1063 2105 1174 2137 carnis
1192 2105 1354 2137 servitute
1374 2103 1535 2149 expedire
1553 2109 1660 2136 semet
1680 2102 1877 2148 satagebant
1892 2103 1922 2135 ἐ
1942 2101 2068 2148 quibus

395 2161 463 2195 alio
482 2161 559 2195 loco
578 2160 728 2194 scribens
747 2162 808 2198 ait,
830 2161 1019 2195 cavendum
1038 2172 1109 2195 esse
1125 2173 1167 2195 ne
1185 2161 1267 2194 haec
1285 2160 1440 2198 libertas,
1463 2161 1572 2194 carnis
1592 2160 1712 2194 abusui
1734 2160 1868 2194 occasio
1886 2160 1938 2193 sit.
1958 2160 2066 2193 Porro

396 2225 430 2252 et
448 2218 513 2252 hoc
534 2219 609 2264 ipso
635 2218 831 2252 consolatur
858 2230 916 2251 eos
943 2219 1075 2252 dicens:
1098 2230 1214 2252 servus
1241 2224 1380 2252 vocatus
1405 2218 1462 2251 es?
1482 2229 1525 2251 ue
1548 2218 1590 2251 sit
1619 2216 1678 2250 tibi
1709 2228 1830 2251 curae:
1851 2217 1911 2251 sed
1936 2217 2067 2250 etiamsi

398 2275 486 2309 liber
503 2275 576 2310 fieri
596 2287 728 2321 posses,
750 2276 857 2320 magis
877 2282 990 2309 utere:
1014 2275 1048 2309 id
1067 2282 1136 2313 est,
1156 2276 1284 2309 etiamsi
1302 2276 1473 2309 servitutis
1491 2275 1635 2308 carnalis
1653 2276 1772 2320 iugum
1791 2275 1990 2320 impositum
2010 2285 2067 2319 ge-

395 2346 489 2373 rens,
511 2341 651 2369 vocatus
670 2347 705 2368 es
724 2335 757 2368 in
776 2334 875 2368 liberi
895 2334 954 2368 filii
975 2335 1211 2380 adoptionem,
1232 2335 1359 2369 etiamsi
1379 2334 1514 2367 divinae
1534 2341 1675 2368 naturae
1696 2334 1803 2367 factus
1822 2345 1857 2367 es
1876 2333 2064 2378 particeps,

394 2404 436 2426 ne
456 2393 571 2427 animo
591 2393 742 2438 angaris;
764 2403 874 2437 neque
892 2393 983 2425 enim
1003 2391 1101 2426 labor
1119 2392 1250 2426 servilis
1271 2398 1348 2425 tuus
1365 2391 1522 2424 mercede
1542 2391 1685 2425 carebit:
1710 2390 1975 2437 futurum'enim
1993 2389 2066 2422 sine

394 2449 501 2483 dubio
519 2456 586 2489 est,
608 2456 645 2483 ut
665 2450 724 2495 qui
745 2451 978 2495 praepotentia
999 2450 1110 2495 aliqua
1128 2451 1324 2483 servitutem
1343 2449 1430 2494 passi
1450 2454 1544 2487 sunt,
1566 2448 1788 2483 incommodo
1807 2458 1870 2481 suo
1887 2447 2063 2484 leventur,

394 2518 471 2540 cum
495 2508 661 2540 Dominus
686 2506 804 2540 futuro
829 2507 862 2539 in
885 2506 1022 2540 saeculo
1045 2506 1088 2539 ad
1106 2507 1343 2552 primigeniam
1368 2506 1599 2539 conditionem
1623 2517 1682 2539 eos
1704 2504 1891 2539 revocabit.
1918 2504 2004 2537 Nam
2024 2503 2066 2536 li—

396 2562 512 2596 beram
531 2569 664 2598 creator
683 2564 761 2597 fecit
780 2569 935 2597 naturam
948 2590 956 2602 ,
973 2574 1079 2609 eaque
1097 2569 1134 2596 ut
1152 2562 1220 2596 dixi
1241 2569 1386 2597 venturo
1405 2563 1438 2595 in
1459 2562 1596 2597 saeculo
1616 2562 1691 2596 talis
1711 2562 1825 2596 futura
1846 2567 1912 2599 est;
1933 2561 2065 2605 eritque

397 2621 545 2665 populus
563 2628 600 2655 ut
620 2620 795 2659 sacerdos,
817 2627 849 2654 et
869 2620 1016 2654 famulus
1043 2626 1079 2654 ut
1105 2620 1285 2657 dominus,
1307 2626 1340 2653 et
1358 2620 1480 2654 ancilla
1500 2627 1537 2654 ut
1556 2620 1655 2658 hera,
1677 2619 1866 2654 secundum
1885 2618 1988 2652 Isaiae
2006 2626 2064 2649 va-

397 2678 548 2711 ticinium
569 2678 593 2711 ‘.
623 2679 740 2724 Itaque
763 2679 892 2712 etiamsi
916 2689 1039 2724 queas,
1061 2678 1186 2723 inquit,
1208 2676 1295 2711 liber
1321 2677 1410 2716 sieri,
1433 2679 1539 2722 magis
1562 2684 1670 2711 utere.
1699 2678 1758 2710 Est
1781 2677 1890 2714 enim,
1911 2680 1948 2708 ut
1972 2672 2059 2709 dixi,

397 2743 465 2766 non
485 2734 735 2769 infructuosum
760 2737 877 2781 iugum
896 2735 948 2769 his
966 2735 1025 2780 qui
1044 2733 1135 2768 bona
1154 2734 1330 2768 voluntate
1349 2742 1425 2768 sunt
1438 2761 1445 2772 ,
1467 2741 1627 2780 recteque
1645 2733 1710 2768 sub
1735 2733 1797 2767 illo
1815 2733 1945 2766 vivunt.
1967 2729 2062 2763 Cete—

498 2863 529 2891 '11
548 2861 679 2889 Notabilis
699 2863 794 2898 cyrilli
814 2863 965 2890 observatio
985 2862 1019 2890 de
1037 2866 1157 2890 veterum
1179 2862 1390 2890 christianorum
1409 2863 1528 2903 innocuo
1549 2869 1612 2889 cum
1632 2859 1788 2888 infidelibus
1809 2855 1945 2890 coniugio.
