2205 3177
439 168 483 201 98
940 178 967 200 s.
996 178 1121 201 cvrum
1148 179 1368 202 ALExAxmusi
1395 179 1599 203 EXPLANATIO

438 242 541 277 Daxid
564 242 652 275 tilios
672 241 850 275 homiuum
871 243 1019 288 appellat
1039 254 1097 276 eos
1115 244 1172 289 qui
1191 243 1349 289 improbe
1368 245 1504 281 vivunt.
1526 250 1626 289 atque
1645 243 1686 277 ad
1708 244 1914 290 impietatem
1934 252 2011 279 sunt
2030 257 2106 292 pro·

437 302 495 334 clix
505 312 552 334 es.
582 301 665 332 Nam
689 300 746 344 qui
773 299 871 333 aliter
889 312 924 333 se
948 299 1093 337 habeut.
1117 301 1136 334 ii
1165 308 1283 335 natura
1302 301 1442 346 quidem
1463 300 1521 334 filii
1542 301 1720 335 hominum
1743 309 1841 342 sunt,
1863 303 1970 348 gratia
1993 310 2104 337 autem

439 371 506 391 nou
535 359 598 394 ita,
619 357 677 390 scd
707 356 766 390 tilii
793 358 864 390 Dei.

472 419 474 422 ’
786 422 824 444 Et
841 423 964 450 scitoto,
979 424 1126 449 quonlam
1142 424 1319 446 mii-{nemu
1339 423 1489 447 Dominus
1503 425 1645 446 sanctum
1661 430 1759 447 suum.

531 472 754 504 Terrestrium
774 483 889 504 rcrum
908 471 1107 508 delectatio.
1130 473 1220 506 haud
1240 473 1379 507 differre
1398 472 1534 506 videtur
1553 484 1570 506 a
1588 473 1860 518 spectaculorum
1879 475 2104 513 iucunditate,

436 540 522 573 quae
547 528 658 561 statim
687 540 724 561 ac
743 535 889 574 spectata
919 529 1062 568 suerint,
1085 530 1214 564 nullius
1238 542 1318 563 usus
1344 537 1440 566 sunt.
1463 531 1567 564 mcuti
1593 531 1832 564 tantummodo
1850 531 1997 566 illudunt
2017 533 2106 566 otio-
2143 562 2146 564 .

434 596 501 618 sae.
531 586 631 619 Secus
651 596 733 618 vero
761 587 905 619 iustitiae
924 586 1045 625 decus,
1067 588 1165 632 cique
1191 587 1327 621 decreta
1356 599 1373 621 a
1393 589 1464 621 Deo
1494 588 1662 634 praemia,
1684 588 1826 633 longum
1852 600 2106 634 perennemque

365 656 374 671 ·.
392 669 395 672 .
437 654 534 676 usum
556 649 725 689 praestant
745 649 776 677 et
804 644 970 677 illustrem
997 644 1209 689 dignitatem.
1238 645 1369 690 Excipit
1389 646 1479 679 enim
1498 646 1587 679 Deus
1613 651 1807 679 sanctorum
1826 656 1944 682 voces.
1967 653 1998 680 et
2017 648 2106 681 votis

435 700 572 733 annuit:
594 701 646 733 cui
674 701 739 738 rei,
761 701 837 746 quis
864 712 981 746 parem
1008 702 1180 734 inveniet?

1021 766 1216 793 nascimini,
1232 769 1262 790 et
1281 767 1379 790 nonio
1394 774 1528 795 peecare.

530 816 637 848 Nemo
664 816 733 848 irae
760 816 916 861 passione
942 816 1104 849 immunis
1123 822 1189 853 est,
1210 828 1298 861 quae
1316 823 1460 850 matrem
1487 817 1587 851 habet
1606 816 1781 855 dolorem,
1805 823 1861 851 aut
1879 817 2100 854 simultatem,

434 878 490 905 aut
517 872 733 908 aviditatem.
755 878 810 906 aut
837 872 880 906 ab
907 872 1078 918 aliquibus
1105 874 1267 907 iniectum
1293 875 1497 907 convicium.
1528 876 1708 908 Possumus
1735 881 1847 908 tamen
1873 875 1958 908 iram
1985 885 2106 921 ampu-

433 935 522 965 tare.
546 930 636 963 haud
655 942 750 963 secus
769 941 872 975 quam
892 931 1048 975 corporis
1067 931 1238 975 appetitus
1260 931 1320 975 (l).
1342 932 1495 976 Namque
1515 931 1577 965 hos
1595 933 1629 965 iu
1649 931 1748 965 nobis
1767 933 1908 965 omnino
1928 943 1997 966 non
2016 932 2112 965 com-⁵

432 987 582 1025 moveri,
605 986 744 1019 fortasse
770 986 989 1020 incluctabile
1009 993 1056 1020 est
1069 1013 1076 1024 ,
1096 998 1208 1032 neque
1227 986 1359 1021 arbitrii
1379 989 1498 1021 nostri.
1526 989 1708 1022 Possumus
1728 995 1837 1022 tamen
1857 989 2106 1022 commotiones

432 1043 492 1076 has
518 1045 713 1089 increpare;
734 1044 830 1077 sicuti
857 1050 887 1077 et
916 1045 1020 1083 iram;
1041 1055 1128 1089 quae
1147 1056 1227 1078 sane
1246 1045 1438 1079 truculenta
1458 1051 1508 1078 est
1526 1045 1609 1078 dum
1633 1052 1886 1083 commovetur;
1908 1046 1968 1079 sed
1991 1051 2106 1079 tamen

432 1111 493 1134 ceu
519 1100 724 1145 quibusdam
753 1100 855 1134 frenis
882 1101 1063 1135 cohibetur
1088 1101 1232 1135 meliore
1258 1102 1370 1147 aliqua
1399 1103 1615 1148 cogitatione.
1643 1103 1684 1135 Et
1712 1102 1875 1147 quamdiu
1901 1102 2041 1148 quidem
2067 1113 2106 1136 ea

433 1159 544 1203 passio
563 1159 716 1192 inefficax
738 1159 825 1192 intra
846 1170 907 1192 uos
925 1166 994 1197 est,
1015 1161 1150 1193 veniam
1170 1171 1187 1193 a
1207 1160 1278 1194 Deo
1297 1167 1465 1194 meretur:
1487 1160 1545 1194 sed
1573 1161 1598 1194 si
1619 1160 1771 1194 eiusdem
1791 1161 1902 1193 tristes
1924 1167 2105 1206 erumpant

431 1215 592 1251 effictus.
621 1222 700 1249 tuuc
728 1228 854 1262 poenas
879 1216 1050 1250 dabimus.
1080 1217 1175 1250 Idem
1202 1217 1396 1251 carnalibus
1421 1229 1560 1264 quoque
1590 1215 1797 1263 appetitibus
1825 1218 1992 1251 usuvenit.
2020 1219 2105 1250 Nam

431 1273 596 1318 quamdiu
615 1274 649 1306 in
669 1273 768 1307 nobis
787 1285 826 1307 ea
845 1285 949 1319 prava
968 1274 1150 1309 delectatio
1177 1275 1267 1308 iners
1284 1282 1334 1309 est
1355 1275 1399 1321 (2)
1413 1301 1420 1313 ,
1442 1277 1591 1321 quiescet
1612 1276 1742 1321 pariter
1757 1274 1840 1320 legis
1859 1274 2026 1308 vindicta:
2047 1284 2107 1307 ve-

433 1341 509 1364 rum
536 1332 561 1365 si
589 1331 644 1364 illa
672 1331 713 1365 ad
741 1337 853 1365 actum
880 1333 1102 1377 processerit,
1126 1333 1259 1377 punitio
1284 1333 1384 1367 simul
1412 1333 1613 1366 intenditur.
1642 1333 1698 1366 Ait
1723 1333 1836 1378 itaque
1854 1341 1945 1365 nune
1969 1341 2108 1376 quoque

431 1388 560 1421 David:
589 1389 719 1422 etiamsi
746 1388 834 1422 sorte
860 1389 1110 1423 inconsiderate
1137 1390 1345 1429 irascimini,
1373 1402 1461 1435 quae
1486 1401 1556 1424 non
1581 1395 1630 1424 est
1657 1394 1890 1423 consummata
1915 1388 2037 1434 culpa,
2064 1399 2108 1421 ne

431 1456 558 1490 quaeso
584 1452 696 1479 actum
721 1458 859 1491 quoque
885 1446 1066 1485 adiiciatiS‚
1088 1458 1159 1492 quo
1178 1453 1356 1492 peccatum
1376 1446 1613 1492 perficeretur.
1642 1448 1728 1481 Scite
1753 1447 1845 1480 enim
1869 1447 2039 1480 minorem
2057 1445 2107 1479 rei

432 1510 564 1548 partem
591 1503 838 1538 infirmioribus
864 1505 1037 1550 indulget,
1060 1505 1145 1539 iram
1171 1505 1330 1550 inquam,
1356 1512 1392 1539 ut
1418 1506 1584 1539 maiorem
1610 1506 1748 1551 puniat,
1776 1505 1811 1539 id
1837 1511 1885 1539 est
1911 1504 2050 1538 caedem
2074 1510 2108 1537 et

433 1561 517 1595 alios
541 1562 663 1607 quovis
687 1561 870 1596 effrenatae
894 1563 965 1595 irae
991 1562 1143 1596 effectus.

794 1628 974 1651 Sati-inmte
990 1628 1177 1651 sacrificium
1194 1629 1354 1657 iustitiae,
1371 1630 1401 1652 et
1418 1631 1541 1656 sperate
1557 1630 1591 1651 in
1609 1629 1752 1652 Domino.

530 1679 592 1711 Res
611 1689 687 1711 suas
705 1679 801 1723 ponit
819 1679 853 1711 in
873 1678 1020 1711 aliorum
1040 1678 1235 1724 exemplum
1254 1678 1382 1717 David3
1403 1684 1436 1711 et
1453 1678 1548 1723 quod
1565 1677 1790 1712 offerentibus
1808 1677 2018 1711 sanctissimo
2035 1677 2108 1710 Deo

432 1735 576 1768 iustitiae
603 1734 752 1773 fructus,
774 1747 844 1768 non
871 1747 975 1769 x‘acua
1002 1746 1078 1780 spes
1104 1736 1145 1768 sit
1172 1736 1367 1781 proposita,
1389 1741 1533 1769 conatur
1551 1735 1686 1769 docere.
1715 1735 1833 1768 Statim
1859 1746 1897 1768 ae
1922 1734 2033 1771 enim,
2054 1733 2107 1766 in·-

432 1792 523 1836 quit,
545 1793 689 1825 iustitiae
709 1792 912 1826 sacrificium
933 1792 1062 1831 obtuli,
1084 1800 1185 1838 atque
1204 1794 1238 1826 in
1258 1794 1330 1826 Deo
1350 1804 1443 1838 spem
1463 1793 1647 1830 collocavi,
1666 1792 1782 1826 hostes
1799 1793 1882 1830 sici,
1898 1801 2108 1836 quamquam

433 1849 609 1883 cadentem
637 1861 782 1894 puerum
802 1850 910 1883 dolui.
939 1851 1023 1884 Cum
1043 1857 1156 1884 autem
1175 1850 1274 1888 dicit,
1297 1850 1482 1884 sacrificate
1501 1849 1705 1884 sacrificium
1723 1850 1886 1887 iustitiae,
1908 1847 2001 1882 haud
2019 1847 2107 1881 illud

435 1906 617 1940 umbratile
644 1906 726 1951 legis
753 1907 931 1952 intelligit.
954 1907 1011 1941 sed
1033 1908 1155 1941 Christi
1183 1908 1298 1952 potius
1324 1913 1424 1952 atque
1450 1907 1698 1952 evangelicum.
1727 1908 1812 1940 Nam
1831 1907 1940 1952 prisca
1966 1904 2107 1951 quidem

433 1963 575 1997 docebat
602 1964 656 1998 lex
683 1970 838 1997 cruentas
862 1964 971 1998 facere
996 1964 1205 2003 oblationes,
1226 1965 1352 2009 quibus
1370 1971 1482 1998 tamen
1502 1965 1706 1998 conscientia
1725 1964 1872 1998 hominis
1890 1963 2017 2009 expiari
2034 1973 2108 2008 per-

433 2022 519 2056 fecte
540 2034 607 2055 non
628 2029 773 2068 poterat.
795 2024 942 2056 Eatenus
959 2024 1051 2056 enim
1070 2022 1321 2061 offerebantur,
1343 2029 1511 2067 quatenus
1529 2023 1599 2056 veri
1620 2022 1731 2055 cultus
1750 2019 2027 2067 praefigurabant
2045 2018 2107 2053 fra-

433 2080 620 2124 grantiam,
642 2086 741 2124 atque
768 2080 904 2113 interim
924 2080 1006 2113 dum
1034 2080 1228 2114 melioratio
1254 2080 1447 2118 adveniret,
1469 2079 1743 2125 apponebantur.
1773 2079 1904 2112 Idcirco
1929 2089 1947 2112 a
1973 2077 2107 2111 Christo

436 2136 577 2182 depulsa
597 2136 719 2170 umbra
747 2137 826 2170 tuit:
849 2144 881 2170 et
901 2137 1059 2183 deinceps
1085 2137 1298 2172 credentium
1317 2137 1420 2171 corda
1447 2138 1597 2171 veritatis
1618 2137 1676 2170 lux
1694 2137 1854 2170 illustrat.
1883 2137 2038 2169 Fortasse
2055 2140 2108 2168 et-

437 2196 503 2228 iam
528 2194 659 2228 Iudaeis
678 2195 843 2227 Dominus
869 2194 969 2228 dicit:
993 2202 1210 2229 cruentarum
1237 2194 1399 2229 sacrificia
1426 2196 1641 2228 xictimarum
1666 2206 1728 2228 vos
1746 2195 1781 2227 in
1800 2195 1931 2228 caelum
1950 2205 2020 2227 non
2045 2192 2107 2226 de-

433 2251 580 2289 ducent,
603 2252 661 2287 sed
688 2263 752 2295 ego
778 2253 892 2298 potius
917 2254 976 2298 qui
1002 2253 1045 2286 de
1070 2253 1164 2287 caelo
1190 2253 1369 2291 descendi,
1391 2254 1426 2287 in
1451 2265 1522 2298 quo
1548 2264 1617 2287 uno
1643 2263 1780 2298 sperare
1803 2251 1953 2287 debetis.
1974 2250 2105 2285 nullam

433 2310 499 2342 iam
526 2309 658 2343 litterae
684 2309 847 2343 habentes
873 2311 1053 2344 rationem.

922 2375 1019 2398 flulti
1037 2376 1161 2403 ulie-1111,
1177 2377 1248 2402 quis
1263 2377 1404 2399 ostendet
1421 2376 1508 2398 nobis
1525 2376 1621 2398 honae

531 2424 627 2457 Pauci
655 2423 812 2469 quidem,
835 2424 962 2469 inquit.
983 2423 1083 2469 probi
1111 2425 1211 2457 simul
1238 2431 1271 2458 et
1296 2425 1564 2471 philosophandi
1591 2425 1705 2470 gnari,
1726 2425 1962 2458 inconcussam
1983 2423 2017 2456 in
2034 2424 2107 2457 Deo

436 2491 529 2525 spem
556 2482 720 2515 retinent:
743 2479 920 2514 confidunt
946 2481 1035 2514 enim
1056 2482 1085 2514 ei
1105 2482 1463 2527 incomprehensibilia
1487 2482 1578 2516 bona
1601 2483 1826 2528 promittenti.
1854 2481 1951 2515 Multi
1971 2487 2103 2518 autem,

433 2538 466 2570 id
493 2545 541 2571 est
568 2550 652 2584 vaga
680 2537 777 2584 plebs
803 2545 904 2584 atque
930 2539 1140 2577 indistincta,
1160 2541 1315 2574 vesaniae
1341 2540 1473 2578 dedita,
1496 2546 1709 2586 praesentem
1735 2540 1878 2574 carnalis
1903 2539 2107 2585 impuritatis

434 2606 532 2628 usum
545 2622 553 2634 ‚
574 2597 716 2642 speratis
736 2596 836 2630 honis
855 2603 1065 2642 anteponens
1086 2597 1147 2630 ait:
1168 2598 1245 2641 quis
1263 2597 1417 2631 ostendet
1440 2597 1539 2631 nobis
1558 2597 1672 2632 hona?
1691 2598 1834 2631 Illorum
1853 2597 2026 2636 videlicet,
2045 2597 2104 2641 qui

434 2652 493 2684 Dei
520 2651 802 2697 gubernationem
830 2654 925 2688 flocci
952 2653 1096 2692 faciunt,
1117 2653 1221 2687 verba
1240 2654 1323 2688 haec
1340 2662 1437 2688 sunt:
1460 2655 1601 2689 ubinam
1626 2656 1687 2689 Dei
1713 2655 1927 2701 providentia
1952 2655 1987 2688 in
2012 2659 2103 2687 tanta

532 2750 565 2778 {1}
585 2748 626 2774 Ad
642 2749 772 2783 Ephesios
785 2751 830 2776 IV.
845 2753 891 2777 26:
910 2751 1085 2783 irascimini,
1101 2751 1128 2776 et
1146 2749 1231 2776 nolite
1245 2757 1379 2784 peccare:
1400 2750 1442 2776 sol
1461 2759 1515 2777 non
1534 2751 1647 2778 occidat
1663 2759 1748 2785 super
1766 2750 1946 2777 iracundiam
1969 2751 2101 2776 vestram.

536 2794 565 2819 '22
586 2793 685 2820 Mentis
704 2802 812 2829 quoque
831 2795 976 2829 puritatem
996 2802 1051 2821 non
1068 2794 1150 2821 semel
1167 2793 1303 2829 praedicat
1319 2795 1454 2830 Cyrillus,
1468 2795 1550 2822 veluti
1564 2794 1597 2821 ad
1616 2795 1637 2820 1.
1652 2795 1713 2821 Cor.
1727 2795 1773 2821 vt.
1789 2797 1830 2821 19.
1848 2795 1970 2828 Itemque
1985 2793 2014 2820 in
2030 2792 2103 2827 frag-

437 2838 528 2862 mento
547 2835 582 2861 ad
603 2836 704 2863 Coloss.
725 2837 797 2872 apud
816 2846 866 2865 nos
884 2846 910 2873 p.
933 2838 980 2865 lat.
1001 2841 1049 2871 68,
1069 2842 1096 2866 et
1114 2837 1189 2866 alibi.
1210 2838 1278 2865 Heic
1296 2845 1360 2873 ergo
1381 2838 1415 2866 de
1436 2838 1617 2866 involuntaria
1640 2838 1780 2873 phantasia
1799 2838 1929 2872 loquitur.
