<?xml version="1.0" encoding="UTF-8"?>
<!DOCTYPE html PUBLIC "-//W3C//DTD XHTML 1.0 Transitional//EN"
    "http://www.w3.org/TR/xhtml1/DTD/xhtml1-transitional.dtd">
<html xmlns="http://www.w3.org/1999/xhtml" xml:lang="en" lang="en">
 <head>
  <title>
</title>
<meta http-equiv="Content-Type" content="text/html;charset=utf-8" />
  <meta name='ocr-system' content='tesseract 3.04.00' />
  <meta name='ocr-capabilities' content='ocr_page ocr_carea ocr_par ocr_line ocrx_word'/>
</head>
<body>
  <div class='ocr_page' id='page_1' title='image "./novaepatrumbibli03maiauoft/novaepatrumbibli03maiauoft_0629.png"; bbox 0 0 2205 3177; ppageno 0'>
   <div class='ocr_carea' id='block_1_1' title="bbox 657 175 1775 210">
    <p class='ocr_par' dir='ltr' id='par_1_1' title="bbox 657 175 1775 210">
     <span class='ocr_line' id='line_1_1' title="bbox 657 175 1775 210; baseline -0.002 0"><span class='ocrx_word' id='word_1_1' title='bbox 657 187 690 210; x_wconf 75' lang='lat' dir='ltr'>IN</span> <span class='ocrx_word' id='word_1_2' title='bbox 718 187 868 209; x_wconf 43' lang='lat' dir='ltr'>esitLMUM</span> <span class='ocrx_word' id='word_1_3' title='bbox 895 187 1005 208; x_wconf 75' lang='lat' dir='ltr'>xxxn.</span> <span class='ocrx_word' id='word_1_4' title='bbox 1034 187 1072 208; x_wconf 81' lang='lat' dir='ltr'>ET</span> <span class='ocrx_word' id='word_1_5' title='bbox 1099 187 1223 208; x_wconf 81' lang='lat' dir='ltr'>xxxin.</span> <span class='ocrx_word' id='word_1_6' title='bbox 1717 175 1775 208; x_wconf 75' lang='lat'>15¹</span> 
     </span>
    </p>
   </div>
   <div class='ocr_carea' id='block_1_2' title="bbox 100 250 1786 1160">
    <p class='ocr_par' dir='ltr' id='par_1_2' title="bbox 106 250 1785 402">
     <span class='ocr_line' id='line_1_2' title="bbox 106 250 1785 304; baseline -0.005 -13"><span class='ocrx_word' id='word_1_7' title='bbox 106 258 219 304; x_wconf 85' lang='lat' dir='ltr'>piente</span> <span class='ocrx_word' id='word_1_8' title='bbox 245 253 349 287; x_wconf 86' lang='lat' dir='ltr'>corde</span> <span class='ocrx_word' id='word_1_9' title='bbox 375 258 470 290; x_wconf 84' lang='lat' dir='ltr'>sunt,</span> <span class='ocrx_word' id='word_1_10' title='bbox 494 252 656 297; x_wconf 71' lang='lat' dir='ltr'>sapientia</span> <span class='ocrx_word' id='word_1_11' title='bbox 683 251 788 285; x_wconf 57' lang='lat' dir='ltr'>verba</span> <span class='ocrx_word' id='word_1_12' title='bbox 815 250 962 284; x_wconf 89' lang='lat' dir='ltr'>libenter</span> <span class='ocrx_word' id='word_1_13' title='bbox 988 251 1147 287; x_wconf 82' lang='lat' dir='ltr'>audiunt,</span> <span class='ocrx_word' id='word_1_14' title='bbox 1171 251 1422 296; x_wconf 67' lang='lat' dir='ltr'>sententiasque</span> <span class='ocrx_word' id='word_1_15' title='bbox 1445 250 1485 283; x_wconf 85' lang='lat' dir='ltr'>ad</span> <span class='ocrx_word' id='word_1_16' title='bbox 1508 250 1637 283; x_wconf 86' lang='lat' dir='ltr'>bouum</span> <span class='ocrx_word' id='word_1_17' title='bbox 1665 251 1785 295; x_wconf 83' lang='lat' dir='ltr'>impel-</span> 
     </span>
     <span class='ocr_line' id='line_1_3' title="bbox 108 308 976 355; baseline -0.009 -7"><span class='ocrx_word' id='word_1_18' title='bbox 108 315 215 348; x_wconf 87' lang='lat' dir='ltr'>lentes</span> <span class='ocrx_word' id='word_1_19' title='bbox 241 310 369 355; x_wconf 82' lang='lat' dir='ltr'>absque</span> <span class='ocrx_word' id='word_1_20' title='bbox 395 309 465 342; x_wconf 90' lang='lat' dir='ltr'>ulla</span> <span class='ocrx_word' id='word_1_21' title='bbox 492 310 705 343; x_wconf 71' lang='lat' dir='ltr'>cunctatione</span> <span class='ocrx_word' id='word_1_22' title='bbox 727 309 772 353; x_wconf 57' lang='lat'>(1)</span> <span class='ocrx_word' id='word_1_23' title='bbox 795 308 976 353; x_wconf 86' lang='lat' dir='ltr'>recipiunt.</span> 
     </span>
     <span class='ocr_line' id='line_1_4' title="bbox 683 373 1212 402; baseline -0.002 -5"><span class='ocrx_word' id='word_1_24' title='bbox 683 374 883 402; x_wconf 62' lang='lat' dir='ltr'>magnificate</span> <span class='ocrx_word' id='word_1_25' title='bbox 900 373 1067 396; x_wconf 76' lang='lat' dir='ltr'>Dominum</span> <span class='ocrx_word' id='word_1_26' title='bbox 1085 380 1212 396; x_wconf 81' lang='lat' dir='ltr'>mecum.</span> 
     </span>
    </p>

    <p class='ocr_par' dir='ltr' id='par_1_3' title="bbox 104 407 1786 577">
     <span class='ocr_line' id='line_1_5' title="bbox 200 407 1785 468; baseline -0.003 -8"><span class='ocrx_word' id='word_1_27' title='bbox 200 427 370 468; x_wconf 82' lang='lat' dir='ltr'>Quoniam</span> <span class='ocrx_word' id='word_1_28' title='bbox 398 437 463 459; x_wconf 89' lang='lat' dir='ltr'>una</span> <span class='ocrx_word' id='word_1_29' title='bbox 490 436 603 461; x_wconf 90' lang='lat' dir='ltr'>mens,</span> <span class='ocrx_word' id='word_1_30' title='bbox 627 431 657 458; x_wconf 92' lang='lat' dir='ltr'>et</span> <span class='ocrx_word' id='word_1_31' title='bbox 686 425 786 457; x_wconf 87' lang='lat' dir='ltr'>unius</span> <span class='ocrx_word' id='word_1_32' title='bbox 813 407 962 456; x_wconf 77' lang='lat' dir='ltr'>hominis</span> <span class='ocrx_word' id='word_1_33' title='bbox 990 422 1186 461; x_wconf 74' lang='lat' dir='ltr'>meditatio,</span> <span class='ocrx_word' id='word_1_34' title='bbox 1209 435 1251 456; x_wconf 85' lang='lat' dir='ltr'>ne</span> <span class='ocrx_word' id='word_1_35' title='bbox 1278 423 1449 456; x_wconf 87' lang='lat' dir='ltr'>tantillum</span> <span class='ocrx_word' id='word_1_36' title='bbox 1469 424 1609 468; x_wconf 87' lang='lat' dir='ltr'>quidem</span> <span class='ocrx_word' id='word_1_37' title='bbox 1628 423 1715 457; x_wconf 76' lang='lat' dir='ltr'>valet</span> <span class='ocrx_word' id='word_1_38' title='bbox 1743 424 1785 457; x_wconf 90' lang='lat' dir='ltr'>ad</span> 
     </span>
     <span class='ocr_line' id='line_1_6' title="bbox 104 480 1786 531; baseline -0.003 -12"><span class='ocrx_word' id='word_1_39' title='bbox 104 485 314 531; x_wconf 78' lang='lat' dir='ltr'>magnalium</span> <span class='ocrx_word' id='word_1_40' title='bbox 330 484 389 517; x_wconf 88' lang='lat' dir='ltr'>Dei</span> <span class='ocrx_word' id='word_1_41' title='bbox 409 483 770 528; x_wconf 73' lang='lat' dir='ltr'>comprehensionem,</span> <span class='ocrx_word' id='word_1_42' title='bbox 787 487 927 514; x_wconf 84' lang='lat' dir='ltr'>cunctos</span> <span class='ocrx_word' id='word_1_43' title='bbox 944 481 1043 513; x_wconf 85' lang='lat' dir='ltr'>simul</span> <span class='ocrx_word' id='word_1_44' title='bbox 1063 487 1260 514; x_wconf 84' lang='lat' dir='ltr'>mansuetos</span> <span class='ocrx_word' id='word_1_45' title='bbox 1280 480 1321 513; x_wconf 83' lang='lat' dir='ltr'>ad</span> <span class='ocrx_word' id='word_1_46' title='bbox 1344 481 1442 514; x_wconf 77' lang='lat' dir='ltr'>liuius</span> <span class='ocrx_word' id='word_1_47' title='bbox 1461 483 1508 515; x_wconf 87' lang='lat' dir='ltr'>rei</span> <span class='ocrx_word' id='word_1_48' title='bbox 1528 482 1678 526; x_wconf 80' lang='lat' dir='ltr'>agendae</span> <span class='ocrx_word' id='word_1_49' title='bbox 1699 493 1786 515; x_wconf 87' lang='lat' dir='ltr'>com-</span> 
     </span>
     <span class='ocr_line' id='line_1_7' title="bbox 104 542 481 577; baseline -0.008 0"><span class='ocrx_word' id='word_1_50' title='bbox 104 543 303 577; x_wconf 88' lang='lat' dir='ltr'>munionem</span> <span class='ocrx_word' id='word_1_51' title='bbox 330 542 481 574; x_wconf 77' lang='lat' dir='ltr'>assumit.</span> 
     </span>
    </p>

    <p class='ocr_par' dir='ltr' id='par_1_4' title="bbox 642 603 1249 631">
     <span class='ocr_line' id='line_1_8' title="bbox 642 603 1249 631; baseline -0.003 -4"><span class='ocrx_word' id='word_1_52' title='bbox 642 604 789 627; x_wconf 69' lang='lat' dir='ltr'>Acce-lite</span> <span class='ocrx_word' id='word_1_53' title='bbox 805 605 844 626; x_wconf 79' lang='lat' dir='ltr'>ml</span> <span class='ocrx_word' id='word_1_54' title='bbox 861 611 946 631; x_wconf 76' lang='lat' dir='ltr'>eum,</span> <span class='ocrx_word' id='word_1_55' title='bbox 962 606 992 626; x_wconf 72' lang='lat' dir='ltr'>et</span> <span class='ocrx_word' id='word_1_56' title='bbox 1010 603 1249 626; x_wconf 79' lang='lat' dir='ltr'>illuminamini.</span> 
     </span>
    </p>

    <p class='ocr_par' dir='ltr' id='par_1_5' title="bbox 100 652 1786 1160">
     <span class='ocr_line' id='line_1_9' title="bbox 199 652 1785 701; baseline -0.003 -11"><span class='ocrx_word' id='word_1_57' title='bbox 199 657 263 697; x_wconf 87' lang='lat' dir='ltr'>Qui</span> <span class='ocrx_word' id='word_1_58' title='bbox 291 655 422 701; x_wconf 90' lang='lat' dir='ltr'>aliquid</span> <span class='ocrx_word' id='word_1_59' title='bbox 448 655 567 688; x_wconf 70' lang='lat' dir='ltr'>volunt</span> <span class='ocrx_word' id='word_1_60' title='bbox 586 654 629 687; x_wconf 90' lang='lat' dir='ltr'>de</span> <span class='ocrx_word' id='word_1_61' title='bbox 648 654 760 686; x_wconf 69' lang='lat' dir='ltr'>dixiua</span> <span class='ocrx_word' id='word_1_62' title='bbox 782 665 1010 699; x_wconf 84' lang='lat' dir='ltr'>supremaque</span> <span class='ocrx_word' id='word_1_63' title='bbox 1038 659 1158 686; x_wconf 86' lang='lat' dir='ltr'>natura</span> <span class='ocrx_word' id='word_1_64' title='bbox 1185 653 1318 691; x_wconf 79' lang='lat' dir='ltr'>dicere,</span> <span class='ocrx_word' id='word_1_65' title='bbox 1343 653 1425 685; x_wconf 85' lang='lat' dir='ltr'>nihil</span> <span class='ocrx_word' id='word_1_66' title='bbox 1455 652 1623 687; x_wconf 87' lang='lat' dir='ltr'>abiectum</span> <span class='ocrx_word' id='word_1_67' title='bbox 1645 660 1701 687; x_wconf 89' lang='lat' dir='ltr'>aut</span> <span class='ocrx_word' id='word_1_68' title='bbox 1721 652 1785 687; x_wconf 83' lang='lat' dir='ltr'>liu-</span> 
     </span>
     <span class='ocr_line' id='line_1_10' title="bbox 100 711 1785 757; baseline -0.002 -9"><span class='ocrx_word' id='word_1_69' title='bbox 100 716 212 748; x_wconf 77' lang='lat' dir='ltr'>manis</span> <span class='ocrx_word' id='word_1_70' title='bbox 230 713 334 748; x_wconf 87' lang='lat' dir='ltr'>rebus</span> <span class='ocrx_word' id='word_1_71' title='bbox 353 719 636 749; x_wconf 75' lang='lat' dir='ltr'>consentaneum,</span> <span class='ocrx_word' id='word_1_72' title='bbox 658 712 711 745; x_wconf 67' lang='lat' dir='ltr'>vel</span> <span class='ocrx_word' id='word_1_73' title='bbox 733 713 865 756; x_wconf 77' lang='lat' dir='ltr'>genitae</span> <span class='ocrx_word' id='word_1_74' title='bbox 893 712 1066 756; x_wconf 86' lang='lat' dir='ltr'>factaeque</span> <span class='ocrx_word' id='word_1_75' title='bbox 1086 717 1226 744; x_wconf 87' lang='lat' dir='ltr'>naturae</span> <span class='ocrx_word' id='word_1_76' title='bbox 1252 711 1517 756; x_wconf 82' lang='lat' dir='ltr'>quomodolibet</span> <span class='ocrx_word' id='word_1_77' title='bbox 1542 712 1671 749; x_wconf 83' lang='lat' dir='ltr'>simile,</span> <span class='ocrx_word' id='word_1_78' title='bbox 1693 713 1785 757; x_wconf 74' lang='lat' dir='ltr'>cogi-</span> 
     </span>
     <span class='ocr_line' id='line_1_11' title="bbox 104 768 1781 815; baseline -0.003 -9"><span class='ocrx_word' id='word_1_79' title='bbox 104 778 177 806; x_wconf 87' lang='lat' dir='ltr'>tant</span> <span class='ocrx_word' id='word_1_80' title='bbox 192 772 234 806; x_wconf 90' lang='lat' dir='ltr'>de</span> <span class='ocrx_word' id='word_1_81' title='bbox 255 772 311 805; x_wconf 86' lang='lat' dir='ltr'>illa</span> <span class='ocrx_word' id='word_1_82' title='bbox 328 771 381 804; x_wconf 67' lang='lat' dir='ltr'>xel</span> <span class='ocrx_word' id='word_1_83' title='bbox 398 771 532 807; x_wconf 85' lang='lat' dir='ltr'>dicunt,</span> <span class='ocrx_word' id='word_1_84' title='bbox 550 769 609 803; x_wconf 88' lang='lat' dir='ltr'>sed</span> <span class='ocrx_word' id='word_1_85' title='bbox 629 781 865 815; x_wconf 86' lang='lat' dir='ltr'>quaecumque</span> <span class='ocrx_word' id='word_1_86' title='bbox 887 770 998 814; x_wconf 82' lang='lat' dir='ltr'>potius</span> <span class='ocrx_word' id='word_1_87' title='bbox 1015 768 1177 801; x_wconf 79' lang='lat' dir='ltr'>sublimia</span> <span class='ocrx_word' id='word_1_88' title='bbox 1196 775 1272 801; x_wconf 86' lang='lat' dir='ltr'>sunt</span> <span class='ocrx_word' id='word_1_89' title='bbox 1284 795 1291 805; x_wconf 87' lang='lat'>,</span> <span class='ocrx_word' id='word_1_90' title='bbox 1308 775 1339 801; x_wconf 88' lang='lat' dir='ltr'>et</span> <span class='ocrx_word' id='word_1_91' title='bbox 1357 768 1411 801; x_wconf 88' lang='lat' dir='ltr'>alii</span> <span class='ocrx_word' id='word_1_92' title='bbox 1428 770 1555 802; x_wconf 77' lang='lat' dir='ltr'>nemini</span> <span class='ocrx_word' id='word_1_93' title='bbox 1574 771 1781 802; x_wconf 85' lang='lat' dir='ltr'>communia.</span> 
     </span>
     <span class='ocr_line' id='line_1_12' title="bbox 102 825 1783 872; baseline -0.003 -8"><span class='ocrx_word' id='word_1_94' title='bbox 102 850 123 856; x_wconf 83' lang='lat'>—</span> <span class='ocrx_word' id='word_1_95' title='bbox 149 830 332 870; x_wconf 77' lang='lat' dir='ltr'>Quaeritur</span> <span class='ocrx_word' id='word_1_96' title='bbox 358 829 446 862; x_wconf 85' lang='lat' dir='ltr'>Deus</span> <span class='ocrx_word' id='word_1_97' title='bbox 472 839 541 861; x_wconf 89' lang='lat' dir='ltr'>non</span> <span class='ocrx_word' id='word_1_98' title='bbox 569 827 741 865; x_wconf 71' lang='lat' dir='ltr'>localiter,</span> <span class='ocrx_word' id='word_1_99' title='bbox 771 827 934 872; x_wconf 86' lang='lat' dir='ltr'>quoniam</span> <span class='ocrx_word' id='word_1_100' title='bbox 962 825 1052 859; x_wconf 85' lang='lat' dir='ltr'>liaud</span> <span class='ocrx_word' id='word_1_101' title='bbox 1082 826 1158 859; x_wconf 89' lang='lat' dir='ltr'>loco</span> <span class='ocrx_word' id='word_1_102' title='bbox 1188 826 1302 859; x_wconf 73' lang='lat' dir='ltr'>‹tixina</span> <span class='ocrx_word' id='word_1_103' title='bbox 1334 833 1454 859; x_wconf 87' lang='lat' dir='ltr'>natura</span> <span class='ocrx_word' id='word_1_104' title='bbox 1483 827 1697 865; x_wconf 82' lang='lat' dir='ltr'>continetur,</span> <span class='ocrx_word' id='word_1_105' title='bbox 1727 827 1783 860; x_wconf 86' lang='lat' dir='ltr'>sed</span> 
     </span>
     <span class='ocr_line' id='line_1_13' title="bbox 101 883 1785 930; baseline -0.001 -10"><span class='ocrx_word' id='word_1_106' title='bbox 101 893 196 921; x_wconf 74' lang='lat' dir='ltr'>extra</span> <span class='ocrx_word' id='word_1_107' title='bbox 222 897 359 921; x_wconf 87' lang='lat' dir='ltr'>omnem</span> <span class='ocrx_word' id='word_1_108' title='bbox 385 885 734 930; x_wconf 75' lang='lat' dir='ltr'>circumscriptionem</span> <span class='ocrx_word' id='word_1_109' title='bbox 762 885 876 918; x_wconf 87' lang='lat' dir='ltr'>omnia</span> <span class='ocrx_word' id='word_1_110' title='bbox 903 884 1041 929; x_wconf 84' lang='lat' dir='ltr'>implet:</span> <span class='ocrx_word' id='word_1_111' title='bbox 1070 883 1255 917; x_wconf 66' lang='lat' dir='ltr'>dexotione</span> <span class='ocrx_word' id='word_1_112' title='bbox 1281 891 1398 917; x_wconf 64' lang='lat' dir='ltr'>autem&gt;</span> <span class='ocrx_word' id='word_1_113' title='bbox 1421 885 1618 929; x_wconf 81' lang='lat' dir='ltr'>quaeritur,</span> <span class='ocrx_word' id='word_1_114' title='bbox 1646 890 1677 917; x_wconf 87' lang='lat' dir='ltr'>et</span> <span class='ocrx_word' id='word_1_115' title='bbox 1706 896 1785 918; x_wconf 88' lang='lat' dir='ltr'>sana</span> 
     </span>
     <span class='ocr_line' id='line_1_14' title="bbox 102 941 1784 987; baseline -0.002 -8"><span class='ocrx_word' id='word_1_116' title='bbox 102 946 215 979; x_wconf 80' lang='lat' dir='ltr'>cultus</span> <span class='ocrx_word' id='word_1_117' title='bbox 240 945 391 978; x_wconf 87' lang='lat' dir='ltr'>ratione:</span> <span class='ocrx_word' id='word_1_118' title='bbox 413 944 585 977; x_wconf 82' lang='lat' dir='ltr'>invenitur</span> <span class='ocrx_word' id='word_1_119' title='bbox 611 944 703 976; x_wconf 89' lang='lat' dir='ltr'>enim</span> <span class='ocrx_word' id='word_1_120' title='bbox 729 943 863 976; x_wconf 85' lang='lat' dir='ltr'>virtutis</span> <span class='ocrx_word' id='word_1_121' title='bbox 889 943 1069 979; x_wconf 75' lang='lat' dir='ltr'>exercitio,</span> <span class='ocrx_word' id='word_1_122' title='bbox 1092 948 1121 974; x_wconf 90' lang='lat' dir='ltr'>et</span> <span class='ocrx_word' id='word_1_123' title='bbox 1150 941 1321 986; x_wconf 77' lang='lat' dir='ltr'>dogmatis</span> <span class='ocrx_word' id='word_1_124' title='bbox 1347 942 1568 980; x_wconf 84' lang='lat' dir='ltr'>rectitudine,</span> <span class='ocrx_word' id='word_1_125' title='bbox 1591 941 1634 975; x_wconf 84' lang='lat' dir='ltr'>ab</span> <span class='ocrx_word' id='word_1_126' title='bbox 1660 953 1702 975; x_wconf 87' lang='lat' dir='ltr'>eo</span> <span class='ocrx_word' id='word_1_127' title='bbox 1727 944 1784 987; x_wconf 86' lang='lat' dir='ltr'>qui</span> 
     </span>
     <span class='ocr_line' id='line_1_15' title="bbox 102 999 1786 1046; baseline -0.001 -11"><span class='ocrx_word' id='word_1_128' title='bbox 102 1003 267 1036; x_wconf 88' lang='lat' dir='ltr'>iudicium</span> <span class='ocrx_word' id='word_1_129' title='bbox 291 1002 522 1046; x_wconf 87' lang='lat' dir='ltr'>iustitiamque</span> <span class='ocrx_word' id='word_1_130' title='bbox 548 1002 757 1046; x_wconf 81' lang='lat' dir='ltr'>exsequitur.</span> <span class='ocrx_word' id='word_1_131' title='bbox 781 1021 803 1026; x_wconf 89' lang='lat'>—</span> <span class='ocrx_word' id='word_1_132' title='bbox 822 1001 993 1041; x_wconf 86' lang='lat' dir='ltr'>Quamdiu</span> <span class='ocrx_word' id='word_1_133' title='bbox 1014 1000 1135 1045; x_wconf 84' lang='lat' dir='ltr'>aliquis</span> <span class='ocrx_word' id='word_1_134' title='bbox 1155 1001 1268 1045; x_wconf 64' lang='lat' dir='ltr'>praxis</span> <span class='ocrx_word' id='word_1_135' title='bbox 1293 999 1448 1033; x_wconf 77' lang='lat' dir='ltr'>moribus</span> <span class='ocrx_word' id='word_1_136' title='bbox 1477 1000 1602 1038; x_wconf 80' lang='lat' dir='ltr'>utitur,</span> <span class='ocrx_word' id='word_1_137' title='bbox 1625 1006 1655 1033; x_wconf 89' lang='lat' dir='ltr'>et</span> <span class='ocrx_word' id='word_1_138' title='bbox 1678 1011 1786 1034; x_wconf 87' lang='lat' dir='ltr'>coeno</span> 
     </span>
     <span class='ocr_line' id='line_1_16' title="bbox 101 1056 1783 1104; baseline -0.001 -12"><span class='ocrx_word' id='word_1_139' title='bbox 101 1059 290 1093; x_wconf 84' lang='lat' dir='ltr'>carnalium</span> <span class='ocrx_word' id='word_1_140' title='bbox 309 1059 537 1104; x_wconf 83' lang='lat' dir='ltr'>cupiditatum</span> <span class='ocrx_word' id='word_1_141' title='bbox 557 1060 742 1095; x_wconf 78' lang='lat' dir='ltr'>retinetur,</span> <span class='ocrx_word' id='word_1_142' title='bbox 765 1058 920 1092; x_wconf 91' lang='lat' dir='ltr'>nondum</span> <span class='ocrx_word' id='word_1_143' title='bbox 942 1058 983 1091; x_wconf 87' lang='lat' dir='ltr'>ad</span> <span class='ocrx_word' id='word_1_144' title='bbox 1004 1058 1113 1091; x_wconf 85' lang='lat' dir='ltr'>Deum</span> <span class='ocrx_word' id='word_1_145' title='bbox 1132 1057 1279 1095; x_wconf 83' lang='lat' dir='ltr'>accedit,</span> <span class='ocrx_word' id='word_1_146' title='bbox 1302 1057 1360 1090; x_wconf 88' lang='lat' dir='ltr'>sed</span> <span class='ocrx_word' id='word_1_147' title='bbox 1383 1056 1425 1090; x_wconf 86' lang='lat' dir='ltr'>ab</span> <span class='ocrx_word' id='word_1_148' title='bbox 1445 1069 1486 1091; x_wconf 85' lang='lat' dir='ltr'>eo</span> <span class='ocrx_word' id='word_1_149' title='bbox 1507 1058 1622 1102; x_wconf 89' lang='lat' dir='ltr'>potius</span> <span class='ocrx_word' id='word_1_150' title='bbox 1641 1057 1783 1091; x_wconf 84' lang='lat' dir='ltr'>recedit.</span> 
     </span>
     <span class='ocr_line' id='line_1_17' title="bbox 100 1114 1786 1160; baseline -0.002 -10"><span class='ocrx_word' id='word_1_151' title='bbox 100 1117 178 1150; x_wconf 83' lang='lat' dir='ltr'>Mox</span> <span class='ocrx_word' id='word_1_152' title='bbox 206 1115 264 1150; x_wconf 92' lang='lat' dir='ltr'>ubi</span> <span class='ocrx_word' id='word_1_153' title='bbox 291 1115 329 1149; x_wconf 83' lang='lat' dir='ltr'>fit</span> <span class='ocrx_word' id='word_1_154' title='bbox 355 1128 473 1149; x_wconf 66' lang='lat' dir='ltr'>servus</span> <span class='ocrx_word' id='word_1_155' title='bbox 492 1117 552 1149; x_wconf 87' lang='lat' dir='ltr'>Dei</span> <span class='ocrx_word' id='word_1_156' title='bbox 566 1142 573 1154; x_wconf 81' lang='lat'>,</span> <span class='ocrx_word' id='word_1_157' title='bbox 595 1123 625 1149; x_wconf 87' lang='lat' dir='ltr'>et</span> <span class='ocrx_word' id='word_1_158' title='bbox 654 1115 893 1149; x_wconf 83' lang='lat' dir='ltr'>rectitudinem</span> <span class='ocrx_word' id='word_1_159' title='bbox 914 1121 1028 1160; x_wconf 87' lang='lat' dir='ltr'>optat,</span> <span class='ocrx_word' id='word_1_160' title='bbox 1051 1122 1080 1148; x_wconf 90' lang='lat' dir='ltr'>et</span> <span class='ocrx_word' id='word_1_161' title='bbox 1103 1116 1283 1159; x_wconf 75' lang='lat' dir='ltr'>omnigena</span> <span class='ocrx_word' id='word_1_162' title='bbox 1303 1126 1316 1147; x_wconf 65' lang='lat' dir='ltr'>x</span> <span class='ocrx_word' id='word_1_163' title='bbox 1330 1116 1430 1147; x_wconf 82' lang='lat' dir='ltr'>irtute</span> <span class='ocrx_word' id='word_1_164' title='bbox 1451 1114 1617 1148; x_wconf 78' lang='lat' dir='ltr'>imbutam</span> <span class='ocrx_word' id='word_1_165' title='bbox 1637 1121 1786 1148; x_wconf 87' lang='lat' dir='ltr'>mentem</span> 
     </span>
    </p>
   </div>
   <div class='ocr_carea' id='block_1_3' title="bbox 104 1171 1787 1219">
    <p class='ocr_par' dir='ltr' id='par_1_6' title="bbox 104 1171 1787 1219">
     <span class='ocr_line' id='line_1_18' title="bbox 104 1171 1787 1219; baseline -0.001 -13"><span class='ocrx_word' id='word_1_166' title='bbox 104 1184 186 1218; x_wconf 89' lang='lat' dir='ltr'>prae</span> <span class='ocrx_word' id='word_1_167' title='bbox 205 1185 240 1207; x_wconf 89' lang='lat' dir='ltr'>se</span> <span class='ocrx_word' id='word_1_168' title='bbox 260 1173 323 1207; x_wconf 84' lang='lat' dir='ltr'>fert</span> <span class='ocrx_word' id='word_1_169' title='bbox 337 1199 344 1211; x_wconf 80' lang='grc'><strong>.</strong></span> <span class='ocrx_word' id='word_1_170' title='bbox 365 1180 445 1207; x_wconf 90' lang='lat' dir='ltr'>tunc</span> <span class='ocrx_word' id='word_1_171' title='bbox 465 1173 605 1206; x_wconf 88' lang='lat' dir='ltr'>demum</span> <span class='ocrx_word' id='word_1_172' title='bbox 624 1175 696 1207; x_wconf 91' lang='lat' dir='ltr'>Deo</span> <span class='ocrx_word' id='word_1_173' title='bbox 719 1174 987 1219; x_wconf 85' lang='lat' dir='ltr'>appropinquat.</span> <span class='ocrx_word' id='word_1_174' title='bbox 1010 1193 1032 1198; x_wconf 93' lang='lat'><em>-</em></span> <span class='ocrx_word' id='word_1_175' title='bbox 1054 1172 1216 1205; x_wconf 79' lang='lat' dir='ltr'>Sedentes</span> <span class='ocrx_word' id='word_1_176' title='bbox 1242 1173 1277 1204; x_wconf 87' lang='lat' dir='ltr'>in</span> <span class='ocrx_word' id='word_1_177' title='bbox 1302 1171 1452 1205; x_wconf 77' lang='lat' dir='ltr'>tenebris</span> <span class='ocrx_word' id='word_1_178' title='bbox 1472 1179 1503 1205; x_wconf 86' lang='lat' dir='ltr'>et</span> <span class='ocrx_word' id='word_1_179' title='bbox 1525 1171 1646 1205; x_wconf 88' lang='lat' dir='ltr'>umbra</span> <span class='ocrx_word' id='word_1_180' title='bbox 1668 1173 1787 1205; x_wconf 79' lang='lat' dir='ltr'>mortis</span> 
     </span>
    </p>
   </div>
   <div class='ocr_carea' id='block_1_4' title="bbox 97 1228 1787 1912">
    <p class='ocr_par' dir='ltr' id='par_1_7' title="bbox 102 1228 1786 1376">
     <span class='ocr_line' id='line_1_19' title="bbox 102 1228 1786 1275; baseline 0 -12"><span class='ocrx_word' id='word_1_181' title='bbox 102 1230 261 1264; x_wconf 87' lang='lat' dir='ltr'>hortatur</span> <span class='ocrx_word' id='word_1_182' title='bbox 288 1230 448 1264; x_wconf 87' lang='lat' dir='ltr'>accedere</span> <span class='ocrx_word' id='word_1_183' title='bbox 475 1230 516 1263; x_wconf 91' lang='lat' dir='ltr'>ad</span> <span class='ocrx_word' id='word_1_184' title='bbox 543 1231 748 1267; x_wconf 77' lang='lat' dir='ltr'>Dominum,</span> <span class='ocrx_word' id='word_1_185' title='bbox 771 1237 802 1264; x_wconf 86' lang='lat' dir='ltr'>et</span> <span class='ocrx_word' id='word_1_186' title='bbox 822 1230 863 1263; x_wconf 87' lang='lat' dir='ltr'>ad</span> <span class='ocrx_word' id='word_1_187' title='bbox 885 1231 956 1263; x_wconf 90' lang='lat' dir='ltr'>eius</span> <span class='ocrx_word' id='word_1_188' title='bbox 976 1230 1162 1263; x_wconf 74' lang='lat' dir='ltr'>‹lixinitatis</span> <span class='ocrx_word' id='word_1_189' title='bbox 1189 1229 1322 1265; x_wconf 77' lang='lat' dir='ltr'>radios.</span> <span class='ocrx_word' id='word_1_190' title='bbox 1345 1236 1378 1262; x_wconf 81' lang='lat' dir='ltr'>ut</span> <span class='ocrx_word' id='word_1_191' title='bbox 1408 1228 1455 1262; x_wconf 89' lang='lat' dir='ltr'>ob</span> <span class='ocrx_word' id='word_1_192' title='bbox 1475 1229 1562 1263; x_wconf 82' lang='lat' dir='ltr'>hauc</span> <span class='ocrx_word' id='word_1_193' title='bbox 1583 1231 1786 1275; x_wconf 80' lang='lat' dir='ltr'>propinqui—</span> 
     </span>
     <span class='ocr_line' id='line_1_20' title="bbox 103 1288 1224 1333; baseline -0.002 -11"><span class='ocrx_word' id='word_1_194' title='bbox 103 1294 225 1325; x_wconf 88' lang='lat' dir='ltr'>tatem,</span> <span class='ocrx_word' id='word_1_195' title='bbox 246 1289 353 1333; x_wconf 82' lang='lat' dir='ltr'>gratia</span> <span class='ocrx_word' id='word_1_196' title='bbox 379 1288 670 1322; x_wconf 84' lang='lat' dir='ltr'>illuminationum</span> <span class='ocrx_word' id='word_1_197' title='bbox 698 1289 803 1333; x_wconf 85' lang='lat' dir='ltr'>ipsius</span> <span class='ocrx_word' id='word_1_198' title='bbox 829 1288 986 1321; x_wconf 87' lang='lat' dir='ltr'>illustrati</span> <span class='ocrx_word' id='word_1_199' title='bbox 1015 1289 1224 1333; x_wconf 82' lang='lat' dir='ltr'>resipiscant.</span> 
     </span>
     <span class='ocr_line' id='line_1_21' title="bbox 730 1354 1154 1376; baseline -0.002 0"><span class='ocrx_word' id='word_1_200' title='bbox 730 1354 881 1376; x_wconf 75' lang='lat' dir='ltr'>Dominus</span> <span class='ocrx_word' id='word_1_201' title='bbox 898 1354 1056 1376; x_wconf 70' lang='lat' dir='ltr'>exaudivit</span> <span class='ocrx_word' id='word_1_202' title='bbox 1075 1360 1154 1376; x_wconf 77' lang='lat' dir='ltr'>eum.</span> 
     </span>
    </p>

    <p class='ocr_par' dir='ltr' id='par_1_8' title="bbox 104 1402 1786 1506">
     <span class='ocr_line' id='line_1_22' title="bbox 195 1402 1786 1450; baseline 0.001 -13"><span class='ocrx_word' id='word_1_203' title='bbox 195 1405 229 1438; x_wconf 89' lang='lat' dir='ltr'>Si</span> <span class='ocrx_word' id='word_1_204' title='bbox 255 1406 331 1449; x_wconf 86' lang='lat' dir='ltr'>quis</span> <span class='ocrx_word' id='word_1_205' title='bbox 350 1411 399 1438; x_wconf 84' lang='lat' dir='ltr'>est</span> <span class='ocrx_word' id='word_1_206' title='bbox 419 1405 612 1442; x_wconf 86' lang='lat' dir='ltr'>modestus,</span> <span class='ocrx_word' id='word_1_207' title='bbox 635 1405 713 1437; x_wconf 87' lang='lat' dir='ltr'>huic</span> <span class='ocrx_word' id='word_1_208' title='bbox 733 1405 822 1437; x_wconf 78' lang='lat' dir='ltr'>Deus</span> <span class='ocrx_word' id='word_1_209' title='bbox 848 1416 966 1437; x_wconf 87' lang='lat' dir='ltr'>aurem</span> <span class='ocrx_word' id='word_1_210' title='bbox 986 1415 1081 1437; x_wconf 85' lang='lat' dir='ltr'>suam</span> <span class='ocrx_word' id='word_1_211' title='bbox 1102 1403 1276 1449; x_wconf 88' lang='lat' dir='ltr'>patefacit.</span> <span class='ocrx_word' id='word_1_212' title='bbox 1299 1410 1330 1436; x_wconf 90' lang='lat' dir='ltr'>et</span> <span class='ocrx_word' id='word_1_213' title='bbox 1351 1402 1498 1437; x_wconf 81' lang='lat' dir='ltr'>libenter</span> <span class='ocrx_word' id='word_1_214' title='bbox 1518 1404 1704 1437; x_wconf 79' lang='lat' dir='ltr'>admodum</span> <span class='ocrx_word' id='word_1_215' title='bbox 1727 1416 1786 1450; x_wconf 89' lang='lat' dir='ltr'>pe-</span> 
     </span>
     <span class='ocr_line' id='line_1_23' title="bbox 104 1460 1501 1506; baseline 0 -12"><span class='ocrx_word' id='word_1_216' title='bbox 104 1461 281 1494; x_wconf 86' lang='lat' dir='ltr'>titionibus</span> <span class='ocrx_word' id='word_1_217' title='bbox 306 1461 459 1494; x_wconf 87' lang='lat' dir='ltr'>eiusdem</span> <span class='ocrx_word' id='word_1_218' title='bbox 485 1462 622 1499; x_wconf 78' lang='lat' dir='ltr'>annuit,</span> <span class='ocrx_word' id='word_1_219' title='bbox 644 1461 755 1494; x_wconf 88' lang='lat' dir='ltr'>donec</span> <span class='ocrx_word' id='word_1_220' title='bbox 781 1473 858 1494; x_wconf 90' lang='lat' dir='ltr'>eum</span> <span class='ocrx_word' id='word_1_221' title='bbox 886 1460 1148 1494; x_wconf 59' lang='lat' dir='ltr'>adversitatibus</span> <span class='ocrx_word' id='word_1_222' title='bbox 1175 1462 1304 1494; x_wconf 83' lang='lat' dir='ltr'>cunctis</span> <span class='ocrx_word' id='word_1_223' title='bbox 1331 1462 1501 1506; x_wconf 84' lang='lat' dir='ltr'>expediat.</span> 
     </span>
    </p>

    <p class='ocr_par' dir='ltr' id='par_1_9' title="bbox 631 1527 1252 1556">
     <span class='ocr_line' id='line_1_24' title="bbox 631 1527 1252 1556; baseline 0 -7"><span class='ocrx_word' id='word_1_224' title='bbox 631 1527 884 1550; x_wconf 60' lang='lat' dir='ltr'>sastrametntur</span> <span class='ocrx_word' id='word_1_225' title='bbox 899 1527 1032 1556; x_wconf 69' lang='lat' dir='ltr'>angelus</span> <span class='ocrx_word' id='word_1_226' title='bbox 1050 1528 1177 1550; x_wconf 80' lang='lat' dir='ltr'>Domini</span> <span class='ocrx_word' id='word_1_227' title='bbox 1195 1529 1252 1550; x_wconf 71' lang='lat' dir='ltr'>ete.</span> 
     </span>
    </p>

    <p class='ocr_par' dir='ltr' id='par_1_10' title="bbox 100 1577 1787 1738">
     <span class='ocr_line' id='line_1_25' title="bbox 193 1577 1787 1623; baseline 0.001 -13"><span class='ocrx_word' id='word_1_228' title='bbox 193 1578 323 1611; x_wconf 83' lang='lat' dir='ltr'>Sanctis</span> <span class='ocrx_word' id='word_1_229' title='bbox 350 1578 485 1611; x_wconf 86' lang='lat' dir='ltr'>tentatis</span> <span class='ocrx_word' id='word_1_230' title='bbox 504 1578 646 1623; x_wconf 88' lang='lat' dir='ltr'>apponit</span> <span class='ocrx_word' id='word_1_231' title='bbox 665 1578 756 1611; x_wconf 82' lang='lat' dir='ltr'>Deus</span> <span class='ocrx_word' id='word_1_232' title='bbox 775 1578 914 1623; x_wconf 80' lang='lat' dir='ltr'>angelos</span> <span class='ocrx_word' id='word_1_233' title='bbox 936 1578 980 1622; x_wconf 56' lang='lat'>(²2)</span> <span class='ocrx_word' id='word_1_234' title='bbox 1000 1578 1058 1622; x_wconf 90' lang='lat' dir='ltr'>qui</span> <span class='ocrx_word' id='word_1_235' title='bbox 1085 1583 1203 1611; x_wconf 85' lang='lat' dir='ltr'>acuant</span> <span class='ocrx_word' id='word_1_236' title='bbox 1225 1577 1266 1610; x_wconf 90' lang='lat' dir='ltr'>ad</span> <span class='ocrx_word' id='word_1_237' title='bbox 1288 1577 1544 1616; x_wconf 79' lang='lat' dir='ltr'>fortitudinem,</span> <span class='ocrx_word' id='word_1_238' title='bbox 1566 1579 1693 1623; x_wconf 86' lang='lat' dir='ltr'>quique</span> <span class='ocrx_word' id='word_1_239' title='bbox 1713 1579 1787 1611; x_wconf 68' lang='lat' dir='ltr'>vio—</span> 
     </span>
     <span class='ocr_line' id='line_1_26' title="bbox 100 1631 1784 1680; baseline 0.001 -13"><span class='ocrx_word' id='word_1_240' title='bbox 100 1633 209 1667; x_wconf 86' lang='lat' dir='ltr'>lentas</span> <span class='ocrx_word' id='word_1_241' title='bbox 235 1633 278 1667; x_wconf 88' lang='lat' dir='ltr'>ab</span> <span class='ocrx_word' id='word_1_242' title='bbox 304 1635 351 1667; x_wconf 91' lang='lat' dir='ltr'>eis</span> <span class='ocrx_word' id='word_1_243' title='bbox 377 1635 588 1668; x_wconf 84' lang='lat' dir='ltr'>incursiones</span> <span class='ocrx_word' id='word_1_244' title='bbox 615 1646 728 1668; x_wconf 89' lang='lat' dir='ltr'>arcere</span> <span class='ocrx_word' id='word_1_245' title='bbox 754 1641 892 1680; x_wconf 86' lang='lat' dir='ltr'>queant.</span> <span class='ocrx_word' id='word_1_246' title='bbox 922 1635 998 1668; x_wconf 89' lang='lat' dir='ltr'>Sola</span> <span class='ocrx_word' id='word_1_247' title='bbox 1026 1636 1116 1668; x_wconf 89' lang='lat' dir='ltr'>enirn</span> <span class='ocrx_word' id='word_1_248' title='bbox 1145 1631 1244 1668; x_wconf 79' lang='lat' dir='ltr'>mens</span> <span class='ocrx_word' id='word_1_249' title='bbox 1268 1634 1418 1668; x_wconf 79' lang='lat' dir='ltr'>hominis</span> <span class='ocrx_word' id='word_1_250' title='bbox 1446 1641 1539 1669; x_wconf 87' lang='lat' dir='ltr'>tanto</span> <span class='ocrx_word' id='word_1_251' title='bbox 1567 1636 1784 1669; x_wconf 87' lang='lat' dir='ltr'>inimicorum</span> 
     </span>
     <span class='ocr_line' id='line_1_27' title="bbox 100 1691 588 1738; baseline 0.002 -14"><span class='ocrx_word' id='word_1_252' title='bbox 100 1691 249 1725; x_wconf 90' lang='lat' dir='ltr'>incursui</span> <span class='ocrx_word' id='word_1_253' title='bbox 276 1693 432 1726; x_wconf 85' lang='lat' dir='ltr'>resistere</span> <span class='ocrx_word' id='word_1_254' title='bbox 460 1693 588 1738; x_wconf 88' lang='lat' dir='ltr'>nequit.</span> 
     </span>
    </p>

    <p class='ocr_par' dir='ltr' id='par_1_11' title="bbox 697 1760 1188 1787">
     <span class='ocr_line' id='line_1_28' title="bbox 697 1760 1188 1787; baseline 0 -5"><span class='ocrx_word' id='word_1_255' title='bbox 697 1760 814 1783; x_wconf 72' lang='lat' dir='ltr'>Beatus</span> <span class='ocrx_word' id='word_1_256' title='bbox 830 1761 879 1782; x_wconf 72' lang='lat' dir='ltr'>vil·</span> <span class='ocrx_word' id='word_1_257' title='bbox 895 1761 949 1787; x_wconf 80' lang='lat' dir='ltr'>qui</span> <span class='ocrx_word' id='word_1_258' title='bbox 967 1762 1073 1787; x_wconf 73' lang='lat' dir='ltr'>sperat</span> <span class='ocrx_word' id='word_1_259' title='bbox 1090 1761 1124 1782; x_wconf 89' lang='lat' dir='ltr'>in</span> <span class='ocrx_word' id='word_1_260' title='bbox 1141 1760 1188 1783; x_wconf 73' lang='lat' dir='ltr'>eo!</span> 
     </span>
    </p>

    <p class='ocr_par' dir='ltr' id='par_1_12' title="bbox 196 1808 1785 1855">
     <span class='ocr_line' id='line_1_29' title="bbox 196 1808 1785 1855; baseline 0.001 -14"><span class='ocrx_word' id='word_1_261' title='bbox 196 1808 285 1848; x_wconf 72' lang='lat' dir='ltr'>Quid</span> <span class='ocrx_word' id='word_1_262' title='bbox 312 1809 403 1841; x_wconf 89' lang='lat' dir='ltr'>enim</span> <span class='ocrx_word' id='word_1_263' title='bbox 429 1809 602 1854; x_wconf 85' lang='lat' dir='ltr'>copiosius</span> <span class='ocrx_word' id='word_1_264' title='bbox 619 1815 669 1842; x_wconf 84' lang='lat' dir='ltr'>est</span> <span class='ocrx_word' id='word_1_265' title='bbox 689 1808 841 1842; x_wconf 75' lang='lat' dir='ltr'>bonitate</span> <span class='ocrx_word' id='word_1_266' title='bbox 860 1815 890 1842; x_wconf 92' lang='lat' dir='ltr'>et</span> <span class='ocrx_word' id='word_1_267' title='bbox 911 1810 1049 1842; x_wconf 84' lang='lat' dir='ltr'>caritate</span> <span class='ocrx_word' id='word_1_268' title='bbox 1068 1810 1159 1845; x_wconf 86' lang='lat' dir='ltr'>eius.</span> <span class='ocrx_word' id='word_1_269' title='bbox 1181 1811 1238 1854; x_wconf 89' lang='lat' dir='ltr'>qui</span> <span class='ocrx_word' id='word_1_270' title='bbox 1260 1811 1374 1842; x_wconf 85' lang='lat' dir='ltr'>omnia</span> <span class='ocrx_word' id='word_1_271' title='bbox 1397 1810 1540 1855; x_wconf 77' lang='lat' dir='ltr'>largitur</span> <span class='ocrx_word' id='word_1_272' title='bbox 1563 1809 1785 1855; x_wconf 76' lang='lat' dir='ltr'>diligentibus</span> 
     </span>
    </p>

    <p class='ocr_par' dir='ltr' id='par_1_13' title="bbox 97 1866 1783 1912">
     <span class='ocr_line' id='line_1_30' title="bbox 97 1866 1783 1912; baseline 0.001 -13"><span class='ocrx_word' id='word_1_273' title='bbox 97 1866 203 1899; x_wconf 76' lang='lat' dir='ltr'>eum?</span> <span class='ocrx_word' id='word_1_274' title='bbox 223 1866 319 1899; x_wconf 86' lang='lat' dir='ltr'>Certe</span> <span class='ocrx_word' id='word_1_275' title='bbox 344 1867 403 1911; x_wconf 91' lang='lat' dir='ltr'>qui</span> <span class='ocrx_word' id='word_1_276' title='bbox 423 1867 457 1899; x_wconf 92' lang='lat' dir='ltr'>in</span> <span class='ocrx_word' id='word_1_277' title='bbox 477 1878 518 1899; x_wconf 89' lang='lat' dir='ltr'>eo</span> <span class='ocrx_word' id='word_1_278' title='bbox 537 1878 632 1912; x_wconf 71' lang='lat' dir='ltr'>spem</span> <span class='ocrx_word' id='word_1_279' title='bbox 661 1878 757 1900; x_wconf 88' lang='lat' dir='ltr'>suam</span> <span class='ocrx_word' id='word_1_280' title='bbox 777 1867 1013 1902; x_wconf 68' lang='lat' dir='ltr'>collocaverit.</span> <span class='ocrx_word' id='word_1_281' title='bbox 1035 1866 1250 1900; x_wconf 84' lang='lat' dir='ltr'>beatissimus</span> <span class='ocrx_word' id='word_1_282' title='bbox 1268 1878 1527 1912; x_wconf 73' lang='lat' dir='ltr'>quaquaversus</span> <span class='ocrx_word' id='word_1_283' title='bbox 1545 1868 1622 1900; x_wconf 89' lang='lat' dir='ltr'>erit.</span> <span class='ocrx_word' id='word_1_284' title='bbox 1652 1868 1783 1900; x_wconf 88' lang='lat' dir='ltr'>Etenim</span> 
     </span>
    </p>
   </div>
   <div class='ocr_carea' id='block_1_5' title="bbox 100 1922 1837 1970">
    <p class='ocr_par' dir='ltr' id='par_1_14' title="bbox 100 1922 1837 1970">
     <span class='ocr_line' id='line_1_31' title="bbox 100 1922 1837 1970; baseline 0.002 -15"><span class='ocrx_word' id='word_1_285' title='bbox 100 1922 224 1956; x_wconf 89' lang='lat' dir='ltr'>melius</span> <span class='ocrx_word' id='word_1_286' title='bbox 249 1930 296 1957; x_wconf 86' lang='lat' dir='ltr'>est</span> <span class='ocrx_word' id='word_1_287' title='bbox 319 1935 457 1968; x_wconf 84' lang='lat' dir='ltr'>sperare</span> <span class='ocrx_word' id='word_1_288' title='bbox 477 1935 495 1958; x_wconf 85' lang='lat' dir='ltr'>a</span> <span class='ocrx_word' id='word_1_289' title='bbox 514 1925 680 1960; x_wconf 85' lang='lat' dir='ltr'>Domino,</span> <span class='ocrx_word' id='word_1_290' title='bbox 703 1925 813 1969; x_wconf 88' lang='lat' dir='ltr'>inquit</span> <span class='ocrx_word' id='word_1_291' title='bbox 833 1926 999 1969; x_wconf 87' lang='lat' dir='ltr'>scriptura</span> <span class='ocrx_word' id='word_1_292' title='bbox 1022 1925 1051 1957; x_wconf 81' lang='lat'>&#39;.</span> <span class='ocrx_word' id='word_1_293' title='bbox 1073 1936 1174 1969; x_wconf 83' lang='lat' dir='ltr'>quam</span> <span class='ocrx_word' id='word_1_294' title='bbox 1196 1936 1213 1958; x_wconf 88' lang='lat' dir='ltr'>a</span> <span class='ocrx_word' id='word_1_295' title='bbox 1234 1924 1447 1970; x_wconf 81' lang='lat' dir='ltr'>principibus</span> <span class='ocrx_word' id='word_1_296' title='bbox 1468 1937 1484 1958; x_wconf 90' lang='lat' dir='ltr'>a</span> <span class='ocrx_word' id='word_1_297' title='bbox 1504 1924 1630 1970; x_wconf 86' lang='lat' dir='ltr'>quihus</span> <span class='ocrx_word' id='word_1_298' title='bbox 1650 1936 1719 1958; x_wconf 90' lang='lat' dir='ltr'>non</span> <span class='ocrx_word' id='word_1_299' title='bbox 1739 1931 1786 1958; x_wconf 89' lang='lat' dir='ltr'>est</span> <span class='ocrx_word' id='word_1_300' title='bbox 1826 1924 1837 1964; x_wconf 64' lang='grc' dir='ltr'>,ζ</span> 
     </span>
    </p>
   </div>
   <div class='ocr_carea' id='block_1_6' title="bbox 98 1980 1784 2661">
    <p class='ocr_par' dir='ltr' id='par_1_15' title="bbox 99 1980 1783 2128">
     <span class='ocr_line' id='line_1_32' title="bbox 99 1980 1783 2027; baseline 0.001 -14"><span class='ocrx_word' id='word_1_301' title='bbox 99 1980 202 2014; x_wconf 86' lang='lat' dir='ltr'>salus.</span> <span class='ocrx_word' id='word_1_302' title='bbox 234 1981 344 2014; x_wconf 83' lang='lat' dir='ltr'>Putris</span> <span class='ocrx_word' id='word_1_303' title='bbox 369 1981 546 2014; x_wconf 68' lang='lat' dir='ltr'>enimvero</span> <span class='ocrx_word' id='word_1_304' title='bbox 573 1987 604 2014; x_wconf 86' lang='lat' dir='ltr'>et</span> <span class='ocrx_word' id='word_1_305' title='bbox 633 1981 762 2024; x_wconf 69' lang='lat' dir='ltr'>fragilis</span> <span class='ocrx_word' id='word_1_306' title='bbox 789 1994 864 2027; x_wconf 85' lang='lat' dir='ltr'>spes</span> <span class='ocrx_word' id='word_1_307' title='bbox 891 1988 937 2015; x_wconf 71' lang='lat' dir='ltr'>cst</span> <span class='ocrx_word' id='word_1_308' title='bbox 965 1993 1052 2026; x_wconf 82' lang='lat' dir='ltr'>quae</span> <span class='ocrx_word' id='word_1_309' title='bbox 1079 1982 1269 2015; x_wconf 82' lang='lat' dir='ltr'>collocatur</span> <span class='ocrx_word' id='word_1_310' title='bbox 1296 1983 1329 2015; x_wconf 84' lang='lat' dir='ltr'>iu</span> <span class='ocrx_word' id='word_1_311' title='bbox 1356 1982 1516 2020; x_wconf 75' lang='lat' dir='ltr'>homine;</span> <span class='ocrx_word' id='word_1_312' title='bbox 1546 1988 1615 2015; x_wconf 84' lang='lat' dir='ltr'>tuta</span> <span class='ocrx_word' id='word_1_313' title='bbox 1642 1993 1726 2015; x_wconf 67' lang='lat' dir='ltr'>vero</span> <span class='ocrx_word' id='word_1_314' title='bbox 1753 1989 1783 2014; x_wconf 95' lang='lat' dir='ltr'>ct</span> 
     </span>
     <span class='ocr_line' id='line_1_33' title="bbox 100 2037 1260 2083; baseline -0.001 -12"><span class='ocrx_word' id='word_1_315' title='bbox 100 2037 301 2071; x_wconf 85' lang='lat' dir='ltr'>omnimode</span> <span class='ocrx_word' id='word_1_316' title='bbox 328 2037 457 2072; x_wconf 86' lang='lat' dir='ltr'>stabilis</span> <span class='ocrx_word' id='word_1_317' title='bbox 483 2050 570 2083; x_wconf 86' lang='lat' dir='ltr'>quae</span> <span class='ocrx_word' id='word_1_318' title='bbox 596 2039 631 2071; x_wconf 87' lang='lat' dir='ltr'>in</span> <span class='ocrx_word' id='word_1_319' title='bbox 658 2039 839 2072; x_wconf 72' lang='lat' dir='ltr'>universali</span> <span class='ocrx_word' id='word_1_320' title='bbox 867 2040 950 2072; x_wconf 75' lang='lat' dir='ltr'>Deo.</span> <span class='ocrx_word' id='word_1_321' title='bbox 1256 2045 1260 2047; x_wconf 53' lang='lat'><em>⁴</em></span> 
     </span>
     <span class='ocr_line' id='line_1_34' title="bbox 621 2104 1260 2128; baseline 0 -1"><span class='ocrx_word' id='word_1_322' title='bbox 621 2104 742 2127; x_wconf 70' lang='lat' dir='ltr'>Timete</span> <span class='ocrx_word' id='word_1_323' title='bbox 759 2105 927 2127; x_wconf 79' lang='lat' dir='ltr'>Dominum</span> <span class='ocrx_word' id='word_1_324' title='bbox 945 2111 1048 2128; x_wconf 78' lang='lat' dir='ltr'>omnes</span> <span class='ocrx_word' id='word_1_325' title='bbox 1065 2106 1165 2128; x_wconf 76' lang='lat' dir='ltr'>sancti</span> <span class='ocrx_word' id='word_1_326' title='bbox 1183 2107 1260 2128; x_wconf 68' lang='lat' dir='ltr'>eius.</span> 
     </span>
    </p>

    <p class='ocr_par' dir='ltr' id='par_1_16' title="bbox 98 2153 1784 2661">
     <span class='ocr_line' id='line_1_35' title="bbox 196 2153 1784 2200; baseline 0 -14"><span class='ocrx_word' id='word_1_327' title='bbox 196 2154 324 2187; x_wconf 90' lang='lat' dir='ltr'>Sanctis</span> <span class='ocrx_word' id='word_1_328' title='bbox 349 2154 417 2187; x_wconf 90' lang='lat' dir='ltr'>iam</span> <span class='ocrx_word' id='word_1_329' title='bbox 443 2160 475 2187; x_wconf 91' lang='lat' dir='ltr'>et</span> <span class='ocrx_word' id='word_1_330' title='bbox 501 2153 593 2188; x_wconf 83' lang='lat' dir='ltr'>bona</span> <span class='ocrx_word' id='word_1_331' title='bbox 618 2160 731 2187; x_wconf 83' lang='lat' dir='ltr'>mente</span> <span class='ocrx_word' id='word_1_332' title='bbox 752 2154 932 2199; x_wconf 82' lang='lat' dir='ltr'>praeditis,</span> <span class='ocrx_word' id='word_1_333' title='bbox 954 2161 985 2188; x_wconf 81' lang='lat' dir='ltr'>et</span> <span class='ocrx_word' id='word_1_334' title='bbox 1014 2155 1240 2188; x_wconf 60' lang='lat' dir='ltr'>unixersalcm</span> <span class='ocrx_word' id='word_1_335' title='bbox 1260 2156 1368 2188; x_wconf 85' lang='lat' dir='ltr'>Deum</span> <span class='ocrx_word' id='word_1_336' title='bbox 1388 2154 1671 2200; x_wconf 75' lang='lat' dir='ltr'>agnoscentibus.</span> <span class='ocrx_word' id='word_1_337' title='bbox 1695 2160 1784 2188; x_wconf 84' lang='lat' dir='ltr'>recte</span> 
     </span>
     <span class='ocr_line' id='line_1_36' title="bbox 100 2211 1782 2258; baseline 0.001 -14"><span class='ocrx_word' id='word_1_338' title='bbox 100 2211 277 2245; x_wconf 87' lang='lat' dir='ltr'>inclamat:</span> <span class='ocrx_word' id='word_1_339' title='bbox 305 2213 418 2245; x_wconf 90' lang='lat' dir='ltr'>timete</span> <span class='ocrx_word' id='word_1_340' title='bbox 444 2213 629 2245; x_wconf 89' lang='lat' dir='ltr'>Dominum</span> <span class='ocrx_word' id='word_1_341' title='bbox 657 2224 777 2245; x_wconf 78' lang='lat' dir='ltr'>omnes</span> <span class='ocrx_word' id='word_1_342' title='bbox 803 2214 906 2245; x_wconf 84' lang='lat' dir='ltr'>sancti</span> <span class='ocrx_word' id='word_1_343' title='bbox 935 2214 1018 2246; x_wconf 77' lang='lat' dir='ltr'>cius.</span> <span class='ocrx_word' id='word_1_344' title='bbox 1049 2213 1112 2246; x_wconf 84' lang='lat' dir='ltr'>Sed</span> <span class='ocrx_word' id='word_1_345' title='bbox 1139 2213 1282 2246; x_wconf 81' lang='lat' dir='ltr'>fortasse</span> <span class='ocrx_word' id='word_1_346' title='bbox 1309 2213 1395 2246; x_wconf 68' lang='lat' dir='ltr'>‹lit-et</span> <span class='ocrx_word' id='word_1_347' title='bbox 1423 2213 1563 2258; x_wconf 85' lang='lat' dir='ltr'>aliquis:</span> <span class='ocrx_word' id='word_1_348' title='bbox 1593 2225 1654 2247; x_wconf 90' lang='lat' dir='ltr'>cur</span> <span class='ocrx_word' id='word_1_349' title='bbox 1680 2224 1782 2246; x_wconf 62' lang='lat' dir='ltr'>vero.</span> 
     </span>
     <span class='ocr_line' id='line_1_37' title="bbox 99 2269 1783 2317; baseline -0.001 -14"><span class='ocrx_word' id='word_1_350' title='bbox 99 2280 164 2303; x_wconf 74' lang='lat'>01¹0</span> <span class='ocrx_word' id='word_1_351' title='bbox 190 2276 239 2308; x_wconf 86' lang='lat' dir='ltr'>te,</span> <span class='ocrx_word' id='word_1_352' title='bbox 262 2271 329 2303; x_wconf 85' lang='lat' dir='ltr'>iam</span> <span class='ocrx_word' id='word_1_353' title='bbox 354 2269 571 2304; x_wconf 79' lang='lat' dir='ltr'>sanctificatis</span> <span class='ocrx_word' id='word_1_354' title='bbox 598 2270 698 2304; x_wconf 90' lang='lat' dir='ltr'>dicit:</span> <span class='ocrx_word' id='word_1_355' title='bbox 722 2271 837 2304; x_wconf 85' lang='lat' dir='ltr'>timete</span> <span class='ocrx_word' id='word_1_356' title='bbox 863 2271 1073 2304; x_wconf 73' lang='lat' dir='ltr'>Dominum?</span> <span class='ocrx_word' id='word_1_357' title='bbox 1097 2272 1187 2303; x_wconf 86' lang='lat' dir='ltr'>Num</span> <span class='ocrx_word' id='word_1_358' title='bbox 1213 2272 1306 2303; x_wconf 88' lang='lat' dir='ltr'>enim</span> <span class='ocrx_word' id='word_1_359' title='bbox 1330 2270 1402 2304; x_wconf 86' lang='lat' dir='ltr'>fieri</span> <span class='ocrx_word' id='word_1_360' title='bbox 1431 2277 1541 2317; x_wconf 84' lang='lat' dir='ltr'>potest</span> <span class='ocrx_word' id='word_1_361' title='bbox 1569 2277 1604 2304; x_wconf 87' lang='lat' dir='ltr'>ut</span> <span class='ocrx_word' id='word_1_362' title='bbox 1631 2270 1783 2315; x_wconf 87' lang='lat' dir='ltr'>quipiam</span> 
     </span>
     <span class='ocr_line' id='line_1_38' title="bbox 99 2328 1784 2373; baseline 0.001 -13"><span class='ocrx_word' id='word_1_363' title='bbox 99 2328 204 2361; x_wconf 85' lang='lat' dir='ltr'>sancti</span> <span class='ocrx_word' id='word_1_364' title='bbox 232 2329 314 2366; x_wconf 78' lang='lat' dir='ltr'>sint,</span> <span class='ocrx_word' id='word_1_365' title='bbox 337 2329 395 2373; x_wconf 91' lang='lat' dir='ltr'>qui</span> <span class='ocrx_word' id='word_1_366' title='bbox 423 2329 581 2362; x_wconf 86' lang='lat' dir='ltr'>timorem</span> <span class='ocrx_word' id='word_1_367' title='bbox 602 2329 662 2362; x_wconf 92' lang='lat' dir='ltr'>Dei</span> <span class='ocrx_word' id='word_1_368' title='bbox 683 2328 838 2362; x_wconf 88' lang='lat' dir='ltr'>nondum</span> <span class='ocrx_word' id='word_1_369' title='bbox 866 2328 1041 2362; x_wconf 79' lang='lat' dir='ltr'>habeant?</span> <span class='ocrx_word' id='word_1_370' title='bbox 1062 2329 1150 2369; x_wconf 89' lang='lat' dir='ltr'>Quid</span> <span class='ocrx_word' id='word_1_371' title='bbox 1178 2330 1211 2361; x_wconf 93' lang='lat' dir='ltr'>ni</span> <span class='ocrx_word' id='word_1_372' title='bbox 1239 2329 1304 2362; x_wconf 88' lang='lat' dir='ltr'>hoc</span> <span class='ocrx_word' id='word_1_373' title='bbox 1331 2329 1433 2363; x_wconf 89' lang='lat' dir='ltr'>stulte</span> <span class='ocrx_word' id='word_1_374' title='bbox 1456 2328 1611 2362; x_wconf 72' lang='lat' dir='ltr'>dicatur?</span> <span class='ocrx_word' id='word_1_375' title='bbox 1630 2329 1784 2372; x_wconf 85' lang='lat' dir='ltr'>Namque</span> 
     </span>
     <span class='ocr_line' id='line_1_39' title="bbox 99 2385 1784 2432; baseline 0 -14"><span class='ocrx_word' id='word_1_376' title='bbox 99 2385 257 2419; x_wconf 86' lang='lat' dir='ltr'>homines</span> <span class='ocrx_word' id='word_1_377' title='bbox 284 2392 380 2419; x_wconf 85' lang='lat' dir='ltr'>antea</span> <span class='ocrx_word' id='word_1_378' title='bbox 408 2387 545 2423; x_wconf 87' lang='lat' dir='ltr'>timent,</span> <span class='ocrx_word' id='word_1_379' title='bbox 569 2393 685 2432; x_wconf 80' lang='lat' dir='ltr'>postea</span> <span class='ocrx_word' id='word_1_380' title='bbox 713 2387 816 2420; x_wconf 61' lang='lat' dir='ltr'>sancti</span> <span class='ocrx_word' id='word_1_381' title='bbox 847 2386 945 2419; x_wconf 76' lang='lat' dir='ltr'>liunt.</span> <span class='ocrx_word' id='word_1_382' title='bbox 978 2386 1074 2420; x_wconf 82' lang='lat' dir='ltr'>Certe</span> <span class='ocrx_word' id='word_1_383' title='bbox 1101 2398 1216 2420; x_wconf 85' lang='lat' dir='ltr'>rerum</span> <span class='ocrx_word' id='word_1_384' title='bbox 1243 2387 1331 2420; x_wconf 88' lang='lat' dir='ltr'>ordo</span> <span class='ocrx_word' id='word_1_385' title='bbox 1357 2386 1445 2420; x_wconf 88' lang='lat' dir='ltr'>hanc</span> <span class='ocrx_word' id='word_1_386' title='bbox 1470 2386 1573 2419; x_wconf 85' lang='lat' dir='ltr'>habet</span> <span class='ocrx_word' id='word_1_387' title='bbox 1593 2386 1784 2419; x_wconf 84' lang='lat' dir='ltr'>necessario</span> 
     </span>
     <span class='ocr_line' id='line_1_40' title="bbox 99 2442 1780 2489; baseline 0.001 -14"><span class='ocrx_word' id='word_1_388' title='bbox 99 2443 280 2476; x_wconf 86' lang='lat' dir='ltr'>rationem.</span> <span class='ocrx_word' id='word_1_389' title='bbox 302 2442 390 2483; x_wconf 85' lang='lat' dir='ltr'>Quid</span> <span class='ocrx_word' id='word_1_390' title='bbox 411 2454 494 2487; x_wconf 83' lang='lat' dir='ltr'>ergo</span> <span class='ocrx_word' id='word_1_391' title='bbox 514 2455 576 2477; x_wconf 91' lang='lat' dir='ltr'>nos</span> <span class='ocrx_word' id='word_1_392' title='bbox 598 2444 774 2477; x_wconf 69' lang='lat' dir='ltr'>dicemus?</span> <span class='ocrx_word' id='word_1_393' title='bbox 794 2444 947 2477; x_wconf 83' lang='lat' dir='ltr'>Verbum</span> <span class='ocrx_word' id='word_1_394' title='bbox 967 2445 1100 2482; x_wconf 83' lang='lat' dir='ltr'>timete,</span> <span class='ocrx_word' id='word_1_395' title='bbox 1122 2444 1188 2478; x_wconf 90' lang='lat' dir='ltr'>hoc</span> <span class='ocrx_word' id='word_1_396' title='bbox 1208 2444 1285 2477; x_wconf 85' lang='lat' dir='ltr'>loco</span> <span class='ocrx_word' id='word_1_397' title='bbox 1304 2445 1445 2489; x_wconf 88' lang='lat' dir='ltr'>ponitur</span> <span class='ocrx_word' id='word_1_398' title='bbox 1466 2455 1530 2489; x_wconf 85' lang='lat' dir='ltr'>pro</span> <span class='ocrx_word' id='word_1_399' title='bbox 1547 2443 1780 2481; x_wconf 84' lang='lat' dir='ltr'>admiramini,</span> 
     </span>
     <span class='ocr_line' id='line_1_41' title="bbox 99 2499 1784 2547; baseline 0.001 -14"><span class='ocrx_word' id='word_1_400' title='bbox 99 2499 133 2533; x_wconf 90' lang='lat' dir='ltr'>id</span> <span class='ocrx_word' id='word_1_401' title='bbox 154 2507 205 2534; x_wconf 87' lang='lat' dir='ltr'>est</span> <span class='ocrx_word' id='word_1_402' title='bbox 224 2506 370 2546; x_wconf 86' lang='lat' dir='ltr'>stupete.</span> <span class='ocrx_word' id='word_1_403' title='bbox 400 2501 542 2534; x_wconf 88' lang='lat' dir='ltr'>Prorsus</span> <span class='ocrx_word' id='word_1_404' title='bbox 560 2503 608 2534; x_wconf 88' lang='lat' dir='ltr'>uti</span> <span class='ocrx_word' id='word_1_405' title='bbox 635 2502 803 2547; x_wconf 85' lang='lat' dir='ltr'>propheta</span> <span class='ocrx_word' id='word_1_406' title='bbox 824 2501 1045 2535; x_wconf 75' lang='lat' dir='ltr'>Abbacumus</span> <span class='ocrx_word' id='word_1_407' title='bbox 1064 2502 1253 2536; x_wconf 72' lang='lat' dir='ltr'>Scrvatoris</span> <span class='ocrx_word' id='word_1_408' title='bbox 1280 2503 1386 2535; x_wconf 84' lang='lat' dir='ltr'>nostri</span> <span class='ocrx_word' id='word_1_409' title='bbox 1414 2513 1466 2535; x_wconf 85' lang='lat' dir='ltr'>res</span> <span class='ocrx_word' id='word_1_410' title='bbox 1492 2502 1524 2534; x_wconf 90' lang='lat' dir='ltr'>in</span> <span class='ocrx_word' id='word_1_411' title='bbox 1550 2502 1784 2534; x_wconf 84' lang='lat' dir='ltr'>incarnatione</span> 
     </span>
     <span class='ocr_line' id='line_1_42' title="bbox 98 2558 1782 2605; baseline 0.001 -13"><span class='ocrx_word' id='word_1_412' title='bbox 98 2564 210 2603; x_wconf 82' lang='lat' dir='ltr'>gestas</span> <span class='ocrx_word' id='word_1_413' title='bbox 228 2558 419 2595; x_wconf 83' lang='lat' dir='ltr'>admirans,</span> <span class='ocrx_word' id='word_1_414' title='bbox 443 2559 588 2591; x_wconf 86' lang='lat' dir='ltr'>Domine</span> <span class='ocrx_word' id='word_1_415' title='bbox 601 2584 608 2597; x_wconf 86' lang='lat'><strong>‚</strong></span> <span class='ocrx_word' id='word_1_416' title='bbox 628 2560 757 2604; x_wconf 86' lang='lat' dir='ltr'>iuquit,</span> <span class='ocrx_word' id='word_1_417' title='bbox 781 2560 895 2593; x_wconf 57' lang='lat' dir='ltr'>audiri</span> <span class='ocrx_word' id='word_1_418' title='bbox 916 2560 1127 2593; x_wconf 86' lang='lat' dir='ltr'>auditionem</span> <span class='ocrx_word' id='word_1_419' title='bbox 1144 2567 1237 2593; x_wconf 87' lang='lat' dir='ltr'>tuam</span> <span class='ocrx_word' id='word_1_420' title='bbox 1257 2566 1289 2593; x_wconf 85' lang='lat' dir='ltr'>et</span> <span class='ocrx_word' id='word_1_421' title='bbox 1309 2561 1424 2598; x_wconf 83' lang='lat' dir='ltr'>timui;</span> <span class='ocrx_word' id='word_1_422' title='bbox 1446 2559 1659 2593; x_wconf 62' lang='lat' dir='ltr'>consideravi</span> <span class='ocrx_word' id='word_1_423' title='bbox 1677 2570 1782 2605; x_wconf 79' lang='lat' dir='ltr'>opera</span> 
     </span>
     <span class='ocr_line' id='line_1_43' title="bbox 99 2615 468 2661; baseline -0.003 -11"><span class='ocrx_word' id='word_1_424' title='bbox 99 2622 174 2654; x_wconf 79' lang='lat' dir='ltr'>tua,</span> <span class='ocrx_word' id='word_1_425' title='bbox 197 2622 230 2650; x_wconf 89' lang='lat' dir='ltr'>et</span> <span class='ocrx_word' id='word_1_426' title='bbox 256 2615 419 2661; x_wconf 89' lang='lat' dir='ltr'>obstupui</span> <span class='ocrx_word' id='word_1_427' title='bbox 445 2617 468 2649; x_wconf 85' lang='lat'>&#39;.</span> 
     </span>
    </p>
   </div>
   <div class='ocr_carea' id='block_1_7' title="bbox 99 2721 1783 2896">
    <p class='ocr_par' dir='ltr' id='par_1_17' title="bbox 100 2721 1783 2801">
     <span class='ocr_line' id='line_1_44' title="bbox 200 2721 1783 2759; baseline 0.002 -11"><span class='ocrx_word' id='word_1_428' title='bbox 200 2724 235 2754; x_wconf 90' lang='lat'>(1)</span> <span class='ocrx_word' id='word_1_429' title='bbox 257 2722 287 2748; x_wconf 88' lang='lat' dir='ltr'>In</span> <span class='ocrx_word' id='word_1_430' title='bbox 306 2721 366 2748; x_wconf 88' lang='lat' dir='ltr'>cod.</span> <span class='ocrx_word' id='word_1_431' title='bbox 383 2724 535 2757; x_wconf 73' lang='grc' dir='ltr'>μελησμοῠ,</span> <span class='ocrx_word' id='word_1_432' title='bbox 549 2722 624 2758; x_wconf 90' lang='lat' dir='ltr'>quod</span> <span class='ocrx_word' id='word_1_433' title='bbox 643 2723 678 2750; x_wconf 89' lang='lat' dir='ltr'>ob</span> <span class='ocrx_word' id='word_1_434' title='bbox 696 2724 870 2751; x_wconf 82' lang='lat' dir='ltr'>iotacisuiuni</span> <span class='ocrx_word' id='word_1_435' title='bbox 891 2726 979 2752; x_wconf 82' lang='lat' dir='ltr'>visum</span> <span class='ocrx_word' id='word_1_436' title='bbox 999 2729 1056 2752; x_wconf 82' lang='lat' dir='ltr'>erat</span> <span class='ocrx_word' id='word_1_437' title='bbox 1073 2724 1220 2759; x_wconf 79' lang='lat' dir='ltr'>legendum</span> <span class='ocrx_word' id='word_1_438' title='bbox 1235 2731 1293 2751; x_wconf 83' lang='lat' dir='ltr'>esse</span> <span class='ocrx_word' id='word_1_439' title='bbox 1306 2726 1441 2759; x_wconf 68' lang='grc' dir='ltr'>μελισμοῡ.</span> <span class='ocrx_word' id='word_1_440' title='bbox 1458 2724 1537 2752; x_wconf 71' lang='lat' dir='ltr'>Nune</span> <span class='ocrx_word' id='word_1_441' title='bbox 1552 2724 1623 2752; x_wconf 85' lang='lat' dir='ltr'>malo</span> <span class='ocrx_word' id='word_1_442' title='bbox 1637 2724 1783 2752; x_wconf 76' lang='lat' dir='ltr'>emendare</span> 
     </span>
     <span class='ocr_line' id='line_1_45' title="bbox 100 2769 264 2801; baseline 0.012 -11"><span class='ocrx_word' id='word_1_443' title='bbox 100 2769 264 2801; x_wconf 67' lang='grc' dir='ltr'>μελλησμοῦ.</span> 
     </span>
    </p>

    <p class='ocr_par' dir='ltr' id='par_1_18' title="bbox 99 2812 1780 2896">
     <span class='ocr_line' id='line_1_46' title="bbox 199 2812 1780 2850; baseline 0.003 -12"><span class='ocrx_word' id='word_1_444' title='bbox 199 2814 235 2844; x_wconf 83' lang='grc'>(2)</span> <span class='ocrx_word' id='word_1_445' title='bbox 253 2812 372 2839; x_wconf 74' lang='lat' dir='ltr'>Observa</span> <span class='ocrx_word' id='word_1_446' title='bbox 392 2813 580 2840; x_wconf 84' lang='lat' dir='ltr'>testimonium</span> <span class='ocrx_word' id='word_1_447' title='bbox 600 2813 633 2840; x_wconf 86' lang='lat' dir='ltr'>de</span> <span class='ocrx_word' id='word_1_448' title='bbox 652 2814 768 2848; x_wconf 83' lang='lat' dir='ltr'>spiritali</span> <span class='ocrx_word' id='word_1_449' title='bbox 788 2814 931 2842; x_wconf 88' lang='lat' dir='ltr'>hominum</span> <span class='ocrx_word' id='word_1_450' title='bbox 953 2814 1075 2842; x_wconf 80' lang='lat' dir='ltr'>custodia</span> <span class='ocrx_word' id='word_1_451' title='bbox 1096 2813 1200 2849; x_wconf 77' lang='lat' dir='ltr'>angelis</span> <span class='ocrx_word' id='word_1_452' title='bbox 1219 2822 1233 2841; x_wconf 89' lang='lat' dir='ltr'>a</span> <span class='ocrx_word' id='word_1_453' title='bbox 1253 2816 1310 2841; x_wconf 88' lang='lat' dir='ltr'>Deo</span> <span class='ocrx_word' id='word_1_454' title='bbox 1329 2815 1489 2848; x_wconf 86' lang='lat' dir='ltr'>commissa,</span> <span class='ocrx_word' id='word_1_455' title='bbox 1509 2815 1555 2850; x_wconf 90' lang='lat' dir='ltr'>qui</span> <span class='ocrx_word' id='word_1_456' title='bbox 1575 2823 1653 2850; x_wconf 80' lang='lat' dir='ltr'>opem</span> <span class='ocrx_word' id='word_1_457' title='bbox 1673 2816 1701 2842; x_wconf 86' lang='lat' dir='ltr'>iu</span> <span class='ocrx_word' id='word_1_458' title='bbox 1723 2820 1780 2842; x_wconf 81' lang='lat' dir='ltr'>ten-</span> 
     </span>
     <span class='ocr_line' id='line_1_47' title="bbox 99 2856 1596 2896; baseline 0.002 -13"><span class='ocrx_word' id='word_1_459' title='bbox 99 2856 251 2884; x_wconf 78' lang='lat' dir='ltr'>tationibus</span> <span class='ocrx_word' id='word_1_460' title='bbox 270 2858 428 2892; x_wconf 81' lang='lat' dir='ltr'>praesertim</span> <span class='ocrx_word' id='word_1_461' title='bbox 448 2857 555 2891; x_wconf 81' lang='lat' dir='ltr'>serunt,</span> <span class='ocrx_word' id='word_1_462' title='bbox 576 2858 676 2893; x_wconf 85' lang='lat' dir='ltr'>quihus</span> <span class='ocrx_word' id='word_1_463' title='bbox 695 2858 781 2886; x_wconf 86' lang='lat' dir='ltr'>solius</span> <span class='ocrx_word' id='word_1_464' title='bbox 801 2863 916 2887; x_wconf 86' lang='lat' dir='ltr'>naturae</span> <span class='ocrx_word' id='word_1_465' title='bbox 935 2860 1025 2895; x_wconf 77' lang='lat' dir='ltr'>vigore</span> <span class='ocrx_word' id='word_1_466' title='bbox 1045 2867 1123 2895; x_wconf 75' lang='lat' dir='ltr'>posse</span> <span class='ocrx_word' id='word_1_467' title='bbox 1142 2867 1192 2886; x_wconf 87' lang='lat' dir='ltr'>nos</span> <span class='ocrx_word' id='word_1_468' title='bbox 1211 2859 1349 2893; x_wconf 81' lang='lat' dir='ltr'>resistere,</span> <span class='ocrx_word' id='word_1_469' title='bbox 1368 2863 1450 2895; x_wconf 79' lang='lat' dir='ltr'>negat</span> <span class='ocrx_word' id='word_1_470' title='bbox 1468 2859 1596 2896; x_wconf 71' lang='lat' dir='ltr'>Cyrillus.</span> 
     </span>
    </p>
   </div>
   <div class='ocr_carea' id='block_1_8' title="bbox 1823 2108 1890 2125">
    <p class='ocr_par' dir='ltr' id='par_1_19' title="bbox 1823 2108 1890 2125">
     <span class='ocr_line' id='line_1_48' title="bbox 1823 2108 1890 2125; baseline 0 -1"><span class='ocrx_word' id='word_1_471' title='bbox 1823 2112 1842 2125; x_wconf 66' lang='lat' dir='ltr'>x.</span> <span class='ocrx_word' id='word_1_472' title='bbox 1861 2108 1890 2125; x_wconf 76' lang='lat' dir='ltr'>w.</span> 
     </span>
    </p>
   </div>
   <div class='ocr_carea' id='block_1_9' title="bbox 1825 2628 2005 2649">
    <p class='ocr_par' dir='ltr' id='par_1_20' title="bbox 1825 2628 2005 2649">
     <span class='ocr_line' id='line_1_49' title="bbox 1825 2628 2005 2649; baseline -0.006 0"><span class='ocrx_word' id='word_1_473' title='bbox 1825 2632 1830 2637; x_wconf 88' lang='lat'>¹</span> <span class='ocrx_word' id='word_1_474' title='bbox 1847 2629 1916 2649; x_wconf 74' lang='lat' dir='ltr'>Aban.</span> <span class='ocrx_word' id='word_1_475' title='bbox 1934 2628 1971 2649; x_wconf 85' lang='grc'><strong>111.</strong></span> <span class='ocrx_word' id='word_1_476' title='bbox 1990 2632 2005 2649; x_wconf 84' lang='grc'>1.</span> 
     </span>
    </p>
   </div>
  </div>
 </body>
</html>
