2205 3177
192 307 263 326 lt]¹³⁴
285 307 321 325 xit
343 313 353 321 x

178 1729 222 1762 ζμ
246 1728 356 1749 xxxin,

169 2369 176 2374 ¹
199 2366 252 2385 Rom
279 2367 316 2387 ΧΗ
344 2371 349 2387 1

406 169 469 201 192
906 179 932 200 s.
962 178 1087 199 crium]
1115 178 1334 200 nennium
1361 179 1565 201 EXPLANATIO

403 242 510 287 posita
532 242 668 274 illorum
696 252 782 284 quae
804 253 863 285 per
884 247 1038 286 tempora
1058 248 1243 274 cxencrunt
1271 243 1368 274 serie.
1397 242 1615 287 Alienigenac
1638 241 1963 277 castrametabantur
1988 255 2072 277 con-

402 305 450 331 tra
480 298 660 330 lsrahelem
689 297 720 328 in
750 297 957 342 Masscphat:
980 299 1025 330 sic
1050 299 1139 330 enim
1167 299 1199 331 in
1227 310 1344 343 regum
1373 298 1468 331 libris
1494 298 1653 332 scribitur
1674 300 1698 332 ⁶.
1725 300 1877 345 Cumque
1903 301 1936 334 in
1963 302 2067 335 aciem

401 356 593 401 prodirent.
612 355 704 386 omni
726 353 850 386 bellico
871 361 1035 399 apparatu
1056 356 1228 390 instructi.
1246 356 1342 389 xcriti
1363 357 1535 389 incursum
1555 357 1748 390 Israhelitae
1767 357 1884 391 divum
1904 358 2068 392 adeuntes

397 411 630 446 Samuhelem,
653 410 817 454 rogabant
839 418 872 444 ut
895 423 957 456 pro
979 413 1058 457 ipsis
1079 424 1195 457 preces
1215 413 1365 445 otlcrrct.
1390 414 1419 445 ls
1438 425 1520 446 viero
1540 413 1718 447 lactentem
1738 425 1861 459 agnum
1887 417 2064 453 mactavit,

397 476 425 502 et
456 480 576 513 aquam
603 468 696 501 humi
726 469 831 503 fudit.
853 480 940 513 quac
960 481 1012 502 res
1034 470 1155 503 Christi
1185 469 1409 515 port‹‘·n‹lebat
1438 471 1651 515 mysterium.
1680 472 1753 504 Hoc
1780 478 1891 504 autem
1920 484 1982 517 pro
2000 472 2068 506 illis

396 526 514 559 oblato
541 526 726 560 sacriticio.
751 533 817 558 tam
838 526 948 559 xalida
971 528 1002 559 in
1032 527 1144 560 hostes
1164 527 1296 571 grando
1323 527 1434 561 delata
1454 534 1523 565 est,
1545 534 1579 561 nt
1600 529 1709 561 cuncti
1731 529 1984 573 propemodum
2009 541 2069 563 ne-

397 585 486 617 mine
513 589 630 617 contra
658 584 749 628 ipsos
777 591 948 628 pugnante
976 585 1170 617 ceciderint.
1200 585 1341 617 Videtur
1367 597 1448 629 crgo
1474 586 1666 631 psalmista,
1689 585 1778 619 hunc
1804 586 1978 630 grandinis
2003 588 2069 620 im-

395 647 529 686 petum,
551 639 611 684 ab)
621 652 711 673 ssimi
733 640 906 685 appellare
926 653 1028 686 super
1048 640 1106 685 ab)
1117 654 1170 673 sso
1191 648 1363 674 ruentem:
1385 653 1462 675 nam
1484 643 1619 675 imocat
1637 642 1718 676 (licit
1740 654 1802 687 pro
1821 649 1950 676 evocat.
1971 643 2068 677 Alius

396 698 485 731 enim
512 708 551 730 ex
573 697 639 729 alio
659 696 759 730 tiebat
780 697 955 741 grandinis
977 699 1141 743 impetus.
1163 699 1206 730 ita
1229 704 1261 731 ut
1284 699 1379 743 prior
1398 698 1536 732 alteram
1559 705 1774 743 provocaret.
1796 700 1902 733 Voces
1920 699 2069 746 denique

395 754 701 791 catarrhactarum.
726 756 848 787 merito
877 755 1110 799 intelligentur
1136 755 1310 799 grandinis
1337 767 1413 789 cnm
1443 757 1571 801 impetu
1599 757 1724 802 lapsuS.

719 819 830 842 Omnes
847 820 997 842 nlntiones
1015 822 1101 847 lune,
1118 821 1287 847 fluctusque
1305 822 1350 843 tui
1369 828 1461 847 super
1478 828 1524 843 me
1542 822 1747 844 transierunt.

492 870 566 901 Mox
596 868 687 901 aliud
717 869 910 913 prodigium
931 875 1218 904 commemorant:
1240 870 1365 903 etenim
1385 869 1529 904 rubrum
1550 882 1642 903 mare
1663 876 1899 916 pei-mearunt.
1922 870 2068 905 Pharao-

397 927 447 959 nis
467 925 723 971 improbitatem
745 926 928 969 fugientes:
951 937 1020 970 quo
1041 932 1193 971 tenmore
1214 926 1379 960 fluctuum
1404 926 1585 965 elationes,
1608 927 1641 960 id
1667 933 1717 961 est
1735 928 1964 966 ex‹·elsitates‚
1987 939 2070 961 con-

396 989 445 1016 tra
475 982 667 1016 Israhelitas
695 982 772 1015 ferri
801 981 1018 1016 videbantur.
1048 983 1248 1016 Nullatenus
1275 989 1386 1016 tamen
1414 990 1617 1017 nocuerunt.
1647 984 1683 1017 ld
1710 984 1891 1029 significari
1913 985 2069 1018 existimo

395 1041 526 1075 verbis:
549 1052 668 1075 onmes
687 1041 853 1074 elationes
873 1047 969 1079 tuae,
991 1041 1182 1086 fluctusque
1202 1042 1248 1074 tui
1269 1054 1372 1087 super
1389 1054 1443 1075 me
1462 1043 1681 1075 transierunt.
1703 1043 1835 1088 Quippe
1855 1054 1960 1087 aquae
1978 1043 2068 1076 muri

398 1100 502 1132 instar
529 1104 706 1132 concretae
734 1098 889 1135 suerunt,
913 1105 945 1131 et
972 1099 1048 1131 sicci
1077 1099 1236 1131 transitus
1263 1099 1357 1143 copia
1386 1099 1460 1133 fuit.

612 1162 650 1185 ln
668 1163 718 1185 die
735 1163 898 1185 mandabit
918 1163 1068 1185 {Dominus
1085 1164 1331 1186 miseriem-diam
1348 1170 1449 1191 suam,
1465 1167 1496 1187 et.
1514 1166 1601 1187 noete
1617 1165 1771 1187 canticum
1788 1165 1858 1191 ipsi.
1925 1194 1928 1197 Ι

494 1213 649 1246 Profecto
668 1214 758 1246 Dens
777 1214 810 1246 in
830 1213 902 1251 die,
924 1213 958 1246 id
979 1219 1027 1247 est
1047 1213 1243 1252 manifeste,
1266 1225 1302 1247 ac
1328 1214 1432 1247 veluti
1454 1215 1487 1247 in
1507 1214 1582 1247 luce
1595 1240 1602 1252 ,
1625 1214 1892 1248 misericordiam
1913 1225 1974 1259 per
1992 1225 2072 1248 san-

397 1277 530 1305 ctorum
558 1270 695 1303 oracula
723 1270 886 1314 spondet:
909 1271 1121 1304 demonstrat
1147 1276 1277 1307 autem,
1299 1270 1332 1303 id
1359 1277 1407 1304 est
1434 1272 1652 1316 conspicuam
1678 1271 1772 1309 facit,
1794 1277 1895 1316 atque
1921 1270 1963 1304 ad
1988 1270 2071 1304 effe-

397 1335 489 1362 etnm
511 1327 665 1373 perducit
685 1334 802 1365 nocte,
825 1328 858 1361 id
877 1334 925 1361 est
945 1328 1046 1361 elam.
1076 1329 1231 1361 Fortasse
1250 1329 1351 1361 etiam
1371 1328 1475 1361 divini
1497 1328 1610 1361 auxilii
1637 1328 1844 1362 celeritatem
1863 1328 1977 1362 dicere
1995 1327 2070 1361 vult

398 1386 584 1431 psalmista.
613 1386 702 1418 Sicut
730 1386 821 1418 enim
846 1385 985 1424 volens,
1009 1385 1132 1419 fluctus
1153 1386 1233 1418 mihi
1253 1385 1401 1419 hostium
1430 1386 1622 1423 concitasti:
1644 1386 1689 1418 ita
1713 1397 1819 1431 quum
1846 1386 1997 1419 volueris
2014 1396 2071 1419 me

396 1443 562 1481 liberare,
588 1442 806 1476 celerrimum
835 1442 1022 1488 praestabis
1049 1443 1232 1476 auxilium:
1261 1444 1305 1476 ita
1333 1449 1366 1476 ut
1394 1444 1504 1476 statim
1532 1454 1570 1476 ac
1596 1444 1723 1476 servari
1748 1455 1802 1477 me
1828 1443 2066 1488 imperaveris,

397 1501 479 1534 nihil
507 1499 619 1533 obstet
645 1500 830 1544 quominus
855 1500 934 1533 ilico
960 1501 1083 1544 gratias
1103 1500 1162 1533 tibi
1184 1512 1300 1545 agam:
1322 1500 1474 1545 nihilque
1500 1501 1629 1533 intersit
1648 1501 1737 1534 inter
1754 1499 1954 1534 mandatum
1972 1506 2070 1533 tuum

396 1569 434 1591 ac
459 1569 570 1591 meam
597 1556 848 1590 liberationem.
877 1558 1026 1591 Tertium
1051 1569 1131 1591 mox
1158 1556 1325 1590 subnectit
1352 1558 1419 1591 iam
1446 1558 1589 1590 narratis
1615 1558 1831 1603 prodigium,
1853 1569 1931 1591 cum
1954 1557 2070 1602 Rhap-

397 1627 488 1649 Saces
513 1614 789 1659 Hierosolymam
817 1614 997 1653 obsidens,
1023 1615 1204 1648 universali
1231 1615 1301 1648 Deo
1328 1626 1388 1648 ceu
1415 1614 1509 1647 illam
1536 1626 1670 1648 servare
1695 1616 1875 1660 impotenti
1901 1615 2071 1648 convicia-

398 1673 516 1711 batur;
537 1673 747 1718 contigitque
773 1678 809 1706 ut
836 1685 903 1706 una
930 1679 1029 1707 nocte
1047 1673 1231 1707 CLXXXV.
1254 1673 1347 1706 milia
1374 1684 1449 1706 cum
1477 1684 1518 1706 co
1536 1672 1755 1706 militantium
1776 1672 1818 1706 ab
1838 1672 1960 1717 angelo
1979 1672 2074 1705 occi-

397 1729 578 1767 derentur:
599 1737 779 1775 postquam
794 1730 884 1763 Deus
903 1730 1126 1775 praecedente
1145 1730 1200 1763 die
1216 1730 1348 1763 Ezeciae
1369 1729 1588 1774 praedixisset
1604 1730 1632 1762 ‘z
1651 1735 1827 1774 protegam
1844 1729 1932 1762 hanc
1949 1727 2070 1762 urbem

397 1793 539 1832 propter
566 1798 637 1823 me.
660 1793 691 1820 et
713 1785 856 1832 propter
874 1787 1039 1821 Davidem
1059 1799 1195 1821 servum
1218 1798 1349 1820 meum:
1371 1788 1415 1820 ita
1434 1793 1471 1820 ut
1490 1787 1545 1820 die
1563 1786 1702 1832 quidem
1724 1787 1928 1832 promissum
1948 1785 2068 1824 fuerit,

399 1850 497 1877 noete
524 1849 636 1877 autem
664 1842 767 1877 xerba
787 1844 821 1877 in
842 1855 913 1877 rem
933 1844 1068 1878 collata.
1099 1844 1135 1877 ld
1159 1843 1324 1888 significat
1350 1843 1477 1877 locutio
1496 1844 1531 1876 in
1549 1843 1605 1876 die
1631 1843 1806 1877 mandabit
1823 1844 1990 1877 Dominus
2007 1842 2071 1876 mi-

398 1901 618 1935 sericordiam
645 1913 760 1939 suam,
781 1907 813 1934 et
840 1902 873 1934 in
900 1908 999 1935 nocte
1023 1901 1284 1935 demonstrabit.
1314 1902 1426 1941 Quum
1453 1912 1535 1946 ergo
1562 1901 1637 1934 talis
1663 1906 1823 1946 tantaque
1842 1901 1883 1933 sit
1901 1901 1961 1934 Dei
1988 1911 2073 1946 pro-

397 1959 567 1997 videntia,
588 1958 671 2003 quid
699 1959 732 1992 ni
759 1970 906 2003 aequum
933 1959 975 1992 sit
1000 1959 1170 1992 tristitiam
1196 1970 1377 2004 seponere,
1399 1965 1499 2004 atque
1525 1959 1559 1991 in
1587 1958 1646 1992 illo
1672 1969 1768 2003 spem
1794 1957 1987 1991 collocare?

954 2024 1046 2051 Apud
1064 2031 1111 2047 me
1127 2025 1228 2047 oratio
1246 2024 1310 2047 Eleo
1326 2025 1408 2047 vitae
1425 2031 1519 2047 meae.

495 2074 599 2107 Divus
625 2085 708 2107 vero
734 2073 881 2117 Cyrillns
909 2073 954 2117 (1)
980 2073 1065 2106 facta
1092 2074 1365 2118 interpunctione
1393 2073 1426 2105 in
1452 2071 1582 2111 verbis,
1609 2078 1640 2106 et
1669 2079 1766 2106 nocte
1793 2073 1961 2105 canticum
1986 2071 2070 2117 ipsi;

354 2155 357 2157 -
398 2130 522 2164 deinde
542 2129 741 2164 subiiciens:
766 2130 855 2176 apud
877 2142 930 2163 me
950 2131 1059 2164 oratio
1078 2131 1149 2164 Deo
1168 2132 1386 2168 ritaemeae,
1408 2131 1453 2164 sic
1472 2130 1677 2163 versiculum
1696 2130 1956 2175 interpretatur:
1978 2139 2072 2162 nem-

398 2199 440 2233 pe
458 2187 552 2232 quod
574 2189 640 2221 iam
661 2187 729 2220 fide
753 2193 907 2232 suscepta
927 2188 1072 2221 reiectus
1091 2188 1147 2221 ille
1166 2188 1249 2220 olim
1270 2188 1414 2226 Israhel,
1436 2188 1481 2221 ait
1499 2199 1534 2220 se
1553 2198 1690 2232 precem
1714 2187 1907 2232 concepisse
1928 2197 1992 2231 pro
2011 2196 2071 2219 sua

399 2251 530 2278 tantum
557 2244 684 2281 salute,
712 2256 780 2277 non
808 2244 854 2277 ob
880 2243 1069 2289 quamlibet
1095 2245 1194 2278 aliam
1221 2245 1445 2290 temporalem
1472 2244 1763 2278 commoditatem.
1792 2244 1851 2277 Vel
1879 2243 1958 2288 quia
1984 2242 2072 2276 anti-

398 2303 513 2346 quitus
532 2302 691 2347 quidem,
714 2302 745 2334 vi
767 2301 869 2346 legis,
891 2308 1030 2335 cruenta
1050 2302 1211 2335 sacrificia
1231 2303 1302 2335 Deo
1320 2301 1599 2347 spondebantur;
1621 2307 1737 2347 postea
1758 2307 1869 2334 tamen
1889 2305 2018 2333 mutata
2036 2299 2073 2332 in

398 2361 576 2392 veritatem
596 2358 738 2394 umbra.
761 2359 866 2392 vitam
886 2360 1000 2404 potius
1019 2365 1171 2392 nostram
1192 2360 1262 2392 Deo
1288 2370 1543 2397 consecramus3
1565 2358 1751 2392 secundum
1772 2358 1857 2392 illud
1877 2357 2017 2391 effatum
2037 2355 2070 2389 't

398 2416 555 2450 exhibete
574 2417 645 2450 Deo
672 2427 817 2460 corpora
837 2422 947 2449 vestra
967 2416 1112 2449 hostiam
1138 2417 1309 2449 viventem
1328 2422 1490 2449 sanctam.
1521 2416 1626 2461 igitur
1649 2416 1759 2449 oratio
1778 2415 1843 2449 hoc
1866 2415 1942 2448 loco
1967 2414 2072 2458 signi-

399 2473 475 2507 sicat
496 2474 775 2519 promissionem:
794 2480 831 2506 ut
850 2474 892 2506 sit
911 2485 1028 2507 sensus
1047 2473 1118 2506 hic:
1140 2473 1229 2518 apud
1251 2484 1321 2509 me,
1342 2473 1501 2506 videlicet
1520 2473 1722 2511 Israhelem.
1740 2473 1828 2506 vitae
1847 2483 1942 2505 meae
1961 2471 2074 2505 oratio

398 2537 428 2564 et
457 2532 638 2577 promissio
664 2532 735 2565 Deo
762 2537 957 2564 consecrata
983 2537 1044 2565 est.
1074 2530 1203 2564 Deinde
1229 2529 1343 2563 subdit
1370 2531 1534 2564 orationis
1558 2530 1681 2565 verba:

496 2613 531 2640 (1)
550 2610 645 2645 Cyrilli
665 2617 765 2636 nomen
787 2610 814 2636 in
835 2610 959 2642 cunctis,
979 2609 1079 2644 quibus
1103 2617 1168 2636 usus
1191 2617 1267 2642 sum,
1288 2609 1418 2636 vaticanis
1441 2610 1544 2636 catenis
1567 2609 1697 2637 scribitur
1714 2610 1753 2636 vet
1775 2609 1803 2636 iu
1823 2607 2009 2643 marginibus,
2029 2606 2071 2634 vel

399 2653 469 2679 intra
494 2653 621 2687 paginam
646 2657 708 2680 ante
733 2653 884 2682 fraumenta
910 2654 1033 2688 singula:
1056 2658 1184 2688 tantaque
1207 2661 1256 2688 ego
1280 2662 1386 2688 semper
1407 2653 1548 2689 diligentia
1572 2662 1604 2681 ac
1627 2654 1758 2689 religione
1785 2661 1827 2680 me
1846 2653 1931 2687 gessi,
1952 2656 1983 2678 ut
2000 2650 2071 2678 nihii

399 2703 529 2729 umquam
550 2697 577 2723 in
597 2697 648 2723 hoe
667 2697 806 2724 volumine
830 2706 957 2731 ponerem
982 2697 1215 2730 coniecturaliter,
1234 2697 1281 2724 sed
1306 2697 1396 2724 omnia
1421 2698 1539 2725 nominis
1559 2698 1716 2725 testimonio
1741 2697 1817 2724 freta.
1838 2699 1967 2723 Attamen
1986 2695 2071 2721 inter-

400 2738 481 2770 dum,
495 2739 544 2765 etsi
565 2748 639 2772 raro,
655 2740 755 2767 accidit
773 2744 803 2767 ut
823 2741 931 2768 Nic-etas
950 2741 1102 2775 eelogarius
1120 2749 1220 2768 nomen
1239 2740 1332 2776 Cyrilli
1352 2741 1380 2767 in
1399 2742 1458 2776 ipso
1477 2745 1550 2768 textu
1569 2749 1666 2768 rursus
1685 2741 1793 2773 recitet;
1809 2739 1880 2775 quod
1901 2745 2001 2765 nomen
2019 2736 2069 2766 etsi

400 2790 414 2809 a
435 2790 477 2808 me
496 2783 560 2816 poni
579 2791 687 2810 necesse
707 2784 766 2811 heic
785 2792 841 2810 non
860 2789 931 2818 erat,
951 2789 1092 2819 propterea
1113 2784 1186 2819 quod
1206 2784 1234 2811 in
1252 2784 1322 2811 libro
1341 2792 1401 2812 meo
1424 2789 1511 2812 cetera
1531 2786 1622 2812 omnia
1642 2784 1736 2820 Cyrilli
1756 2791 1841 2819 aeque
1860 2786 1950 2816 erant,
1969 2780 2070 2808 nihilo-

400 2825 491 2852 minus
510 2833 566 2852 rem
585 2827 625 2852 uti
644 2827 744 2861 scripta
764 2831 836 2857 erat,
857 2828 894 2855 ita
913 2829 942 2855 in
962 2827 1065 2855 libi-um
1085 2827 1223 2855 transtuli.
