2205 3177
232 291 262 307 (ι,-
284 293 306 314 p.
322 290 353 308 ³5.

167 642 172 646 “
189 637 252 659 Rernv
270 636 306 657 Π.
323 638 353 657 Ιῑὶ.

177 861 183 865 ·
200 857 246 877 Gen
272 855 353 876 xvut.

199 1034 253 1053 (Ἀπ’.
270 1031 308 1053 tx.
325 1035 356 1053 1¹¹.

394 207 439 238 Ξῖ
899 211 928 234 S.
957 211 1084 234 cvmttl
1110 211 1332 234 ALEXANDmM
1358 211 1564 235 EXPLANATIO

394 280 554 314 aberrare
579 277 639 310 Dei
667 286 873 310 sermonem.
903 276 1062 309 Promisit
1084 275 1210 310 diserte
1235 275 1434 310 Abrahamo
1453 275 1496 310 ab
1517 276 1613 310 initio
1632 277 1863 312 universitatis
1881 279 1990 318 Deus,
2019 290 2078 325 pa-

393 344 481 372 trem
499 346 576 368 eum
602 333 675 367 fore
694 333 898 366 multorum.
922 334 1137 379 Rursusque:
1166 332 1398 379 multiplicans
1418 331 1657 379 multiplicabo
1677 345 1793 368 semen
1812 341 1928 374 tuum,
1950 344 2078 381 quanta

395 400 443 428 est
471 391 646 426 stellarum
673 390 708 423 in
737 389 832 423 caelo
862 389 1062 424 multitudo.
1092 389 1284 436 Oportebat
1315 391 1418 435 igitur
1449 402 1519 423 non
1547 391 1803 426 Israhelitarum
1834 393 2077 427 tantummodo

393 448 622 485 demonstrari
649 453 826 493 parentem
847 446 1101 482 Abrahamum:
1123 449 1248 482 etenim
1273 448 1370 481 unica
1398 459 1481 493 gens
1498 455 1590 487 erat,
1611 460 1699 494 quae
1718 460 1758 482 ex
1784 450 1860 496 ipso
1877 451 2004 490 extitit,
2025 451 2077 484 in-

394 507 527 542 numeri
552 516 635 540 vero
661 517 722 551 per
747 506 947 539 universum
972 505 1094 540 orbem
1115 504 1255 552 populi,
1276 506 1335 551 qui
1363 507 1490 552 pariter
1512 505 1572 539 filii
1594 505 1781 540 Abrahami
1805 513 2027 553 reputantur,
2049 509 2076 542 si

393 564 498 598 modo
526 563 567 598 ad
595 563 861 609 promissionem
883 564 1073 608 pertinent,
1102 570 1133 596 et
1156 562 1235 597 fidei
1263 563 1581 597 incircumcisorum
1600 564 1752 609 vestigiis
1773 564 1949 603 insistunt,
1977 566 2075 599 sicuti

393 623 558 668 scriptum
578 627 640 655 est.
662 621 707 655 Ut
724 621 815 654 enim
834 621 905 667 ipse
925 620 1005 654 alibi
1025 622 1070 654 ait
1090 620 1210 654 beatus
1229 621 1353 655 Paulus
1369 621 1400 654 ἐ
1422 632 1491 655 non
1510 632 1572 667 per
1590 620 1702 666 legem
1722 623 1904 667 promissio
1923 622 2007 656 facta
2027 629 2078 658 est

393 678 611 717 Abrahamo.
632 684 668 712 ut
689 684 776 712 esset
800 677 921 712 mundi
942 678 1059 715 heres,
1082 677 1142 711 sed
1169 688 1231 722 pcr
1255 676 1334 711 fidei
1354 678 1534 711 iustitiam:
1557 689 1636 711 nam
1656 678 1682 711 si
1707 679 1766 723 qui
1790 679 1825 712 in
1844 678 1919 724 lege
1936 680 2076 720 vimnt,

393 735 538 770 heredes
563 741 663 773 sunt,
691 746 780 769 vana
805 741 856 769 est
884 734 990 772 tides,
1011 740 1044 768 et
1072 734 1256 779 promissio
1283 734 1420 768 excidit.
1448 735 1533 768 Cum
1559 746 1662 779 ergo,
1682 741 1858 781 tamquam
1885 736 1918 769 in
1942 736 2076 775 Isaaco‚

394 792 581 827 Abrahami
601 798 780 838 reputatur
799 803 934 829 semen,
953 791 987 824 id
1005 797 1055 825 est
1069 790 1258 824 secundum
1280 792 1560 837 promissionem;
1577 793 1703 826 etenim
1718 793 1957 838 promissionis
1972 791 2079 827 verba

393 851 476 885 haec
497 851 635 885 fuerunt
656 851 684 883 'z
706 851 795 884 circa
813 849 880 883 hoc
901 850 1014 895 ipsum
1034 855 1169 894 tempus
1187 849 1341 888 veniam,
1363 855 1396 883 et
1418 850 1483 883 erit
1502 841 1622 884 Sarrae
1646 850 1755 889 tilius;
1778 850 1857 884 hinc
1875 856 1987 896 patet,
2007 861 2080 884 non

395 909 506 943 carnis
530 907 621 942 filios
640 907 853 953 reputandos
875 907 949 940 sore
968 905 1097 951 ubique
1119 912 1151 939 et
1177 907 1320 939 omnino
1339 906 1375 940 in
1394 906 1484 940 filios
1504 908 1584 943 Dei,
1606 907 1665 942 sed
1685 908 1773 941 hanc
1792 908 1908 953 potius
1932 908 2080 954 gloriam

394 973 640 1000 consecuturos
664 975 724 999 eos
747 975 839 1003 esse,
860 964 919 1009 qui
946 974 987 997 ex
1011 963 1261 1008 promissione,
1282 963 1319 996 id
1342 969 1391 997 est
1414 965 1473 1010 qui
1497 976 1560 1010 per
1583 964 1708 1003 fidem,
1732 964 1838 999 futuri
1864 972 1956 999 sunt.

497 1031 564 1055 Non
582 1031 681 1054 solum
697 1028 817 1058 autem,
832 1030 883 1053 sed
900 1032 931 1053 et
949 1029 1087 1053 Rebecca
1103 1035 1139 1052 ex
1155 1035 1218 1051 uno
1234 1030 1432 1052 concubitum
1448 1030 1482 1059 (1)
1498 1031 1616 1053 habens
1632 1031 1739 1054 Isaac-0
1755 1033 1846 1058 pau-e
1863 1033 1979 1054 nostro.

489 1080 671 1114 Sciendum
695 1085 763 1118 est,
793 1078 867 1113 heic
890 1088 962 1112 non
985 1090 1057 1112 esse
1080 1077 1272 1124 perfectum
1295 1078 1463 1112 sermonis
1481 1090 1637 1118 sensum,
1665 1079 1725 1113 sed
1743 1089 1947 1125 suspensum
1966 1079 2083 1125 potius

393 1145 426 1172 ct
453 1137 549 1171 brevi
577 1137 817 1171 additamento
843 1136 1073 1182 indigentem,
1094 1135 1129 1169 id
1156 1142 1207 1169 est
1233 1135 1363 1180 aliquid
1389 1134 1719 1181 subintelligendum
1742 1148 1785 1170 ne
1812 1137 2005 1170 claudicare
2031 1136 2081 1169 vi·

393 1195 527 1228 deatur.
558 1195 606 1228 Ita
626 1205 709 1228 vero
729 1205 765 1227 se
786 1193 903 1228 habet.
933 1194 1041 1227 Antea
1061 1192 1359 1227 demonstraverat
1378 1192 1575 1238 apostolus,
1603 1203 1674 1226 non
1698 1193 1778 1237 quia
1802 1192 2001 1226 Abrahamo
2021 1192 2084 1226 da-

394 1259 449 1287 tus
470 1252 573 1286 suerit
592 1252 725 1286 lsaacus
743 1252 776 1285 vi
800 1252 1056 1298 promissionis,
1079 1250 1209 1285 idcirco
1228 1262 1349 1284 omnes
1368 1251 1480 1285 carnis
1505 1249 1597 1284 filios
1621 1251 1757 1296 ipsimet
1781 1250 1816 1283 in
1839 1260 1956 1283 semen
1979 1260 2086 1294 repu—

395 1317 503 1344 tatum
530 1310 588 1348 iri,
610 1310 671 1343 sed
689 1321 767 1344 eum
787 1310 1050 1344 convenientius
1069 1314 1204 1355 patrem
1222 1306 1423 1341 habendum
1449 1307 1523 1342 fore
1546 1307 1688 1341 illorum
1711 1308 1770 1352 qui
1796 1319 1837 1341 ex
1863 1306 1932 1340 fide
1952 1311 1987 1340 et
2009 1317 2086 1352 pro-

395 1368 556 1401 missione
584 1366 648 1401 filii
666 1368 862 1401 existerent.
891 1367 1023 1401 Deinde
1041 1367 1135 1400 venit
1153 1366 1197 1399 ad
1219 1365 1411 1400 Rebeccam
1430 1371 1593 1411 gestaque
1611 1365 1700 1403 eius,
1722 1365 1855 1410 aitque:
1880 1375 1950 1398 non
1970 1362 2087 1397 solum

396 1433 530 1460 autem:
556 1425 591 1459 id
615 1432 666 1460 est
693 1425 786 1459 haud
812 1436 921 1470 usque
949 1425 992 1458 ad
1019 1425 1123 1458 lsaaci
1152 1425 1394 1458 tantummodo
1421 1424 1635 1458 nativitatem
1662 1435 1776 1458 sermo
1801 1434 1898 1457 meus
1916 1423 2084 1469 pertinet,

394 1484 454 1518 sed
474 1490 507 1518 et
522 1482 673 1518 Rebecca
692 1494 733 1517 ex
754 1494 824 1517 uno
844 1481 1065 1517 concubitum
1085 1481 1216 1515 habens
1232 1483 1346 1515 Isaaco
1364 1488 1461 1527 patre
1480 1488 1612 1515 nostro.
1631 1482 1715 1515 Heic
1732 1492 1817 1515 vero
1834 1492 1922 1526 opus
1941 1486 2015 1514 erat
2033 1480 2089 1514 ad-

397 1541 496 1574 dere:
526 1541 657 1586 reliqua
678 1539 778 1574 nobis
797 1541 879 1578 erit,
909 1546 1009 1585 puta,
1038 1538 1081 1573 ad
1099 1538 1411 1572 demonstrandum
1434 1538 1800 1583 confirmandumque,
1828 1537 1864 1571 id
1882 1544 1931 1571 est
1952 1537 2011 1571 fiet
2030 1549 2088 1572 no-

398 1597 450 1632 bis
469 1598 646 1644 exemplar
663 1604 696 1632 et
719 1599 833 1643 imago
849 1597 1040 1631 vocationis
1063 1602 1094 1630 et
1115 1597 1243 1642 gratiae
1264 1608 1325 1642 per
1343 1595 1547 1630 electionem
1566 1596 1953 1641 praecognitionemque
1971 1595 2084 1629 datae.

398 1656 532 1702 Quippe
563 1655 680 1689 addito
710 1654 947 1689 huiuscemodi
979 1654 1097 1700 aliquo
1125 1653 1321 1691 vocabulo,
1350 1660 1432 1687 tunc
1462 1652 1604 1687 demum
1633 1653 1809 1686 videretur
1838 1664 1984 1698 sequens
2014 1653 2089 1686 eius

399 1724 513 1747 sermo
533 1713 657 1758 plenus
681 1713 878 1746 decurrere.
907 1711 972 1745 Sed
991 1711 1106 1745 nescio
1131 1711 1311 1756 quomodo
1329 1710 1392 1743 illo
1410 1711 1538 1744 omisso
1550 1736 1558 1749 ,
1586 1710 1629 1744 ad
1650 1710 1784 1755 reliqua
1803 1710 1916 1743 statim
1935 1710 2087 1748 transiit,

400 1781 488 1815 quae
514 1771 603 1804 circa
628 1771 821 1815 genituram
844 1776 1005 1803 natorum
1033 1780 1073 1802 ex
1102 1769 1215 1801 Isaac«)
1243 1767 1334 1801 dicta
1360 1773 1393 1801 et
1421 1774 1493 1801 acta
1519 1774 1611 1801 sunt.

523 1844 607 1871 Quid
624 1851 698 1874 ergo
715 1845 868 1867 dicemus?
884 1843 965 1866 Num
982 1843 1137 1870 iniquitas
1153 1844 1198 1865 est
1215 1842 1298 1869 apud
1316 1842 1432 1864 Deum?
1448 1842 1551 1864 Absit.
1569 1842 1602 1864 Et
1620 1841 1720 1871 relirlua
1740 1847 1820 1870 usque
1835 1841 1869 1864 ad
1888 1847 1911 1864 υ.
1930 1843 1968 1865 24.

690 1889 880 1915 vocavitque
897 1895 952 1911 nos
969 1894 1030 1911 non
1048 1894 1084 1910 cx
1101 1887 1227 1910 ludaeis
1243 1887 1356 1914 solum,
1373 1893 1480 1909 verum
1496 1887 1592 1909 etiam
1608 1893 1644 1908 ex
1661 1886 1807 1908 ethnicis-

495 1944 581 1984 Quia
605 1943 791 1977 verisimile
816 1949 889 1977 erat
917 1954 935 1976 a
960 1942 1180 1986 calumniosis
1206 1942 1384 1975 nonnullis
1409 1941 1579 1975 creditum
1599 1941 1659 1980 iri,
1687 1951 1846 1974 arcanam
1870 1939 2090 1974 voluntatum

400 2002 656 2035 inclinationem
676 2001 816 2034 sortitos
835 2011 907 2034 esse
925 1999 1087 2033 IacObum
1107 2006 1140 2032 et
1158 2000 1244 2032 Esau
1267 1999 1334 2043 ‹[2);
1355 2005 1387 2032 et
1406 1998 1505 2032 illum
1525 1997 1667 2044 quidem
1687 1997 1852 2043 peculiari
1877 1997 1985 2042 gratia
2003 1995 2090 2031 dile-

401 2066 513 2097 ctum,
542 2058 633 2092 hunc
658 2064 771 2092 autem
798 2057 880 2091 odio
903 2056 1078 2094 habitum,
1107 2061 1328 2102 praevertens
1353 2057 1543 2089 necessario
1572 2055 1749 2102 apostolus
1775 2055 1864 2088 lianc
1887 2054 2090 2088 iniuriosam

402 2117 559 2163 supernis
575 2116 721 2150 decretis
743 2116 962 2161 opinionem,
985 2115 1105 2147 nititur
1127 2125 1207 2147 suos
1227 2114 1299 2159 ipse
1318 2124 1495 2147 sermones
1514 2114 1620 2152 tueri,
1643 2124 1685 2146 ne
1710 2112 1984 2146 contradicentes
2002 2111 2090 2145 invi-

401 2185 475 2208 cem
498 2174 697 2211 xideantur,
725 2173 772 2206 sic
792 2172 1053 2221 quodammodo
1079 2172 1270 2216 insurgens.
1298 2172 1330 2203 Si
1355 2171 1464 2209 enim,
1490 2171 1620 2216 inquit,
1646 2176 1724 2204 ante
1743 2171 1845 2204 etiam
1869 2181 1974 2215 quam
1992 2169 2091 2214 quic-

401 2244 505 2278 quam
536 2232 683 2278 egissent
714 2232 831 2277 pueri.
861 2221 939 2264 ante
966 2242 1069 2263 omne
1100 2241 1245 2275 operum
1277 2230 1570 2274 experimentum,
1602 2228 1688 2262 alter
1723 2239 1840 2261 amore
1870 2227 1995 2272 dignus
2026 2225 2092 2260 fuit

401 2290 557 2328 habitus,
586 2289 672 2323 alter
694 2288 795 2327 odio,
824 2294 925 2333 atque
948 2288 1089 2332 insuper
1109 2288 1234 2320 minori
1261 2288 1372 2320 iussus
1397 2287 1544 2325 servire,
1574 2285 1717 2320 fortasse
1739 2286 1886 2319 iniustus
1911 2290 1961 2319 est
1982 2285 2087 2318 Deus.

403 2348 506 2393 Atqui
526 2346 593 2380 hoc
611 2345 694 2391 quid
714 2346 749 2379 ni
775 2345 938 2378 insaniter
961 2344 1120 2378 dicetur?
1146 2345 1232 2378 Nam
1255 2345 1280 2377 si
1305 2344 1393 2377 forte
1421 2355 1490 2377 non
1519 2344 1679 2377 evasisset
1704 2343 1759 2375 vir
1786 2341 1899 2376 bonus
1925 2339 2089 2379 lacobus,

403 2405 584 2451 malusque.
606 2405 713 2444 Esau,
740 2402 867 2437 diceret
892 2402 1014 2447 aliquis
1036 2401 1128 2435 haud
1154 2401 1320 2440 absurde,
1350 2401 1471 2435 falsam
1496 2400 1598 2435 fuisse
1622 2400 1958 2446 praecognitionem,
1985 2411 2050 2433 nec
2072 2411 2090 2433 a

402 2474 484 2496 vera
509 2462 732 2496 inclinatione
753 2459 929 2505 firmisque
953 2458 1190 2493 voluntatibus
1211 2459 1410 2504 provenisse
1432 2470 1470 2493 ea
1496 2470 1584 2504 quae
1609 2458 1653 2492 de
1676 2465 1825 2503 utroque
1846 2457 1983 2492 fuerant
2003 2456 2091 2490 defi—

404 2520 486 2553 nita.
515 2521 613 2554 Nunc
636 2519 716 2565 quia
736 2529 858 2551 vecors
881 2516 1069 2551 admodum
1089 2516 1153 2549 fuit
1172 2517 1277 2554 Esau,
1306 2516 1468 2549 cordatus
1491 2523 1604 2550 autem
1626 2515 1788 2554 Iacobus,
1811 2515 1873 2549 Dei
1892 2526 1973 2549 sane
1991 2525 2092 2560 prae-

407 2633 525 2679 largita
551 2641 619 2673 est,
647 2633 773 2679 quibus
795 2633 856 2667 Dei
883 2631 1103 2666 dilectionem
1127 2637 1403 2676 promereretur,
1432 2631 1578 2665 alterum
1606 2638 1721 2665 autem
1746 2630 2003 2665 damnationem
2026 2627 2091 2662 sibi

505 2746 539 2774 (1)
559 2744 662 2771 Graece
681 2752 770 2771 revera
790 2748 830 2771 est
846 2747 961 2779 quai-ms
978 2750 1059 2769 casus
1079 2743 1179 2770 κοίτην,
1200 2742 1391 2775 concubitum,
1406 2750 1453 2769 seu
1467 2743 1628 2776 (sonituram
1640 2763 1647 2775 ,
1662 2745 1709 2769 aut
1723 2741 1851 2776 prolem,
1866 2744 1925 2766 tum
1942 2739 1971 2765 in
1986 2735 2087 2764 biblico

410 2791 551 2820 contextu,
573 2793 631 2815 tum
652 2790 733 2816 etiam
753 2790 783 2816 in
802 2789 1000 2816 commentario
1022 2787 1133 2824 cyrilli,
1154 2794 1239 2822 eaque
1257 2787 1323 2813 satis
1343 2791 1406 2814 nota
1426 2787 1507 2813 lectio
1527 2791 1575 2813 est.
1597 2786 1743 2821 Ceteroqui
1763 2793 1819 2813 non
1839 2784 1914 2811 deest
1932 2781 1997 2809 alibi
2015 2780 2087 2807 varia

413 2830 493 2858 lectio
514 2844 607 2859 κωκυ.
627 2833 701 2860 unde
720 2833 805 2860 latina
826 2833 984 2859 concubitu.

509 2878 544 2909 (2)
563 2878 602 2904 De
625 2878 721 2905 Iacobo
740 2881 766 2905 et
788 2879 860 2904 Esau
882 2877 976 2905 confer
995 2884 1065 2912 quae
1087 2876 1156 2903 dicit
1175 2875 1294 2912 Cyssillus
1311 2875 1434 2912 glaphyr.
1456 2875 1484 2902 in
1503 2882 1565 2909 gen.
1588 2873 1636 2901 lib.
1659 2874 1707 2899 111.
