2205 3177
731 182 762 204 1N
788 181 939 204 PSALMUM
966 180 1085 203 xxx1v.
1676 168 1740 201 157

69 261 145 284 rum
170 248 327 283 meminit
347 260 430 281 voce
450 248 641 281 Hieremiae
662 247 706 291 (l)
728 247 843 280 dicens
861 246 889 277 ⁹:
912 245 996 278 facta
1015 252 1065 278 est
1083 244 1253 278 hereditas
1279 256 1353 277 mea
1379 244 1461 277 mihi
1489 250 1661 289 tamquam
1687 243 1741 276 leo

75 308 108 340 in
133 306 237 344 saltu:
263 305 369 339 edidit
395 311 513 338 contra
539 316 593 338 ine
619 315 737 337 vocem
763 314 876 336 suam:
902 302 980 335 ideo
1006 303 1064 335 odi
1090 313 1177 335 eam.
1207 302 1329 335 Unicae
1347 302 1487 346 quidem
1514 301 1652 334 nomine
1671 301 1742 334 ani·-

74 375 163 397 mam
189 374 284 397 suam
310 362 484 407 designat,
507 361 657 395 scribens
683 361 817 394 unicam
837 371 900 405 pro
924 359 1066 392 dilecta:
1089 371 1222 405 semper
1247 360 1338 393 enim
1364 370 1500 392 summo
1526 370 1641 392 amore,
1667 358 1746 390 dili-

75 422 164 466 gitur
189 421 308 453 unicus
335 419 427 453 filius
451 420 510 465 (2).

366 485 544 508 confitebor
562 485 621 507 tibi
638 485 671 506 in
688 483 815 506 ecclesia
832 489 962 511 magna,
978 483 1011 504 in
1029 482 1142 508 populo
1159 483 1248 510 gravi
1266 482 1399 504 laudabo
1418 484 1456 505 te.

169 535 352 568 Ecclesiam
379 534 453 568 heic
478 545 635 579 magnam
663 532 812 578 appellat
838 532 933 565 illam
958 543 1046 576 quae
1072 543 1112 564 ex
1139 531 1280 564 ethnicis
1306 537 1509 575 congregata
1536 531 1618 567 fuit;
1645 531 1747 575 idque

75 591 264 626 admodum
291 598 400 630 recte,
422 603 482 625 ceu
509 589 751 624 innumerabili
772 590 951 623 florentem
970 588 1206 626 multitudine,
1229 588 1465 633 populumque
1484 588 1611 621 idcirco
1637 588 1745 621 iudai—

75 661 154 683 cum
172 655 364 695 superante.
394 650 513 694 Magna
539 654 571 681 et
598 648 724 692 alioqui
751 653 817 684 est,
839 658 899 680 ceu
926 648 960 679 in
986 646 1119 679 Christo
1140 645 1268 678 habens
1286 645 1576 683 institit-ationem,
1599 652 1629 678 et
1658 646 1745 679 xitae

75 707 290 751 evangelicae
316 717 438 751 genere
458 705 499 739 ad
519 716 687 738 summam
708 705 918 737 sanctitatem
937 715 971 737 ex
980 710 1064 738 ecta.
1094 703 1231 736 Excedit
1251 709 1341 735 certe
1360 702 1488 735 cultum
1515 702 1659 746 legalem
1677 703 1746 747 spi-

76 764 198 801 ritalis,
220 769 251 797 et
278 762 417 796 umbras
439 763 581 795 veritas:
603 774 672 806 quo
702 761 738 794 [it
764 767 801 794 ut
827 759 1028 805 magnitudo
1054 766 1125 792 tum
1151 759 1244 804 quod
1271 759 1313 792 ad
1339 770 1519 791 numerum
1548 764 1619 791 tuni
1646 760 1744 791 etiam

75 820 171 866 quod
190 820 231 853 ad
250 821 411 853 virtutem
432 819 560 853 adtinet
580 819 801 863 intelligatur.
825 819 943 852 Gravis
963 824 1075 851 autem
1097 816 1246 863 populus
1265 817 1478 862 appellatur,
1501 827 1562 849 ceu
1581 817 1639 860 qui
1660 828 1676 849 a
1698 818 1746 849 iu-

74 877 171 911 daica
190 878 324 911 levitate
344 883 542 914 recesserat,
564 888 675 921 neque
693 877 759 910 iam
778 875 945 909 instabilis
964 881 996 908 et
1014 876 1107 908 omni
1126 880 1228 907 vento
1248 874 1431 919 rapiendus
1450 879 1519 907 erat
1531 899 1538 911 ,
1556 874 1614 907 sed
1634 875 1748 918 potius

75 935 225 974 solidus,
246 941 279 968 et
297 934 493 968 firmitatem
512 936 546 968 in
566 935 633 968 fide
654 941 789 968 tenens:
811 933 902 967 unde
929 933 1050 967 accidit
1068 940 1105 967 ut
1124 945 1231 978 usque
1251 933 1293 966 ad
1313 939 1490 966 cruentum
1514 943 1658 976 agonem
1684 943 1747 976 pro

75 992 208 1026 Christo
234 993 300 1025 iam
319 998 415 1025 antea
436 993 638 1036 inart)·1·i111n
665 1003 763 1037 passo
782 991 1048 1028 decertaverint;
1072 991 1285 1035 scriptaeque
1304 989 1529 1023 admonitioni
1552 989 1745 1034 paruerint:

78 1060 184 1094 usque
209 1048 251 1082 ad
277 1055 424 1082 mortem
450 1048 586 1082 decerta
614 1059 677 1093 pro
702 1049 842 1081 terhate
868 1048 927 1091 (3).

480 1114 547 1137 Non
564 1115 815 1142 supergaudeant
834 1114 910 1136 mihi
928 1114 982 1141 qui
1000 1120 1046 1135 me
1063 1114 1195 1136 oderunt
1214 1114 1338 1135 iniuste.

171 1165 352 1205 Quodnam
378 1166 593 1209 supertuisset
626 1164 756 1197 ludaeis
782 1163 944 1209 gaudium
970 1164 1012 1197 ‹le
1038 1164 1191 1199 Christo,
1219 1169 1273 1196 aut
1300 1175 1402 1208 quam
1430 1162 1624 1196 habuissent
1651 1173 1746 1195 occa-

78 1222 207 1256 sionem
233 1228 350 1255 contra
376 1223 486 1268 ipsum
513 1221 679 1256 laetandi.
701 1222 726 1254 si
754 1221 845 1267 apud
873 1227 1027 1254 mortuos
1045 1221 1244 1254 mansisset?
1271 1222 1399 1265 Nempe
1426 1221 1451 1253 si
1479 1221 1550 1265 ipse
1576 1231 1682 1264 aeque
1709 1231 1745 1252 ac

79 1279 134 1313 alii
161 1280 248 1312 intra
275 1280 395 1313 mortis
422 1286 537 1324 portas
563 1280 715 1324 captiuis
742 1279 967 1312 substitisset?
994 1279 1135 1311 Prorsus
1162 1277 1276 1311 nullus
1296 1277 1337 1311 de
1356 1289 1398 1311 eo
1417 1289 1529 1310 sermo
1548 1278 1613 1310 iam
1640 1284 1744 1310 esset.

77 1342 151 1382 post
178 1337 381 1370 exantlatam
407 1338 441 1370 in
467 1349 566 1370 cruce
594 1337 797 1382 passionem.

546 1402 607 1428 Qui
625 1403 758 1424 oderunt
774 1407 822 1425 me
839 1403 954 1431 gratis,
971 1404 1000 1424 et
1018 1403 1155 1424 innuunt
1174 1401 1280 1423 oculis.

174 1453 249 1485 Sine
282 1463 379 1485 causa
406 1453 591 1485 Dominum
624 1451 898 1490 insectabantur,
927 1452 1055 1497 quippe
1085 1451 1213 1484 nullam
1246 1462 1360 1484 ansam
1391 1450 1554 1485 habentes
1585 1450 1747 1484 adversus

77 1519 172 1546 eum,
193 1508 239 1542 ob
265 1520 367 1553 quam
387 1508 501 1541 liceret
523 1508 631 1541 videri
659 1510 762 1542 iratos
781 1520 839 1542 eos
857 1509 915 1554 qui
936 1508 1043 1542 oculis
1068 1507 1268 1541 innuebant.
1298 1509 1564 1552 Frequentantes
1582 1509 1689 1545 enim,
1712 1514 1746 1541 ut

77 1566 144 1599 dixi
158 1592 165 1605 ,
188 1566 285 1599 illum
304 1572 335 1599 ct
356 1566 555 1611 magistrum
575 1566 806 1611 appellantes,
828 1567 987 1610 viamque
1006 1567 1065 1599 Dei
1085 1577 1163 1599 curn
1184 1566 1375 1599 sinceritate
1395 1565 1518 1599 (locere
1536 1565 1744 1601 dictitanti-s.

76 1624 203 1657 ironice
222 1623 364 1656 omnino
383 1623 471 1656 inter
490 1635 524 1656 se
543 1623 791 1668 loquebantur,
813 1624 1022 1669 hypocrisim
1042 1634 1123 1668 prae
1142 1635 1177 1656 se
1197 1623 1359 1659 ferentes,
1380 1624 1474 1668 quasi
1494 1623 1744 1658 defensionem.

77 1679 170 1725 quod
198 1680 282 1714 nihil
310 1680 508 1713 viderentur
533 1692 653 1713 rerum
680 1681 812 1718 dicere,
838 1681 920 1714 dum
947 1692 1026 1714 eum
1052 1681 1250 1725 magistrum
1278 1682 1467 1725 nuncupari
1495 1679 1669 1713 wssebant.

596 1746 754 1772 Quoniam
770 1746 847 1768 mihi
866 1745 995 1772 pacifica
1011 1746 1230 1772 loquebantur.

172 1795 381 1829 Accedentes
406 1797 514 1833 enim,
541 1803 575 1829 ut
603 1796 689 1834 (lixi,
712 1797 866 1830 omnium
893 1802 1047 1829 nostrum
1074 1797 1243 1830 Servatori
1269 1797 1435 1830 Pharisaei
1462 1797 1611 1841 aliquot,
1637 1803 1666 1829 et
1695 1796 1747 1829 di-

77 1853 191 1887 scendi
218 1853 367 1887 studium
394 1854 610 1889 simulantes.
633 1854 722 1888 bona
742 1854 845 1887 verba
867 1853 1038 1899 fingebant
1052 1881 1059 1893 ,
1081 1866 1119 1888 ac
1143 1853 1371 1888 blandissimis
1390 1856 1501 1900 ipsum
1528 1854 1746 1899 alloqueban-

78 1917 134 1944 tur
158 1911 392 1949 sermonibus:
418 1923 536 1957 reapse
564 1919 675 1945 tamen
704 1912 795 1945 haud
823 1913 1018 1950 laudantes,
1044 1912 1103 1946 sed
1130 1919 1164 1945 ut
1191 1924 1268 1946 eum
1296 1913 1538 1957 illaquearent.
1566 1918 1597 1944 et
1624 1923 1662 1944 ex
1690 1923 1749 1945 ore

77 1969 149 2001 eius
175 1976 381 2002 venarentur
407 1969 532 2014 aliquid
547 1995 554 2005 ,
576 1970 624 2002 uti
651 1971 814 2014 scriptum
842 1975 902 2002 est.
932 1970 996 2002 Sed
1015 1981 1094 2003 mox
1113 1980 1130 2002 a
1149 1969 1282 2003 Christo
1302 1970 1353 2002 his
1376 1968 1489 2002 xerbis
1515 1968 1746 2013 coargueban-

78 2032 133 2059 tur
154 2026 183 2059 ’ς
205 2026 288 2073 quid
314 2038 368 2060 me
395 2028 546 2063 tentatis.
570 2027 790 2073 hypocritae?

441 2093 572 2117 Vidisti.
590 2093 735 2120 nomine,
752 2100 790 2115 ne
806 2094 908 2116 sileas.
926 2093 1072 2120 Domine,
1090 2100 1127 2116 ne
1143 2094 1280 2116 discedas
1297 2101 1314 2116 a
1334 2101 1389 2116 me.

172 2143 258 2176 Petit
283 2155 300 2176 a
327 2149 439 2188 patre.
463 2149 498 2176 ut
525 2149 642 2176 contra
669 2143 763 2181 illos,
785 2145 842 2189 qui
864 2145 897 2177 in
918 2156 952 2177 se
971 2143 1167 2178 debacchati
1192 2144 1344 2180 fuerant,
1368 2144 1452 2177 ultio
1478 2149 1744 2177 commoveatur.

80 2201 126 2233 Ac
152 2200 407 2246 propemodum
426 2200 560 2234 adiurat
579 2201 712 2234 dicens:
735 2202 845 2235 vidisti
866 2202 1026 2239 Domine,
1049 2213 1091 2235 ne
1109 2202 1219 2235 sileas.
1249 2202 1325 2234 Vult
1347 2202 1437 2234 euim
1457 2213 1498 2234 ne
1517 2201 1645 2234 diutius
1666 2201 1747 2233 ferat

78 2270 136 2293 eos
161 2259 328 2304 patienter
353 2259 443 2291 Deus
470 2265 586 2304 pater:
608 2259 666 2291 sed
694 2265 726 2291 ut
757 2266 938 2304 consurgat
955 2259 1231 2304 quodammodo,
1254 2260 1446 2304 omissaque
1473 2259 1746 2303 longanimitate.

79 2327 204 2362 poenas
224 2322 380 2361 reposcat
400 2321 613 2361 patratorum
633 2317 754 2349 iniuste
775 2323 891 2349 contra
911 2328 945 2349 sc
964 2316 1167 2350 facinorum.
1190 2317 1347 2349 Attamen
1369 2316 1432 2349 hoc
1451 2316 1548 2351 (licit,
1567 2327 1635 2347 non
1654 2314 1748 2359 quasi

79 2374 214 2407 interim
241 2373 324 2406 nihil
353 2374 423 2419 ipse
449 2380 629 2419 opereunx
651 2386 728 2407 nam
756 2381 851 2419 pater
879 2375 991 2420 potius
1016 2375 1189 2407 neminem
1208 2374 1353 2411 iudicat,
1375 2374 1434 2407 sed
1459 2386 1559 2406 omne
1589 2372 1747 2405 iudicium

78 2429 150 2464 filio
176 2432 356 2465 commisit.
387 2451 408 2456 -
437 2432 525 2463 Dum
551 2437 663 2464 autem
691 2432 751 2469 ait,
774 2443 815 2465 ne
842 2431 996 2465 discedas
1022 2443 1039 2464 a
1065 2443 1139 2469 me,
1165 2432 1341 2465 manifeste
1368 2431 1534 2465 declarat.
1564 2431 1749 2462 maximum

77 2499 149 2521 esse
168 2488 285 2521 salutis
304 2488 528 2533 praesidium.
547 2489 571 2521 si
593 2489 668 2532 quis
688 2495 918 2534 protectorem
937 2489 1221 2533 defensoremque
1241 2489 1361 2522 haheat
1381 2487 1607 2521 universalem
1627 2488 1746 2520 Deum.

78 2546 163 2578 Nam
183 2546 242 2591 qui
262 2546 296 2578 id
316 2547 486 2579 consecuti
508 2546 652 2583 fuerint,
674 2547 818 2580 inimicis
837 2548 908 2580 sine
928 2546 1036 2579 dubio
1056 2547 1123 2579 suis
1150 2546 1231 2579 fient
1258 2547 1469 2591 superiores,
1491 2552 1520 2577 et
1546 2556 1751 2590 oppugnan-

79 2601 162 2635 tium
189 2601 382 2635 incursibus
408 2602 542 2635 fortiter
570 2603 742 2641 resistent,
766 2615 874 2648 neque
901 2615 1063 2647 nmquam
1092 2603 1156 2635 illis
1183 2602 1417 2635 succumbent.

177 2715 211 2744 (t)
232 2713 262 2738 ln
283 2711 390 2745 codice,
403 2720 483 2747 quem
499 2711 590 2738 denuo
605 2712 723 2746 inspexi,
738 2712 867 2739 scribitur
881 2715 972 2739 [satas
988 2720 1035 2747 pro
1049 2714 1203 2739 Hieremia.
1228 2711 1359 2746 Equidem
1377 2711 1483 2737 librarii
1502 2710 1526 2737 id
1546 2710 1675 2737 mendum
1696 2719 1750 2736 cre-

81 2756 200 2784 dendum
221 2760 270 2783 est.
292 2756 435 2791 Ceteroqui
456 2756 542 2782 recole
562 2755 632 2782 dieta
653 2764 667 2782 a
688 2756 765 2783 uobis
784 2755 817 2782 de
836 2758 893 2790 pari
914 2756 1012 2783 mendo
1032 2756 1102 2791 apud
1123 2755 1257 2791 Cyn-illum
1277 2764 1337 2790 pag.
1359 2764 1397 2789 gr.
1421 2759 1463 2782 37.
1485 2754 1548 2781 adn.
1573 2759 1594 2781 t⁴

177 2804 212 2833 (2)
231 2802 313 2828 Hune
332 2801 423 2827 locum
442 2801 597 2827 retulerunt
615 2800 661 2827 alii
681 2800 714 2827 ad
737 2801 931 2833 Athanasiunu
951 2801 998 2829 sed
1018 2802 1045 2827 in
1064 2805 1115 2827 vat.
1137 2799 1229 2827 codiee
1250 2800 1408 2827 inscribitur
1427 2807 1526 2826 nomen
1546 2799 1651 2834 (lyrilli.

177 2849 212 2877 (3)
231 2845 330 2872 Adhuc
349 2845 448 2872 citatur
467 2845 653 2872 Eeclesiastiei
672 2845 819 2872 auctoritas
839 2846 883 2872 IV.
904 2849 946 2872 28.

1783 252 1789 259 '
1806 248 1867 270 Hier.
1890 249 1928 270 xtl
1953 254 1971 270 a.

1781 277 1818 296 Cr.
1833 282 1855 301 p.
1872 280 1917 296 23⁵.

1785 489 1791 502 i
1821 486 1850 503 15.

1786 1123 1793 1135 x
1824 1120 1851 1136 Π).

1786 1413 1794 1426 x
1825 1409 1846 1426 19

1788 1755 1806 1769 i.

1786 1872 1822 1889 m:
1839 1878 1860 1896 μ.
1876 1873 1920 1890 249v

1788 2034 1795 2077 Ἰ
1813 2030 1893 2051 unuh.
1909 2029 1967 2050 xxn

1801 2062 1819 2077 a.

1788 2103 1807 2118 ν.
1824 2102 1854 2117 Ἡ.
