2205 3177
348 295 405 353 S.
442 293 778 353 EIUSDEM
816 292 1119 348 CYRILLI
1155 293 1681 351 ALEXANDRINI

263 440 633 475 FRAGMENTA
668 437 1182 470 EXPLANATIONIS
1216 438 1281 469 IN
1318 439 1537 471 LIBRos
1571 441 1775 474 REGFM

700 558 763 587 Ex
798 556 1000 587 CODICE
1035 556 1245 587 VENETO
1280 559 1329 592 (ll.

868 779 1086 820 IJIBER
1133 782 1161 820 Ι.

619 871 659 894 m
675 871 807 898 sumpsit
823 870 974 893 Samuhel
990 876 1108 900 agnum
1125 870 1293 893 lactentem
1311 877 1419 895 unum.

214 948 230 964 Ἴ

180 949 342 1015 (Armua
369 992 600 1014 ALExANnRuE
625 989 881 1013 nemi-:Piscom
910 977 1018 1011 Viden
1037 978 1087 1011 uti
1105 977 1330 1012 mediatorem
1357 979 1456 1013 simul
1478 979 1662 1026 salutisque
1681 982 1856 1028 dispensa-

180 1046 291 1073 torem
317 1037 462 1072 faciebat
486 1037 682 1071 Christum?
709 1042 810 1082 atque
829 1041 866 1069 ut
888 1035 990 1068 huius
1017 1035 1235 1080 mysterium,
1258 1047 1318 1069 ceu
1343 1037 1503 1070 invictam
1530 1045 1755 1079 armaturam,
1779 1041 1857 1076 alie-

181 1097 382 1141 nigenarum
409 1094 596 1129 incursioni
623 1105 822 1139 opponens,
849 1092 1035 1126 Israhelem
1062 1092 1231 1126 servavit?
1257 1094 1411 1139 Namque
1437 1106 1562 1139 agnum
1588 1095 1767 1130 lactentem
1794 1099 1858 1132 im-

181 1153 322 1187 molarit
342 1164 404 1186 ceu
424 1152 548 1185 Christi
568 1158 708 1196 typum,
730 1150 859 1184 iamdiu
879 1149 1127 1195 prophetarum
1154 1162 1238 1184 xoce
1264 1151 1456 1184 clamantis:
1478 1163 1542 1197 ego
1565 1159 1738 1198 tamquam
1764 1157 1858 1201 agni-

180 1210 278 1244 culus
303 1211 471 1243 innocuus
495 1210 555 1254 qui
582 1208 624 1242 ad
651 1207 854 1242 sacrificium
880 1207 1038 1245 ducitur,
1064 1218 1133 1240 non
1160 1208 1318 1252 cognovi.
1346 1209 1590 1243 Animadverte
1617 1217 1746 1249 autem,
1771 1224 1858 1257 quo-

181 1267 287 1301 modo
312 1268 363 1300 xis
389 1266 564 1305 sacrificii,
590 1266 841 1312 promptiorem
867 1264 909 1298 ad
936 1264 1177 1310 opitulandum
1203 1266 1248 1311 (2)
1273 1264 1509 1300 laborantibus
1536 1274 1667 1313 patrem
1693 1269 1855 1304 reddidit.

180 1326 303 1358 Tonuit
322 1325 413 1358 enim
432 1325 467 1357 in
486 1324 602 1357 hostes
620 1322 742 1368 grandi
762 1323 972 1366 immanique
991 1323 1153 1368 strepitu:
1169 1329 1201 1356 et
1222 1324 1262 1356 iis
1280 1325 1338 1368 qui
1357 1325 1529 1358 victimam
1549 1325 1758 1365 adtulerant,
1775 1339 1859 1362 mer-

181 1381 273 1415 cedis
293 1381 370 1415 loco
389 1380 534 1414 salutem
561 1379 702 1424 largitus
728 1385 790 1412 est.
819 1379 930 1423 Atque
952 1378 1006 1410 liic
1026 1384 1127 1423 typus
1153 1380 1305 1423 mysterii
1326 1381 1359 1413 in
1379 1380 1512 1414 Christo
1537 1384 1760 1417 consummati
1781 1384 1855 1418 fuit.

746 1444 787 1466 Et
804 1449 886 1466 nuuc
904 1449 1008 1473 regem
1025 1444 1114 1465 nobis
1129 1445 1294 1467 constitue.

275 1496 423 1529 Crixum.
453 1495 577 1528 Renuit
602 1493 729 1527 Israhel
756 1493 885 1526 diutius
904 1504 921 1526 a
940 1493 1012 1526 Deo
1036 1492 1221 1538 gubernari
1242 1506 1303 1540 per
1322 1496 1528 1541 prophetas;
1550 1509 1734 1543 regemque
1753 1499 1861 1546 depo-

180 1554 289 1598 poscit
313 1553 503 1586 hominem.
532 1552 621 1585 Hinc
647 1551 787 1589 accidit,
808 1557 844 1584 ut
872 1562 890 1584 a
916 1551 990 1596 lege
1016 1563 1155 1597 quoque
1181 1559 1297 1597 postea
1324 1554 1529 1588 discederet:
1555 1567 1633 1589 nam
1652 1557 1783 1602 primus
1801 1559 1860 1592 Sa-

179 1609 298 1643 lomon
324 1609 454 1643 Baalim
480 1609 605 1647 coluit;
628 1615 706 1654 post
732 1619 835 1654 quem
862 1607 1115 1642 Hieroboamus
1140 1610 1299 1644 iuvencas
1324 1611 1369 1656 (3)
1395 1611 1586 1647 adorandas
1611 1616 1804 1660 proposuit.

548 1674 700 1701 Dixitque
715 1673 869 1696 Dominus
884 1672 1062 1696 Samuheli:
1079 1674 1155 1696 audi
1173 1681 1272 1698 vocem
1289 1676 1421 1699 istorum
1437 1679 1494 1700 etc.

275 1725 423 1758 Cmeu.
452 1725 566 1764 Quum
585 1735 640 1757 res
658 1722 746 1757 bene
764 1723 950 1756 Israhelitis
976 1723 1223 1768 procederent,
1246 1731 1346 1770 atque
1371 1727 1505 1772 optimo
1524 1728 1572 1762 rei
1591 1727 1749 1774 publicae
1771 1737 1859 1765 statu

181 1782 392 1819 fruerentur,
409 1780 530 1815 acerba
549 1779 612 1814 sibi
627 1780 808 1814 infeliciter
821 1780 1083 1818 concinnarunt.
1101 1782 1234 1815 Etenim
1253 1782 1359 1816 divini
1377 1784 1482 1817 veluti
1500 1786 1595 1830 regni
1614 1784 1746 1820 abiecto
1761 1788 1857 1833 iugo,

180 1838 222 1871 ad
249 1837 389 1872 beatum
409 1849 579 1871 accessere
598 1837 815 1871 Samuhelem
836 1837 1003 1871 dicentes:
1025 1839 1193 1871 constitue
1213 1838 1313 1872 nobis
1332 1851 1463 1885 regem,
1485 1842 1544 1886 qui
1564 1842 1615 1875 ius
1634 1842 1733 1876 nobis
1752 1843 1858 1882 dicat.

180 1903 211 1929 et
239 1896 383 1941 reliqua.
413 1895 543 1929 Deinde
569 1907 676 1940 quum
696 1894 855 1928 Samuhel
882 1906 970 1940 quae
996 1894 1109 1928 forent
1135 1896 1224 1941 regis
1243 1897 1316 1930 iura
1343 1899 1423 1943 ipsis
1449 1906 1653 1944 exponeret,
1676 1901 1860 1947 multisque

180 1965 238 1986 eos
264 1953 452 1998 compleret
480 1951 692 1990 terroribus,
715 1959 816 1998 atque
836 1964 854 1985 a
875 1958 942 1986 tam
963 1964 1075 1986 nocuo
1095 1964 1271 1999 pravoque
1297 1955 1440 1988 consilio
1466 1967 1684 2002 summopere
1709 1958 1862 1993 retrahe-

180 2016 249 2049 ret,
274 2010 308 2043 hi
335 2010 559 2043 nihilominus
584 2009 755 2043 instabant
782 2009 950 2043 dicentes:
980 2021 1215 2055 nequaquam,
1237 2011 1295 2044 sed
1323 2023 1468 2057 regnum
1494 2012 1594 2047 nobis
1620 2015 1857 2050 constituatur.

625 2076 775 2103 Dixitque
791 2075 871 2098 Saul
889 2081 986 2103 puero
1002 2078 1060 2098 ete.
1076 2076 1153 2103 quid
1170 2077 1347 2099 adferemus
1362 2080 1420 2100 etc.

276 2126 429 2162 CriuLu.
450 2138 494 2159 ax
513 2137 746 2159 commwmmo
766 2138 799 2159 IN
818 2137 1034 2159 MATTHAEUM.
1062 2127 1189 2160 Natura
1209 2134 1446 2172 comparatum
1467 2135 1535 2167 est,
1559 2136 1595 2163 ut
1614 2131 1672 2175 qui
1692 2129 1860 2165 beneficio

182 2183 297 2228 aliquo
323 2184 374 2217 usi
401 2183 549 2219 fuerint.
577 2183 611 2216 id
639 2189 688 2217 est
715 2195 787 2217 rem
814 2183 964 2228 aliquam
990 2184 1146 2229 apprime
1173 2184 1357 2218 iucundam
1383 2184 1443 2218 abs
1468 2185 1622 2230 quolibet
1650 2189 1860 2233 receperint,

181 2241 325 2286 gratiam
352 2252 416 2286 pro
441 2240 573 2275 viribus
600 2241 728 2274 referre
754 2241 880 2279 velint,
901 2247 933 2275 et
960 2240 1100 2286 paribus
1118 2241 1171 2275 vel
1193 2243 1294 2275 etiam
1313 2242 1502 2276 maioribus
1524 2255 1602 2277 eum
1628 2245 1686 2289 qui
1712 2245 1776 2278 sibi
1802 2245 1862 2279 be-

181 2297 303 2332 nefecit
323 2297 523 2332 muneribus
543 2298 689 2332 adficere
709 2298 768 2343 (4)
791 2300 903 2343 Atque
923 2298 965 2332 ad
986 2298 1074 2332 hanc
1093 2298 1223 2344 probae
1243 2301 1364 2333 mentis
1383 2300 1710 2335 demonstrationem
1729 2303 1751 2336 ii
1771 2314 1863 2348 prae-

182 2356 280 2401 cipue
305 2362 470 2401 prompto
495 2356 610 2389 studio
636 2356 813 2394 feruntur,
838 2357 897 2401 qui
923 2355 1024 2389 bonis
1051 2356 1274 2402 ingenuisque
1300 2357 1458 2391 moribus
1484 2358 1629 2403 praediti
1655 2366 1746 2393 sunt.

522 2421 633 2449 Ibique
650 2423 719 2444 erat
737 2428 818 2444 unus
835 2422 873 2443 «le
890 2421 999 2444 Saulis
1015 2422 1144 2444 famulis
1160 2424 1217 2444 etc.
1235 2423 1284 2445 eui
1302 2429 1412 2445 nomen
1431 2423 1521 2446 noea.

278 2471 426 2504 Cvmm.
455 2472 531 2504 Fuit
556 2472 610 2505 vir
633 2471 775 2516 quidam
794 2478 895 2517 gente
914 2471 1111 2510 idumaeus,
1134 2472 1186 2505 cui
1214 2483 1339 2505 nomen
1358 2473 1462 2507 Doec.
1491 2474 1555 2507 Hic
1573 2486 1591 2508 a
1610 2473 1699 2508 beati
1726 2476 1864 2509 Davidis

182 2526 406 2571 stipatoribus
425 2527 604 2561 submotus
624 2528 753 2568 fuerat,
774 2535 915 2574 eratque
934 2529 1049 2562 officio
1068 2530 1312 2568 mmmm—ius,
1334 2528 1440 2563 homo
1461 2529 1602 2564 acerbus
1621 2538 1653 2564 et
1673 2531 1859 2568 barbarus.

183 2583 336 2629 nihilque
356 2583 466 2617 bonae
487 2584 593 2629 frugis
612 2584 755 2619 habens.
778 2586 809 2619 Is
828 2586 915 2619 clam
935 2586 1069 2620 Saulem
1089 2586 1221 2623 adibat,
1243 2592 1447 2632 cunctasque
1467 2589 1495 2621 ei
1516 2588 1713 2623 molitiones
1731 2596 1764 2623 et
1783 2602 1863 2624 con-

280 2664 314 2692 (1)
334 2660 452 2688 Videant
470 2662 585 2689 lectores
606 2663 659 2689 inei
678 2670 748 2697 quae
767 2662 822 2689 dixi
843 2664 871 2689 in
892 2671 954 2698 pag.
976 2672 1016 2698 gr.
1037 2666 1098 2690 435.
1120 2663 1183 2690 adn.
1208 2667 1230 2690 1.

279 2709 315 2737 (ἓξ
336 2707 367 2732 ln
388 2714 485 2740 graeco
503 2706 596 2733 deesse
615 2706 723 2734 videtur
741 2709 817 2742 πρὸς,
837 2716 935 2743 nempe
954 2711 1016 2743 πρὸς
1038 2710 1190 2744 ἐπικουρίαν.

280 2754 312 2781 χ3,
335 2752 437 2785 Nempe
457 2751 604 2786 Aegyptios
624 2752 763 2784 imitatus,
784 2761 900 2787 quorum
920 2753 950 2780 in
969 2754 1049 2788 pictis
1064 2754 1172 2789 papyris
1187 2753 1266 2788 Apim
1288 2758 1336 2781 aut
1354 2755 1481 2782 iuvencas
1500 2763 1590 2783 sacras
1610 2757 1710 2791 passim
1732 2757 1860 2784 videmus.

281 2798 315 2826 μυ
336 2796 460 2822 Fortasse
484 2795 606 2829 loquitur
625 2796 744 2832 (lyrillus
768 2796 801 2823 de
826 2797 932 2831 leproso
957 2798 1021 2829 illo,
1042 2806 1122 2833 quem
1144 2799 1218 2825 lesus
1242 2799 1347 2825 sanavit
1370 2799 1441 2834 apud
1462 2800 1559 2826 Matth.
1581 2801 1654 2827 VIII.
1676 2804 1705 2833 2;
1726 2802 1772 2836 qui
1792 2802 1863 2836 apud

183 2840 266 2866 Marc.
289 2841 308 2865 1.
330 2843 378 2872 45,
401 2840 460 2866 Iesu
484 2839 648 2866 heneficium
674 2841 762 2875 coepit
786 2841 958 2875 praedicare;
979 2842 1097 2877 itemque
1122 2842 1190 2869 alius
1214 2842 1285 2877 apud
1306 2844 1410 2870 Lucani
1431 2845 1519 2870 xvtt.
1544 2848 1589 2877 15,
1609 2845 1687 2872 cuius
1707 2850 1738 2872 ut
1757 2850 1865 2881 gratum

184 2884 308 2911 animum
328 2883 448 2911 laudavit
466 2884 616 2916 Dominus,
639 2884 675 2911 ita
696 2884 813 2912 aliorum
834 2893 919 2921 aeque
939 2886 1134 2913 mundatorum
1156 2886 1382 2920 ingratitudinem
1403 2889 1573 2923 vituperavit.

1719 2945 1750 2968 35

1895 882 1910 913 l:
1930 882 2046 919 Merv-tt
2067 890 2084 904 ει.

1894 910 1931 928 (π,
1946 915 1967 934 p.
1988 912 2028 930 12³.

1897 1456 1947 1477 Vttl
1974 1460 1983 1474 ’-

1899 1700 1965 1740 tii-‚¹¹11
1994 1718 2026 1734 aar,

1899 2088 1935 2108 tx.
1952 2091 1961 2108 7

1900 2433 1957 2453 ΧΧΙ,
1976 2435 1993 2452 7.
