2205 3177
211 327 251 344 NA
285 327 331 345 xit
354 332 365 345 t*

192 1074 214 1092 'l
233 1073 325 1093 ‹az-..xx
351 1076 371 1091 1¹¹

279 1683 346 1704 hrorti

232 1711 304 1731 λλΧῚ
315 1710 329 1730 1.
346 1714 378 1730 τί.

187 2160 192 2165 ·
212 2156 291 2181 hphes.
304 2156 330 2177 Π,
348 2160 377 2176 1'..

241 2296 278 2315 Gr.
293 2275 377 2321 pfa'ff,

428 182 491 214 198
926 190 952 210 s.
981 189 1106 210 crium
1135 189 1353 210 .xi.1·:x.txn1nxi
1381 189 1584 211 Exl’LANATlO

423 257 526 288 sci-cri
555 254 741 286 multorum
770 264 908 297 quoquc
935 264 1092 287 reorum,
1121 251 1166 284 ob
1193 264 1318 298 paucos
1349 253 1466 285 iustos.
1497 253 1543 284 Ac
1571 251 1676 285 veluti
1709 258 1867 296 peccante
1894 254 1926 285 in
1953 253 2089 286 deserto

423 313 504 345 olim
534 311 682 356 populo,
709 309 854 354 ideoque
882 310 998 342 ruinae
1025 309 1181 344 addicto,
1207 321 1343 343 sumens
1369 311 1483 342 Aaron
1511 308 1725 342 thnribulum
1751 310 1759 318 '
1787 308 1910 343 obtulit
1938 322 2001 355 pro
2029 309 2089 343 illo

423 371 614 402 incensum.
637 373 666 399 ct
691 367 840 411 placatus
859 373 907 399 cst
930 368 1016 399 l)cus
1044 366 1134 411 plebi
1155 366 1200 399 ob
1219 366 1404 400 sacerdotis
1430 365 1656 401 oblationem:
1678 367 1723 398 sic
1749 367 1847 399 etiam
1867 368 1925 411 qui
1945 368 1990 412 pii
2011 373 2088 400 sunt

421 429 452 459 in
481 425 628 470 populo.
651 424 815 457 rationale
836 436 933 458 suum
953 424 1154 458 sacrificium
1174 425 1320 458 offerunt
1350 436 1412 469 pro
1432 424 1552 457 codem
1574 424 1703 469 populo
1722 424 1959 469 deprecantes,
1982 423 2091 458 bona-

419 496 485 528 que
504 493 561 515 sua
582 481 798 516 exhibentes,
822 482 949 514 hostiae
969 482 1091 517 instar,
1112 494 1229 526 opera.
1259 483 1355 515 Certe
1375 482 1457 515 hacc.
1475 481 1587 515 (licere
1607 492 1675 514 non
1695 487 1767 514 crat
1788 480 1895 526 plebis
1917 482 2086 517 officium,

418 552 505 585 quac
534 546 565 571 ut
597 540 762 584 peccatrix
791 539 933 571 inimicis
959 539 1026 571 suis
1053 538 1173 571 tradita
1201 539 1324 571 suerat:
1350 538 1407 572 scd
1433 539 1529 571 sicuti
1557 539 1589 571 in
1616 550 1650 571 se
1678 537 1865 583 prophetae
1891 545 2089 583 receperant

420 595 528 642 plebis
548 602 701 641 peccata.
724 597 770 629 sic
789 608 847 629 sna
875 597 903 629 ci
925 597 1173 629 communicata
1194 594 1355 628 volebant
1374 596 1507 629 merita.
1530 597 1797 629 Consectancum
1816 596 1943 640 quippe
1962 601 2010 628 cst
2023 621 2030 632 ,
2053 602 2090 628 ut

421 666 488 687 uno
515 653 672 686 membro
699 654 865 699 patiente,
890 659 999 687 cetera
1026 654 1141 686 onmia
1168 653 1438 698 compatiantur;
1463 653 1655 697 glorificato
1681 659 1812 690 autem,
1839 653 2084 697 congaudeant.

721 720 828 742 Nonne
846 720 927 742 Deus
945 721 1082 747 requiret
1101 720 1176 742 istut
1194 719 1263 746 lpse
1279 719 1362 742 enim
1378 720 1558 741 abscondita
1577 720 1678 742 cordis
1697 719 1791 741 novit.

517 771 629 815 ipsum
658 771 707 802 inx
717 776 815 803 ocant
843 775 962 803 testem
988 780 1186 802 sermonum
1206 775 1238 802 et
1258 769 1499 813 cogitationum
1512 794 1519 807 ,
1544 768 1637 812 quod
1658 779 1782 813 nempe
1801 778 1858 801 eos
1885 766 1978 800 nulla
1997 779 2051 800 res
2071 778 2089 801 a

420 834 508 861 recta
530 828 692 871 religione
712 828 883 860 auerterit.
913 827 1046 860 Etenim
1066 826 1195 860 nomini
1216 832 1274 859 tuo
1293 826 1521 863 confidentes,
1543 827 1652 861 aiunt,
1674 825 1874 869 gloriamur.
1900 825 1968 857 Scis
1986 825 2088 857 etiam

419 885 609 918 cuiusmodi
630 886 693 918 sint
715 885 938 929 cogitationes
958 891 1109 922 nostrae,
1131 884 1214 917 (lum
1233 884 1387 929 quotidie
1406 882 1452 917 ob
1471 895 1586 917 xeram
1605 883 1805 928 religionem
1826 881 2085 915 mortificamur.

419 943 592 988 Siquidem
620 943 694 977 illc.
716 943 773 986 qui
795 954 856 974 suo
877 943 1054 987 proposito
1082 942 1197 975 statuit
1216 942 1250 974 in
1270 941 1413 985 singulis
1435 940 1676 974 tentationibus
1696 952 1759 985 pro
1777 940 1917 973 veritate
1941 945 2088 973 mortem

370 1025 379 1032 ,,
420 1006 601 1045 oppetere,
623 1001 689 1032 iam
717 1000 821 1032 instar
840 1000 966 1032 mortui
993 1005 1058 1032 est:
1079 998 1173 1043 quod
1199 999 1300 1031 etiam
1328 998 1470 1036 Paulus,
1491 998 1601 1031 varias
1627 997 1775 1031 tolerans
1802 997 2001 1030 tentationes
2020 997 2089 1030 aie-

422 1057 477 1090 bat
501 1058 530 1089 ':
553 1056 707 1101 quotidie
734 1057 884 1091 morior,
906 1067 984 1089 sane
1004 1067 1066 1102 per
1083 1061 1230 1089 vestram
1249 1055 1410 1101 gloriam!
1439 1056 1475 1087 ln
1494 1054 1636 1088 occultis
1656 1055 1770 1098 itaque
1794 1054 1917 1087 nostris
1934 1053 2088 1098 quotidie

420 1113 685 1148 mortificamur:
708 1119 739 1145 et
766 1114 845 1157 quia
873 1113 976 1146 semel
1004 1124 1066 1147 nos
1093 1113 1184 1158 ipsos
1209 1112 1410 1146 sacrificium
1432 1124 1495 1158 pro
1515 1111 1644 1157 populo
1663 1110 1868 1148 obtulimus,
1891 1110 1955 1144 hoe
1973 1116 2087 1144 mente

421 1172 580 1217 patimur.
610 1172 700 1215 Ergo
720 1171 824 1203 xcluti
852 1171 934 1204 haee
954 1171 1060 1215 passi,
1083 1176 1113 1203 te
1137 1170 1179 1204 ad
1198 1181 1261 1203 nos
1279 1182 1494 1208 revocamus,
1514 1175 1547 1203 et
1572 1170 1667 1214 quasi
1686 1169 1738 1202 his
1756 1168 1854 1202 malis
1878 1167 2086 1201 indormien-

422 1237 489 1263 tem
516 1230 729 1262 suscitamus.

680 1295 818 1323 Exsurge.
837 1294 982 1321 Domine,
998 1294 1110 1316 adiuva
1130 1300 1200 1321 nos,
1215 1296 1247 1317 et
1264 1294 1380 1316 redimo
1397 1300 1450 1316 nos
1467 1295 1594 1320 promm-
1612 1299 1720 1316 nomen
1738 1295 1834 1315 tuum.

515 1345 612 1379 Eam.
636 1355 722 1388 quae
750 1344 930 1388 postremis
956 1342 1172 1388 temporibus
1199 1343 1311 1376 futura
1338 1349 1405 1381 est,
1428 1343 1583 1376 Israhelis
1609 1343 1865 1375 conversionem
1888 1347 1919 1375 et
1939 1340 2087 1374 vocatio-

421 1413 517 1438 nem.
541 1401 591 1434 his
619 1400 792 1433 xersiculis
813 1400 911 1433 nobis
931 1400 1140 1445 significant,
1161 1400 1324 1434 addentes
1343 1400 1491 1433 sermoni
1512 1411 1593 1437 suo,
1614 1399 1649 1432 id
1669 1405 1715 1433 est
1736 1400 1804 1432 suis
1823 1398 1864 1432 ad
1883 1399 1991 1433 Deum
2010 1409 2088 1443 pre-

420 1458 514 1491 cihus
533 1458 599 1491 hoc.
617 1470 755 1503 quoque
779 1472 793 1488 ι(
818 1464 960 1503 propter
981 1469 1105 1491 nomen
1126 1464 1241 1496 tuum;
1266 1471 1280 1489 »
1304 1457 1479 1491 manifeste
1505 1456 1703 1490 confitentes
1721 1456 1878 1501 indignos
1896 1467 1931 1489 se
1948 1454 2088 1500 quidem

419 1515 671 1551 misericordia,
693 1516 751 1559 qui
778 1514 824 1547 ol)
850 1527 946 1548 suam
973 1516 1137 1548 inscitiam
1164 1527 1271 1549 cornu
1298 1515 1459 1548 adsersus
1477 1514 1647 1548 Christum
1669 1518 1881 1547 exacuerant.
1910 1512 2087 1557 Ceteroqui

419 1574 527 1606 Deum
554 1572 675 1606 decere
694 1572 962 1605 misericordiam
977 1599 984 1610 ,
1007 1579 1038 1606 et
1059 1573 1145 1606 iram
1163 1572 1326 1606 adversus
1345 1572 1528 1605 humanam
1547 1571 1761 1617 fragilitatem
1780 1582 1849 1604 non
1868 1571 2085 1607 continuare,

419 1630 476 1663 scd
507 1631 618 1675 potius
638 1629 679 1662 ad
700 1630 915 1663 clementiam
935 1631 1056 1663 suimet
1082 1631 1187 1675 gratia
1216 1629 1317 1663 flecti.
1346 1630 1457 1670 Quare
1475 1635 1507 1663 et
1527 1640 1588 1674 per
1607 1640 1713 1662 unum
1732 1640 1750 1662 e
1768 1628 1889 1662 sanctis
1911 1625 2089 1673 prophetis

419 1687 502 1720 dixit
524 1688 553 1719 ':
577 1699 646 1720 non
674 1693 816 1732 propter
843 1699 923 1725 vos,
945 1688 991 1720 ait
1016 1688 1201 1725 Dominus,
1223 1688 1281 1721 sed
1309 1693 1451 1733 propter
1477 1698 1600 1720 nomen
1626 1697 1739 1719 meum
1764 1685 1798 1719 id
1826 1696 1901 1730 ago.

1059 1782 1283 1821 PSALMUS
1313 1784 1448 1821 XLIV.

545 1865 583 1887 ln
602 1865 710 1893 finem,
728 1872 784 1893 pro
802 1867 841 1888 iis
857 1867 911 1893 qui
929 1868 1219 1896 commutabuntur,
1236 1868 1311 1890 filiis
1326 1867 1420 1895 Con-e,
1436 1868 1475 1890 ad
1492 1867 1688 1890 intellectum
1705 1866 1753 1895 (1),
1769 1871 1825 1893 pro
1840 1864 1964 1887 dilecto·

515 1916 653 1948 (janitur
680 1916 733 1947 hic
760 1916 911 1960 psalmus
930 1917 965 1949 in
985 1916 1109 1955 finem;
1131 1919 1282 1951 continet
1301 1919 1391 1951 enim
1411 1919 1660 1954 narrationem,
1681 1928 1741 1950 seu
1767 1914 2087 1961 proclamationem,

419 1973 570 2016 mysterii
591 1972 633 2005 de
653 1973 806 2011 Christo,
828 1973 923 2016 quod
942 1974 975 2006 in
996 1976 1182 2019 praesentis
1201 1975 1325 2008 saeculi
1345 1976 1636 2008 consummatione
1659 1974 1782 2007 evenit.
1811 1973 1862 2005 Sic
1880 1971 1971 2004 enim
1991 1968 2090 2003 nobis

417 2031 572 2075 apparuit
601 2029 703 2063 silius.
733 2031 909 2064 Canticum
936 2037 1048 2065 autem
1069 2043 1133 2077 pro
1152 2033 1191 2065 iis
1216 2033 1275 2077 qui
1298 2031 1621 2069 commutabuntur,
1642 2038 1674 2064 et
1701 2042 1764 2077 pro
1783 2029 1926 2067 dilecto,
1947 2038 2090 2073 compo-

416 2087 518 2120 situm
538 2087 674 2120 dicitur.
698 2088 932 2120 Commutatos
953 2100 1059 2133 porro
1080 2089 1222 2123 ludaeos
1242 2091 1369 2134 pariter
1387 2089 1609 2133 ethnicosque
1628 2089 1789 2125 dicimus,
1812 2093 1912 2132 atque
1929 2087 1964 2120 in
1981 2097 2089 2120 unum

417 2145 581 2178 coaluisse
601 2144 763 2177 dilectum
786 2145 955 2190 populum
975 2158 1014 2179 ex
1034 2146 1188 2184 duobus,
1210 2158 1271 2192 per
1290 2148 1516 2181 vocationem.
1539 2148 1692 2191 Namque
1712 2152 1746 2179 ut
1766 2145 1888 2179 Paulus
1907 2145 1952 2179 ait
1972 2145 1982 2154 '
1997 2170 2005 2184 ‚
2026 2156 2091 2190 po-

419 2202 518 2247 pulos
544 2202 632 2235 duos
659 2203 692 2234 in
721 2214 789 2235 uno
816 2203 1015 2236 instauravit
1041 2204 1194 2237 Christus
1221 2216 1313 2238 novo
1339 2204 1490 2238 homine.

916 2268 1080 2291 Eructavit
1096 2276 1148 2291 eor
1165 2276 1264 2292 meum
1283 2271 1408 2293 verbum
1426 2271 1539 2293 bonum
1555 2271 1596 2299 (2).

512 2318 594 2351 Ileic
621 2329 755 2351 mecum
782 2318 958 2351 considera
978 2318 1080 2351 Verbi
1102 2320 1159 2352 Dei
1187 2331 1225 2353 ex
1254 2319 1438 2353 substantia
1466 2321 1570 2365 patris
1589 2321 1646 2353 Dei
1669 2331 1864 2365 processum
1891 2325 1923 2353 et
1949 2329 2090 2364 genera-

417 2375 563 2412 tionem,
587 2386 655 2408 non
682 2382 856 2420 tamquam
884 2387 1009 2421 corpus
1036 2388 1053 2409 e
1080 2388 1244 2422 corpore,
1265 2378 1324 2411 sed
1351 2379 1423 2411 sine
1447 2378 1716 2423 compositione,
1737 2377 2015 2415 immaterialem,
2037 2377 2091 2409 in-

514 2498 545 2525 1‘1,
568 2494 667 2521 Confer
686 2495 797 2521 titulum
818 2495 915 2529 psalmi
936 2496 1043 2522 XXXI.
1066 2504 1090 2530 p.
1115 2500 1177 2529 144,
1198 2497 1246 2523 ubi
1266 2497 1336 2523 hane
1355 2497 1502 2524 dictionem
1523 2498 1551 2524 in
1570 2497 1634 2524 adn.
1655 2501 1680 2524 5.
1701 2497 1903 2532 explicavimus.

514 2542 548 2565 ‘25
568 2539 707 2565 Psalmum
727 2539 801 2566 hunc
821 2544 978 2567 constanter
990 2540 1106 2567 Hebraei
1126 2549 1211 2575 aeque
1225 2545 1251 2567 et
1264 2541 1412 2568 Christiani
1427 2541 1460 2568 de
1474 2542 1573 2569 Messia
1592 2542 1696 2569 dietum
1715 2541 1870 2569 adfirmant.
1891 2541 1968 2568 Certe
1986 2544 2012 2568 et
2026 2540 2091 2567 Cos-

415 2589 472 2608 mas
493 2582 704 2617 indicopleustes
723 2587 828 2618 topogr.
846 2584 940 2611 christ.
957 2583 1003 2611 lib.
1021 2586 1052 2611 V.
1068 2584 1110 2611 ed.
1127 2593 1151 2619 p.
1167 2587 1227 2611 22⁴.
1244 2585 1353 2611 tertium
1370 2585 1443 2611 hunc
1458 2585 1525 2612 dicit
1543 2593 1574 2612 ex
1592 2590 1710 2621 quatuor
1723 2589 1836 2620 (nempe
1848 2585 1884 2611 11.
1900 2585 1974 2611 V111.
1988 2585 2087 2611 XLIV.

414 2625 502 2656 CIX.)
516 2634 582 2660 qnos
594 2626 681 2653 David
701 2627 734 2653 de
754 2627 861 2653 Christo
881 2627 1087 2661 tantummodo,
1104 2628 1179 2655 aliud
1199 2628 1308 2655 nullum
1328 2633 1520 2661 arf-'timentum
1541 2629 1709 2662 admiscens,
1725 2629 1845 2663 scripsit:
1861 2627 1933 2663 quod
1953 2627 2088 2662 ceteroqui

415 2670 528 2696 Cosmae
546 2670 679 2697 iudicium
700 2671 810 2698 iniustis
831 2671 910 2705 plane
930 2671 1065 2699 limitibus
1084 2680 1142 2699 esse
1166 2672 1335 2703 restrictum,
1356 2681 1436 2700 nemo
1456 2673 1566 2701 criticus
1590 2674 1650 2708 pius
1674 2674 1816 2708 bonusque
1834 2681 1890 2700 non
1914 2671 2086 2699 existimabit.

415 2713 482 2738 Nam
504 2718 589 2740 totum
605 2714 688 2741 ferme
703 2715 862 2749 psalterium
883 2724 896 2742 a
917 2716 1040 2750 patribus
1059 2717 1140 2743 etiam
1161 2716 1350 2743 vetustissimis
1366 2717 1399 2743 ad
1415 2718 1555 2745 Christum
1575 2717 1667 2744 referri
1688 2717 1819 2744 videmus.
1840 2718 1909 2744 Ecce
1923 2721 2013 2743 autem
2026 2723 2088 2742 san-v

415 2760 475 2781 ctus
494 2764 601 2791 quoque
616 2758 765 2791 Gregorius
785 2767 917 2794 nyssenus
937 2768 1016 2793 eum,
1032 2768 1112 2794 quem
1128 2768 1176 2787 nos
1195 2768 1225 2786 ex
1245 2764 1296 2786 vat.
1314 2760 1374 2787 cod.
1391 2761 1540 2794 edidimus,
1554 2770 1707 2789 sermonem
1722 2766 1815 2788 eontra
1828 2761 1924 2787 Arium
1944 2763 2024 2794 atque
2038 2759 2087 2785 Sa-

416 2799 528 2825 bellium
549 2801 582 2827 ab
603 2801 652 2827 hoc
673 2802 803 2829 vocabulo
823 2803 974 2829 exorditur:
996 2805 1137 2830 eructavit
1156 2813 1204 2830 cor
1223 2812 1311 2830 meum
1336 2806 1457 2832 Verbum
1482 2806 1591 2832 bonnm.
1612 2809 1671 2832 Hoc
1691 2806 1791 2832 bonum
1811 2807 1862 2831 Dei
1883 2804 2001 2830 Verbum
2022 2803 2088 2830 Arii

417 2846 443 2869 et
462 2843 604 2869 „tehillim
623 2847 775 2872 seruam-es
794 2846 990 2873 scelestissima
1012 2848 1189 2882 blasphemia
1208 2850 1272 2874 ause*
1290 2850 1356 2874 sunt
1373 2857 1433 2875 rem
1452 2851 1580 2876 creatam
1592 2848 1742 2883 facmmve
1760 2849 1895 2875 dictitare
1913 2851 1964 2874 ete.
