2205 3177
239 284 292 300 μιν.
310 279 346 299 M.
363 281 381 298 23.

241 565 296 581 *mni
313 560 348 581 lx.
364 564 382 579 (μ

214 848 219 856 ’
236 846 283 865 (ivn
309 845 334 866 ll.
351 848 382 866 213.

263 1136 299 1153 (vr,
315 1139 337 1158 [ι.
352 1136 384 1153 623.

427 191 465 223 52
923 199 952 221 s.
980 199 1107 222 crustu
1131 199 1351 223 Atssxssnmm
1378 201 1581 224 eerAxm-lo

750 274 857 298 Omnis
873 276 932 298 vir}
950 278 1042 303 eaput
1060 276 1204 300 mni-istus
1219 280 1279 304 osu
1294 280 1388 305 caput
1403 280 1507 300 aunem
1524 279 1680 306 mulien-Is,
1695 279 1757 306 viu-3

1005 322 1097 347 caput
1114 321 1247 348 «lenique
1262 321 1396 349 Christi,
1413 321 1505 344 Deus.

513 378 618 422 Caput
643 377 709 411 boc
731 377 807 411 loco
828 377 908 410 dicit
931 379 1169 423 primigeniam
1188 379 1498 425 pulchritudinem,
1520 380 1614 413 cuius
1633 381 1815 425 imaginem
1834 387 1992 427 reputare.
2012 392 2083 415 me-

422 437 487 469 rito
511 436 586 468 licet
613 446 893 480 unumquemque
917 446 958 469 ex
976 436 1178 473 nominatis,
1199 437 1255 481 qui
1275 436 1531 471 substantialem
1552 437 1658 470 veluti
1678 436 1879 476 nobilitatis.
1901 439 1970 472 sive
1991 439 2089 472 aliter

421 493 618 537 congenitae
638 498 797 528 naturae.
826 493 964 525 sortitus
985 493 1081 526 l'uerit
1102 495 1280 527 rationem.
1301 495 1441 528 Creatus
1458 500 1504 528 est
1525 495 1656 540 primus
1675 495 1800 533 homo,
1828 495 1863 528 id
1888 502 1937 529 est
1958 495 2087 534 Adam,

423 550 464 583 ad
485 550 665 594 imaginem
685 555 719 582 ct
737 549 992 583 similitudinem
1013 551 1084 583 Dei.
1106 551 1157 584 Sic
1175 552 1266 584 enim
1286 551 1365 585 dicit
1386 551 1509 585 alicubi
1531 553 1686 585 omnium
1705 558 1839 586 creator
1854 553 1885 585 ἐ
1905 566 1921 583 «
1942 552 1983 586 ad
2006 553 2091 586 ima-

421 609 533 653 ginem
554 607 614 640 Dei
640 606 815 640 hominem
839 606 913 640 feci.
941 621 956 638 n
983 608 1087 652 igitur
1112 609 1174 641 viri
1202 615 1301 654 caput
1328 609 1496 648 Christus,
1521 609 1732 655 archetypon
1756 609 1897 654 quidem
1922 615 1959 643 ut
1981 610 2088 648 Deus;

422 671 562 698 naturae
583 676 665 698 vero
684 670 819 698 nostrae
839 665 912 709 lege
924 691 932 703 ,
956 665 1135 698 uniformis
1153 677 1289 710 quoque
1309 666 1412 700 bomo
1439 667 1646 712 comparuit,
1669 677 1879 712 quamquam
1897 672 1984 700 esset
2001 667 2092 700 Deus

421 722 592 758 Verbum,
621 728 721 767 atque
749 733 766 755 a
796 729 891 767 patre
919 722 1127 755 ineffabilem
1155 724 1293 757 sortitus
1320 724 1542 758 nativitatem.
1574 725 1670 757 Facta
1699 729 1748 757 est
1779 722 1822 756 ad
1849 723 2033 768 imaginem
2059 728 2092 756 et

421 779 681 812 similitudinem
711 779 876 817 hominis,
904 779 939 812 id
970 786 1017 812 est
1047 779 1187 818 Adami,
1216 781 1318 813 etiam
1348 781 1490 820 mulier,
1518 793 1587 814 non
1614 782 1643 815 ei
1669 788 1827 814 extranea
1855 780 1915 814 sed
1940 779 2093 814 eiusdem

423 837 536 882 potius
555 843 695 870 naturae
716 843 816 881 atque
836 836 1039 870 conformis:
1058 836 1159 881 idque.
1179 843 1295 882 aperte
1315 838 1489 871 confessus
1509 845 1557 872 est
1583 840 1782 884 progenitor
1800 837 1910 871 Adam
1929 837 2045 870 dicens
2061 836 2090 869 ἐ

426 908 441 924 «
463 893 528 927 boc
554 900 601 926 est
629 904 667 926 os
692 906 730 927 ex
761 892 893 927 ossibus
918 894 1020 931 meis,
1041 900 1073 927 et
1094 905 1173 927 caro
1199 894 1242 927 de
1261 889 1360 928 carne
1385 907 1478 932 mea,
1499 902 1533 929 et
1556 897 1700 941 reliqna.
1727 910 1742 927 »
1765 895 1866 936 Quod
1891 895 1917 927 si
1943 892 2093 927 Verbum

425 962 465 984 ex
484 952 555 985 Deo
576 957 671 996 patre
696 957 832 989 natum,
855 951 947 984 aiunt
969 951 1014 995 (l)
1035 963 1106 983 esse
1133 951 1257 985 sactum
1270 978 1277 987 .
1300 958 1333 985 et
1359 964 1437 986 cum
1462 954 1625 987 creaturis
1644 952 1895 987 numerandum
1908 977 1916 989 ,
1936 950 2095 997 quando-

424 1009 563 1054 quidem
589 1014 638 1042 est
663 1009 775 1042 omnis
800 1009 863 1041 viri
890 1014 1008 1053 caput,
1029 1020 1089 1041 cur
1115 1020 1184 1042 non
1206 1009 1324 1043 eadem
1351 1011 1482 1044 ratione
1503 1017 1598 1055 pater
1624 1022 1763 1055 quoque
1782 1009 1941 1043 credatur
1962 1014 2094 1042 creatus

424 1073 457 1099 et
477 1066 598 1101 factus.
621 1066 785 1110 siquidem
805 1072 855 1099 est
878 1065 937 1098 lilii
957 1072 1076 1110 caput,
1099 1065 1253 1099 habentis
1272 1066 1597 1101 consubstantialem
1622 1067 1722 1101 nobis
1741 1068 1809 1101 sive
1827 1067 1990 1101 creaturis
2009 1065 2094 1110 ligu-

424 1124 521 1156 ram‘?
541 1123 582 1156 Ut
602 1123 692 1156 enim
719 1123 782 1168 ipsi
802 1123 914 1161 aiunt,
937 1130 1037 1168 caput
1058 1129 1149 1156 certe
1175 1123 1247 1157 sine.
1267 1123 1338 1157 ulla
1357 1125 1555 1169 exceptione
1575 1125 1608 1157 in
1628 1124 1746 1157 eadem
1766 1136 1845 1157 cum
1863 1124 1999 1169 reliquo
2017 1134 2095 1156 cor-

423 1191 508 1225 pore
527 1179 742 1213 subsistentia
763 1180 952 1213 necessario
976 1181 1232 1225 constringitur.
1256 1182 1413 1225 Sequitur
1434 1192 1534 1226 ergo,
1558 1187 1595 1214 ut
1621 1187 1793 1225 tamquam
1816 1192 1877 1225 per
1901 1180 2031 1219 silium,
2053 1179 2095 1213 ad

424 1238 530 1271 Deum
554 1248 693 1282 quoque
714 1243 844 1283 patrem
870 1237 1018 1271 hominis
1038 1239 1196 1283 cognatio
1222 1239 1406 1284 pertingat.
1430 1240 1500 1272 Nos
1518 1249 1602 1271 vero
1619 1238 1737 1271 stultas
1761 1238 1885 1271 horum
1910 1237 2096 1271 aberratio-

424 1307 484 1329 nes
504 1307 692 1340 numquam
711 1294 934 1328 sectabimur:
956 1296 1146 1329 increatum
1170 1302 1284 1329 autem
1311 1296 1501 1335 credimus,
1523 1302 1642 1341 utpote
1662 1308 1703 1329 ex
1721 1297 1872 1329 increato
1898 1301 2014 1340 patre,
2036 1305 2097 1328 na-

424 1360 497 1386 tum
523 1364 563 1386 ex
590 1354 664 1398 ipso
682 1351 853 1385 Verbum:
875 1359 1046 1397 caputque
1071 1365 1151 1385 eum
1169 1353 1315 1386 dicimus
1339 1354 1451 1387 omnis
1473 1354 1557 1392 viri,
1579 1359 1698 1398 utpote
1725 1353 1954 1398 arclietypon,
1976 1350 2013 1385 u't
2031 1352 2098 1386 iam

424 1410 590 1449 diximus,
612 1416 645 1443 et
669 1410 748 1455 quia
773 1409 965 1443 novissimis
990 1409 1115 1442 saeculi
1138 1408 1352 1455 temporibus
1374 1410 1481 1443 homo
1500 1411 1710 1456 comparuit,
1731 1416 1764 1443 et
1784 1421 1825 1443 ex
1844 1409 1967 1444 eodem
1985 1409 2099 1443 homi-

425 1479 507 1501 num
525 1479 668 1513 genere,
690 1467 879 1501 secundum
900 1466 1084 1500 humanam
1104 1469 1261 1500 naturam
1282 1473 1383 1512 caput
1402 1467 1579 1506 ecclesiae,
1600 1478 1687 1512 quae
1706 1478 1831 1512 corpus
1849 1467 1921 1500 eius
1939 1472 2001 1500 est.
2023 1467 2098 1512 Ipse

424 1526 514 1559 enim
540 1526 577 1559 in
603 1524 782 1562 omnibus,
804 1524 992 1558 secundum
1021 1523 1114 1557 Pauli
1140 1524 1289 1562 dictum,
1312 1530 1404 1558 tenet
1428 1525 1627 1570 primatum.

618 1590 726 1613 omnis
743 1590 832 1612 homo
848 1596 942 1612 orans
958 1591 1013 1611 aut
1030 1589 1221 1616 prophetans
1238 1589 1340 1612 velato
1356 1590 1472 1617 capite,
1487 1590 1635 1616 deturpat
1652 1589 1684 1619 (2)
1701 1590 1795 1616 caput
1812 1595 1910 1611 sumn.

520 1641 648 1679 Viden,
678 1646 715 1673 ut
741 1641 790 1673 rei
819 1650 907 1684 quae
937 1639 1059 1684 cuique
1087 1639 1265 1675 convenit,
1294 1638 1529 1673 fideiussorem
1557 1650 1595 1672 ac
1622 1638 1840 1673 definitorem
1866 1639 1918 1672 ius
1945 1638 2100 1672 naturale

428 1698 530 1732 facit?
557 1698 642 1731 Viris
659 1697 800 1742 quidem
825 1696 934 1730 libera
960 1696 1061 1730 facies
1088 1696 1404 1730 convenientissima
1429 1702 1494 1735 est,
1523 1686 1703 1729 mulierem
1723 1702 1837 1729 autem
1861 1695 1968 1729 velari
1986 1694 2096 1729 decet.

427 1756 517 1800 Ergo
542 1754 640 1788 faciet
660 1766 729 1788 non
755 1755 826 1787 sine
852 1764 952 1787 causa
971 1753 1158 1798 archetypo
1172 1745 1353 1791 iniuriam,
1374 1753 1529 1797 imaginis
1550 1753 1740 1798 turpitudo.
1765 1754 1850 1786 Nam
1869 1753 1897 1786 si
1913 1753 1966 1786 vir
1986 1752 2100 1797 imago

428 1813 487 1846 Dei
513 1819 545 1845 et
571 1813 679 1856 gloria
706 1818 774 1850 est,
803 1812 849 1845 sic
872 1812 963 1845 enim
988 1817 1072 1844 teste
1098 1812 1264 1856 scriptura
1289 1817 1339 1844 est
1361 1810 1614 1848 conformatus,
1642 1816 1753 1844 servet
1781 1822 1898 1844 coram
1920 1811 1992 1844 Deo
2018 1821 2100 1844 con—

427 1871 621 1903 venientem
645 1869 821 1907 fiduciam,
850 1868 983 1902 nudum
1004 1880 1125 1913 gerens
1152 1874 1272 1912 caput:
1302 1879 1372 1901 non
1398 1868 1489 1901 enim
1511 1879 1588 1901 eum
1608 1874 1728 1901 natura
1755 1868 1960 1913 increpitans
1983 1873 2098 1912 coget,

429 1932 465 1959 ut
483 1927 627 1960 veletur.
649 1928 733 1960 Nam
754 1926 911 1959 libertate
932 1926 1040 1971 pollet
1059 1925 1234 1963 divinitas,
1253 1925 1407 1970 nullique
1427 1924 1574 1959 obnoxia
1594 1920 1645 1958 est
1663 1925 1922 1970 vituperationi,
1943 1924 2001 1958 sed
2020 1935 2103 1970 pro-

430 1985 502 2030 pria
528 1984 636 2029 gloria
664 1983 759 2017 dives
786 1989 886 2028 atque
913 1983 1135 2016 admirabilis.
1164 1984 1203 2016 Et
1231 1984 1310 2027 quia
1337 1983 1461 2016 mulier
1488 1982 1677 2016 similitudo
1704 1983 1766 2016 viri
1793 1989 1862 2022 est,
1887 1988 1920 2016 et
1946 1982 2102 2027 imaginis

430 2043 561 2087 imago,
583 2048 613 2075 et
641 2042 768 2087 gloriae
788 2041 916 2085 gloria,
940 2042 1101 2086 praecipit
1129 2042 1269 2085 insuper
1295 2041 1324 2074 ei
1344 2047 1464 2073 natura
1484 2051 1617 2073 comam
1645 2041 1789 2073 nutrire.
1817 2040 1921 2084 Atqui
1945 2051 2006 2073 cur
2030 2040 2102 2085 pri-

431 2111 524 2133 mum
551 2099 702 2133 secundo
723 2099 850 2132 insidet
868 2099 1036 2143 gratiam?
1058 2099 1180 2144 Utique
1199 2105 1230 2131 et
1251 2099 1325 2143 ipsa
1350 2098 1476 2131 mulier
1494 2099 1675 2143 imaginem
1699 2097 2026 2142 similitudinemque
2042 2097 2101 2130 Dei

431 2168 512 2203 prae
531 2169 565 2190 se
585 2158 666 2193 sert,
688 2157 744 2189 sed
767 2163 877 2190 tamen
898 2163 1072 2201 tamquam
1092 2168 1152 2202 per
1172 2156 1305 2193 virum;
1326 2156 1371 2189 ita
1390 2162 1427 2189 ut
1447 2155 1634 2189 secundum
1653 2155 1837 2201 quamdam
1856 2155 2024 2188 rationem
2041 2165 2102 2200 pa-

430 2226 507 2248 rum
526 2215 609 2259 quid
629 2214 761 2248 differat
783 2221 901 2248 natura
930 2214 1094 2247 mulieris.
1122 2215 1198 2247 Non
1224 2212 1434 2247 criminabor
1459 2224 1533 2246 eam
1559 2224 1646 2258 quae
1665 2212 1711 2246 ob
1731 2212 1900 2258 pudorem
1926 2223 1978 2251 se,
1998 2217 2101 2257 prout

432 2272 592 2305 animanti
619 2272 712 2307 licet,
736 2272 815 2315 tegit
835 2283 962 2316 suaque
982 2283 1016 2304 se
1035 2282 1131 2304 coma
1157 2277 1315 2305 coronat:
1338 2282 1417 2304 nam
1440 2269 1585 2305 liberam
1607 2269 1726 2304 faciem
1744 2281 1825 2315 prae
1843 2281 1878 2303 se
1897 2269 2005 2307 ferre,
2026 2280 2103 2302 mu-

433 2329 572 2363 lieribus
590 2341 660 2363 non
679 2336 729 2362 est
750 2332 906 2374 impune:
928 2328 1006 2362 ideo
1024 2328 1174 2367 veletur,
1196 2329 1322 2374 inquit,
1345 2335 1488 2374 propter
1512 2327 1668 2373 angelos:
1690 2329 1761 2361 sine
1787 2326 1894 2361 dubio
1917 2333 2029 2360 autem
2051 2327 2104 2359 in-

433 2387 553 2431 telligit
579 2387 717 2431 angelos
743 2387 864 2431 cuique
890 2385 1049 2419 ecclesiae
1075 2386 1277 2419 constitutos
1303 2396 1319 2418 a
1346 2387 1417 2419 Deo
1438 2386 1504 2430 (3),
1525 2386 1584 2430 qui
1610 2396 1709 2430 aegre
1736 2384 1847 2418 ferunt
1873 2394 2100 2428 magnopere,

432 2445 456 2477 si
485 2444 600 2477 decori
627 2444 678 2477 lex
706 2455 721 2477 a
747 2444 911 2489 quopiam
933 2442 1097 2476 xioletur:
1120 2444 1248 2487 quippe
1273 2443 1331 2488 qui
1358 2442 1467 2488 probe
1492 2443 1601 2476 sciunt
1628 2442 1790 2476 creatoris
1814 2441 1902 2475 lianc
1926 2441 2014 2487 circa
2040 2451 2104 2473 nos

434 2501 658 2535 voluntatem.
689 2501 766 2534 Alio
794 2501 873 2533 item
895 2500 1042 2545 pulchro
1061 2500 1160 2533 divus
1178 2500 1301 2533 Paulus
1319 2501 1426 2533 utitur
1453 2500 1614 2534 artificio:
1635 2500 1720 2534 dixit
1744 2500 1835 2533 enim
1858 2498 1901 2532 ad
1919 2497 2102 2543 imaginem

436 2565 467 2591 et
487 2558 746 2592 similitudinem
766 2559 824 2591 Dei
846 2558 973 2591 factum
998 2558 1129 2595 virum;
1151 2568 1169 2590 a
1189 2563 1286 2601 tergo
1305 2563 1419 2590 autem
1438 2557 1698 2603 quodammodo
1724 2557 1865 2590 honoris
1882 2556 1954 2590 eius
1974 2561 2008 2589 et
2027 2555 2103 2600 glo-

438 2617 507 2649 riae
527 2616 688 2650 feminam
708 2628 781 2650 esse
801 2616 980 2654 reiectam,
1002 2614 1181 2648 manifeste
1207 2614 1367 2662 adfirmat
1388 2617 1420 2649 in
1446 2615 1666 2661 sequentibus
1685 2615 1820 2649 dicens:
1836 2614 1966 2648 *mulier
1990 2613 2099 2650 enim,

442 2673 547 2717 inquit
559 2699 566 2707 .
589 2674 698 2717 gloria
716 2674 780 2708 xiri
800 2680 861 2707 est.
891 2673 1025 2706 Etenim
1044 2684 1113 2706 non
1132 2678 1181 2705 est
1201 2678 1332 2705 creatus
1350 2674 1402 2706 vir
1421 2679 1564 2718 propter
1584 2673 1762 2707 mulierem
1775 2699 1782 2711 ,
1802 2671 1862 2706 sed
1880 2671 2002 2705 mulier
2021 2681 2103 2715 pro-

540 2770 571 2798 11',
593 2769 687 2795 Ariani
709 2770 827 2802 seilicet,
849 2773 941 2795 contra
962 2776 1030 2803 quos
1050 2768 1125 2796 omni
1144 2767 1234 2795 oblata
1253 2768 1394 2795 occasione
1412 2768 1549 2795 invehitur
1569 2768 1695 2804 Cyrillus.

541 2814 573 2841 12>
594 2812 623 2837 ln
644 2820 739 2847 graeco
759 2818 831 2840 textu
852 2813 911 2848 lege
929 2816 1103 2849 καταισχύνει.

541 2858 576 2886 (3)
594 2858 785 2886 Animadverte
804 2859 916 2893 angelos
935 2859 1053 2894 singulis
1072 2858 1192 2887 ecclesiis
1211 2866 1225 2885 a
1247 2859 1303 2885 Deo
1324 2858 1401 2885 datos
1423 2857 1558 2886 custodes.
