2205 3177
159 957 165 963 ·
186 953 252 973 ΡΜ»
269 952 307 972 ΧΥ
335 955 351 971 ι,

159 983 165 988 ·
184 980 249 999 Prm.
266 978 303 999 M.
321 982 351 998 21».

295 1258 314 1271 V.
331 1256 349 1271 S.

180 1315 184 1320 ·
203 1310 251 1331 Phil
278 1310 316 1330 lll.
336 1314 350 1330 t.

171 2563 176 2567 '
194 2556 352 2578 1¹5.xxxv1n

394 190 458 221 tsst
897 197 924 218 s.
954 196 1081 218 evulus
1109 196 1329 218 ,ammonini
1356 196 1561 219 ΕΧΡιΑΝΑτιο

386 275 510 309 nempe
535 265 606 296 Deo
633 261 772 296 subiici.
794 267 826 294 et
847 262 959 305 ipsum
980 272 1098 293 orare:
1120 260 1214 305 quod
1241 267 1445 304 utrumque.
1467 266 1540 293 tum
1559 266 1755 294 sanctorum
1780 260 2061 307 supplicationes,

390 330 461 355 uun
489 321 644 354 homines
671 318 857 352 bonitatem
884 319 1003 351 sectari
1031 318 1150 351 solitos
1176 318 1284 352 decet.
1314 320 1399 351 Nam
1428 319 1498 351 Deo
1523 317 1679 354 subesse.
1708 318 1887 353 cuiuslibet
1914 319 2063 353 mandati

386 378 677 423 eomplenwntum
696 382 757 409 est.
780 376 873 409 Cedit
895 376 986 408 enim
1006 376 1066 408 l)ei
1087 374 1219 419 legibus
1232 402 1239 411 ,
1260 375 1470 420 mollemque
1489 381 1519 407 et
1541 374 1689 408 docilem
1709 376 1875 409 cervicem
1893 378 2057 422 supponit

387 438 410 469 is
437 436 494 480 qni
515 435 695 468 dominicis
714 433 948 467 voluntatibus
968 433 1204 479 obtemperat.
1227 444 1336 477 neque
1357 434 1564 478 pervicaciae
1584 439 1699 466 notam
1718 434 1893 467 incurrere
1916 436 2053 480 patitur.

388 495 422 526 lu
449 494 603 526 oratione
630 504 712 525 xero
739 491 781 525 ad
807 492 935 527 Deum,
963 491 1112 525 laudatio
1138 491 1356 535 intelligitur,
1378 497 1411 524 et
1438 491 1644 524 harmonicis
1670 491 1807 524 canticis
1832 493 1955 525 mixtae
1981 504 2059 538 pre-

386 563 457 586 ces.
481 551 628 596 puritate
648 550 782 583 interim
803 560 948 594 operum
970 549 1207 582 intellectualis
1225 550 1331 581 instar
1350 549 1579 593 thymiamatis
1599 548 1742 581 feliciter
1761 548 1803 582 ad
1822 550 1930 583 Deum
1951 562 2060 583 ascen-

387 609 500 641 dente.
529 607 781 641 Subit-ctionem
807 618 891 650 ergo
916 607 990 639 heic
1017 607 1115 643 dicit,
1137 606 1412 639 abstinentiama
1431 606 1543 642 malo:
1566 617 1666 639 nemo
1692 607 1782 639 euim
1809 618 1968 651 peccans,
1989 609 2061 641 Deo

387 666 561 699 subditum
589 671 690 697 semet
720 663 873 709 praebet.

893 729 1005 751 neuim·
1022 729 1061 751 nb
1080 729 1127 750 ira
1138 742 1146 755 ‚
1162 730 1191 750 et
1209 728 1393 754 ‹lex-elinque
1409 728 1557 750 furorem.

483 780 569 813 l'tile
597 779 660 812 lioc
688 784 930 824 pracceptum,
952 783 982 809 ct
1011 778 1082 809 Deo
1108 775 1253 809 subditis
1278 777 1648 809 convenientissimum.
1677 778 1819 822 Oportet
1846 778 1936 811 enim
1962 779 2062 812 mites

389 849 460 869 esse
486 843 517 869 et
546 836 632 869 bene
658 836 884 881 compositos,
907 841 1008 879 atquc
1027 833 1274 878 imperturbata
1295 840 1408 867 mente
1428 834 1620 879 praeditos,
1642 840 1675 867 et.
1702 835 1955 880 tranquillitatis
1973 847 2062 880 quae

391 895 570 939 patientiae
597 893 690 926 sonte
717 899 831 925 manat
858 898 1026 929 amantes,
1051 890 1200 936 denique
1225 891 1294 924 irae
1321 889 1480 924 fluctibus
1500 892 1640 924 minime
1665 890 1788 937 abripi.
1817 893 1988 938 Scriptum
2012 900 2063 927 est

393 953 501 986 enim.
523 953 571 984 ira
593 962 728 996 pessum
749 950 823 983 dari
843 950 943 982 etiam
964 948 1149 994 prudentes
1165 949 1189 980 '.
1212 949 1426 992 Rursusque:
1446 949 1498 981 vir
1516 948 1701 982 iracundus
1719 960 1789 982 non
1807 955 1857 982 est
1874 949 2019 983 decorus
2035 950 2059 983 '.

390 1009 546 1042 Profecto
574 1009 745 1053 passiones
771 1007 898 1051 aliquot
928 1007 961 1039 in
989 1006 1115 1039 multos
1140 1006 1281 1038 minime
1308 1005 1453 1043 eadunt,
1474 1007 1579 1039 immo
1605 1006 1763 1039 nonnulli
1786 1012 1892 1040 aetate
1911 1013 1968 1041 aut
1993 1008 2064 1041 vir—

393 1073 462 1099 tute
490 1065 730 1111 progrediente
756 1076 811 1097 eas
837 1063 1018 1099 abiiciunt:
1041 1062 1098 1095 scd
1126 1063 1195 1095 irae
1221 1062 1419 1096 detestanda
1446 1063 1558 1107 passio
1584 1062 1785 1107 prudentiae
1809 1075 1947 1108 quoque
1974 1063 2063 1098 fama

391 1123 558 1168 pollentes
580 1121 775 1167 portui-liam
797 1133 908 1166 neque
929 1121 1019 1154 liunt*
1039 1121 1175 1165 utique.
1199 1120 1303 1153 alium
1323 1131 1438 1158 secus;
1460 1119 1519 1152 sed
1540 1121 1647 1153 ausim
1666 1132 1775 1165 prope
1794 1121 1906 1154 dicere
1925 1128 2064 1156 cunctos

389 1181 561 1217 homines,
585 1186 727 1225 excepto
754 1178 925 1224 perfecto,
948 1179 972 1211 si
999 1179 1075 1223 quis
1102 1184 1213 1211 tamen
1240 1178 1384 1210 inveniri
1412 1177 1582 1222 perfectus
1608 1184 1730 1222 potest.

685 1244 755 1267 Noli
774 1244 928 1267 aemulari
946 1246 980 1266 ut
999 1244 1199 1273 malignerin
1215 1243 1348 1271 maligni
1365 1244 1449 1265 enim
1465 1243 1770 1265 exterminabuntur.

488 1296 577 1328 llaec
603 1307 620 1328 a
647 1294 793 1332 Diu-ide,
820 1295 913 1339 paria
940 1293 1062 1328 Paulo.
1085 1292 1298 1331 scribuntur,
1320 1304 1444 1338 nempe
1468 1293 1498 1325 'z
1525 1293 1644 1326 eadem
1671 1293 1802 1331 dicere,
1824 1294 1905 1327 milii
1925 1294 2065 1340 quidem

392 1365 460 1386 non
487 1360 536 1386 est
563 1352 770 1389 taediosum,
792 1351 891 1386 vobis
909 1358 1022 1385 autem
1042 1358 1166 1384 tutum.
1196 1352 1271 1384 Non
1298 1352 1388 1384 enim
1416 1357 1551 1384 creatur
1570 1351 1728 1384 studiosis
1754 1352 1906 1390 satietas,
1928 1353 1953 1385 si
1971 1353 2066 1398 ipso-

393 1422 467 1443 rum
495 1422 593 1455 saepe
620 1411 725 1442 menti
751 1409 794 1443 de
820 1414 1024 1453 argumento
1050 1408 1174 1441 codem
1201 1419 1375 1441 sermones
1396 1408 1495 1441 utiles
1521 1407 1765 1441 obtrudantur.
1796 1408 1831 1441 ld
1857 1421 1947 1443 nunc
1965 1411 2065 1443 etiam

307 1484 317 1494 «π
394 1467 469 1500 sacit
498 1467 691 1512 psalmista,
713 1479 769 1499 sus
795 1466 907 1512 deque
933 1467 1120 1510 sapientem
1143 1465 1230 1499 hanc
1248 1465 1455 1510 dignamque
1475 1465 1590 1498 auditu
1612 1477 1749 1499 versans
1775 1467 1995 1505 sententiam;
2015 1468 2067 1500 vi-

392 1524 534 1557 delicet:
557 1524 628 1557 noli
656 1523 840 1560 aemulari,
862 1530 898 1556 ut
925 1523 1140 1568 maligneris,
1163 1535 1205 1556 ne
1232 1522 1384 1556 funditus
1410 1522 1453 1556 de
1479 1528 1570 1556 terra
1596 1533 1733 1568 pereas:
1762 1534 1840 1556 nam
1865 1523 2006 1568 maligni
2032 1525 2066 1557 in

392 1583 528 1616 saeculo
547 1581 885 1618 exterminabuntur,
906 1593 1028 1627 nempe
1049 1581 1178 1615 futuro.
1200 1581 1424 1615 Exterminari
1446 1587 1578 1618 autem,
1598 1580 1754 1614 excidere
1774 1592 1792 1614 a
1810 1582 1882 1615 Deo
1900 1588 1961 1615 est.
1982 1582 2067 1615 Sane

394 1640 585 1685 malignitas
605 1639 775 1685 peculiare
795 1651 876 1685 prae
895 1640 1016 1672 ceteris
1035 1645 1211 1684 peccatum
1229 1645 1295 1682 est:
1317 1650 1386 1683 quo
1405 1637 1441 1671 fit
1460 1644 1499 1671 ut
1517 1639 1650 1683 egregie
1669 1638 1835 1683 scriptura
1855 1639 1959 1672 alium
1977 1638 2068 1673 dicat

395 1703 628 1742 peccatorem,
654 1697 758 1730 alium
776 1696 986 1741 malignum:
1008 1696 1132 1729 voluti:
1154 1702 1291 1729 contere
1311 1695 1490 1729 brachium
1515 1696 1701 1741 peccatoris
1720 1702 1753 1729 et
1772 1696 1953 1741 maligni‘.
1977 1696 2068 1730 Defi-

395 1755 490 1787 ninnt
518 1766 600 1786 xero
625 1754 872 1799 malignitatem
892 1765 960 1787 non
980 1753 1129 1786 absurde
1156 1752 1312 1787 nonnulli
1332 1753 1561 1786 voluntariam
1584 1752 1767 1786 malitiam:
1791 1753 1882 1786 aliud
1902 1754 1993 1787 enim
2019 1761 2069 1788 est

396 1813 579 1844 inscienter
600 1812 688 1844 male
711 1812 839 1855 aliquid
859 1823 957 1855 agere
977 1822 1014 1844 ac
1033 1821 1140 1856 paene
1161 1811 1287 1843 xictum
1300 1836 1307 1849 ,
1329 1810 1421 1843 aliud
1440 1821 1524 1843 xero
1544 1810 1578 1843 id
1597 1811 1710 1855 ipsum
1729 1810 1818 1843 male
1837 1821 1936 1855 agere
1959 1811 2066 1848 velle:

397 1880 484 1913 quae
510 1870 671 1901 nimirum
699 1869 889 1913 malignitas
916 1874 982 1903 est,
1005 1867 1051 1901 ob
1077 1879 1178 1912 quam
1206 1867 1365 1901 diabolus
1390 1867 1496 1913 vulgo
1522 1867 1615 1901 audit
1641 1867 1821 1912 malignus.

741 1935 938 1957 sustinentes
954 1936 1058 1957 autem
1076 1935 1260 1962 nominum,
1276 1935 1336 1961 ipsi
1354 1935 1579 1957 hereditabunt
1596 1936 1724 1957 ten-am.

492 1985 576 2024 Quia
603 1985 754 2017 solemus
781 1985 985 2029 plerumque
1012 1983 1054 2017 ab
1082 1983 1301 2029 improbitate
1331 1983 1500 2017 abstinere
1517 2010 1524 2019 ,
1552 1995 1684 2028 poenae
1710 1985 1832 2017 timore
1859 1984 1901 2018 ad
1927 1983 2068 2018 meliora

397 2042 583 2087 compulsi.
606 2054 642 2074 ac
662 2043 719 2075 Dei
748 2053 930 2074 munerum
951 2053 1009 2087 spe
1030 2041 1071 2074 ad
1092 2040 1178 2073 liene
1198 2047 1365 2074 moratam
1392 2041 1495 2074 vitam
1522 2040 1680 2086 perduci.
1702 2040 1781 2074 ideo
1804 2041 1975 2086 psalmista
1994 2048 2069 2087 post

395 2099 667 2132 demonstratum
689 2098 929 2144 improborum
949 2100 1127 2132 exitiosum
1149 2098 1270 2135 linem,
1287 2098 1381 2132 addit
1402 2098 1476 2132 sore
1494 2105 1532 2132 ut
1551 2099 1610 2143 qui
1627 2099 1813 2131 Dominum
1832 2099 2067 2136 sustinuerint,

397 2156 430 2189 id
456 2163 502 2189 est
531 2159 588 2201 qui
617 2163 810 2190 constanter
836 2163 937 2202 atque
965 2157 1133 2202 patienter
1159 2155 1342 2202 probatum
1368 2157 1456 2190 vitae
1483 2168 1621 2189 cursum
1650 2156 1839 2194 tenuerinb,
1862 2163 1988 2190 terram
2013 2156 2071 2190 he-

398 2214 563 2251 reditcnt;
588 2225 674 2258 quae
703 2226 770 2247 non
798 2215 915 2259 utique
936 2226 1013 2259 pars
1033 2214 1133 2247 huius
1160 2214 1290 2248 telluris
1317 2220 1385 2249 est,
1407 2213 1591 2247 maledicto
1616 2212 1802 2251 subiectae,
1823 2224 1926 2258 quam
1951 2213 2072 2248 dolens

396 2271 550 2316 qnotidie
570 2270 717 2304 eomedit
739 2272 797 2316 qui
817 2283 891 2304 eam
912 2271 1053 2307 excolit,
1075 2271 1134 2304 sed
1156 2271 1247 2303 illam
1269 2270 1493 2316 possidebunt
1514 2276 1639 2304 terram
1658 2282 1746 2315 quae
1765 2271 1887 2304 sanctis
1906 2277 1956 2304 est
1974 2281 2072 2317 prac-

399 2334 527 2374 parata.
557 2330 690 2362 Horum
716 2329 807 2361 enim
834 2334 881 2361 est
911 2329 1155 2373 patrimonium
1183 2328 1325 2373 pulchra
1352 2334 1546 2361 sauctorum
1577 2328 1693 2361 civitas
1723 2339 1813 2361 saera
1845 2334 1876 2361 et
1907 2327 2069 2361 caelestis.

399 2386 472 2418 lllic
491 2386 581 2418 enim
601 2385 802 2430 angelorum
819 2385 932 2418 choris
948 2386 1135 2418 intererunt
1147 2411 1154 2421 .
1171 2386 1242 2418 sine
1262 2384 1329 2417 sine
1349 2384 1526 2418 laudantes
1541 2384 1696 2417 datorem
1714 2384 1814 2417 huius
1831 2385 1930 2417 sortis
1944 2384 2071 2423 Deum,

400 2450 428 2475 et
452 2442 674 2476 ineffabilium
695 2443 868 2477 donorum
887 2443 1098 2487 largitorem.
1119 2444 1188 2475 lam
1208 2442 1502 2487 quemadmodum
1517 2443 1693 2478 Sei-vator,
1712 2442 1891 2487 sapientia,
1908 2440 2070 2478 verbum,

402 2513 465 2546 pax
479 2527 486 2539 ,
509 2507 540 2534 et
568 2502 692 2535 iustitia
712 2501 853 2536 dicitur.
876 2502 922 2534 sic
941 2502 1042 2534 etiam
1062 2501 1262 2546 expectatio.
1291 2501 1459 2545 Scriptum
1480 2506 1529 2533 est
1548 2501 1658 2533 enim:
1680 2506 1713 2533 et
1732 2511 1822 2533 nunc
1845 2510 1932 2544 quae
1950 2505 2002 2532 est
2018 2511 2073 2532 ex-

403 2560 547 2602 perlatio
574 2560 673 2592 mea?
695 2570 807 2591 nonne
827 2559 992 2592 Dominus
1013 2558 1048 2590 ’Ῥ
1068 2558 1095 2591 Α
1115 2569 1184 2602 quo
1203 2558 1369 2601 contingit
1387 2557 1421 2590 id
1442 2568 1543 2590 omne
1561 2557 1699 2590 haurire
1724 2563 1757 2590 et
1783 2557 1956 2602 accipere,
1979 2555 2074 2601 quod

403 2615 492 2660 apud
520 2617 705 2661 scripturas
730 2615 856 2649 dicitur
880 2616 1045 2649 Christus.
1075 2616 1158 2649 Nam
1185 2615 1266 2647 sicut
1295 2615 1366 2648 eius
1394 2615 1668 2660 participatione,
1698 2615 1774 2647 iusti
1802 2614 1997 2651 evadimus,
2022 2624 2075 2647 sa-

404 2673 550 2716 pientes,
573 2679 673 2717 atque
700 2672 848 2718 pacifici,
872 2674 915 2705 ita
935 2672 1087 2705 eiusdem
1106 2683 1245 2717 quoque
1271 2672 1532 2717 participatione
1552 2672 1769 2705 sustinemus.
1798 2671 1940 2711 Quiesce
1963 2671 2075 2714 itaque

407 2729 573 2761 sustinens
599 2736 630 2762 et
658 2736 838 2775 expectans
864 2731 990 2767 Deum,
1016 2740 1126 2774 neque
1152 2727 1355 2761 instantibus
1383 2727 1484 2761 rebus
1510 2727 1733 2773 perturberis.

886 2795 925 2818 Et
942 2795 1043 2818 adhuc
1061 2794 1226 2821 pusillum,
1242 2795 1273 2816 et
1290 2800 1351 2815 non
1368 2795 1431 2816 erit
1447 2796 1598 2821 peccator.

497 2843 595 2875 Brevi
624 2855 703 2876 mox
729 2850 904 2890 tempore,
934 2845 998 2879 iam
1027 2850 1241 2890 peccatorem
1266 2841 1450 2876 subsistere
1476 2853 1546 2876 non
1572 2841 1725 2876 videbis:
1755 2853 1832 2875 nam
1858 2842 1946 2874 vitae
1972 2839 2074 2873 finem
