2205 3177
783 81 1040 104 aerAxATioxls
1067 81 1100 103 ix
1125 80 1238 103 LlBRos
1264 80 1386 102 REGUM.
1858 70 1926 103 <275

245 151 397 195 vigorem
425 157 492 179 non
521 146 667 179 remisit:
688 145 747 179 sed
774 145 875 178 walde
901 144 1089 178 delectatus
1114 143 1324 188 indulgentis
1343 143 1402 176 Dei
1430 141 1658 188 benignitate.
1680 149 1713 176 et
1739 144 1926 188 gratiarum

246 208 373 252 hymno
402 203 596 249 persoluto.
620 203 845 236 nihilominus
873 203 905 235 in
932 212 1089 234 maerore
1114 200 1333 238 versabatur.
1356 201 1435 245 quia
1462 207 1676 246 peccaverat:
1698 201 1822 234 etenim
1850 212 1927 234 san—

244 271 315 298 ctos
341 261 473 295 laudari
501 261 608 306 magis
634 260 747 299 decet,
768 271 873 305 quam
899 258 1035 291 veniam
1062 258 1260 303 impetrare.

781 324 821 347 Et
838 323 922 351 regis
939 322 1106 344 nolet-omi
1124 323 1205 349 cepit
1223 328 1381 344 eoronam.

334 377 482 409 (Ἀπ’-ΠΜ.
514 375 645 409 Bellum
674 372 813 418 gerebat
841 377 959 404 contra
987 371 1221 407 Ammonitas,
1246 377 1275 403 et
1306 370 1431 403 horum
1458 371 1614 403 vesaniae
1641 371 1849 416 opitulantes
1868 373 1929 417 Sy—

240 446 314 471 ros,
338 447 426 480 quos
452 436 531 468 xieit
559 434 660 477 vique
687 429 839 474 subegit:
864 429 1062 474 potitusque
1088 428 1273 461 Motclmmi
1301 440 1445 464 corona,
1468 435 1638 473 repertam
1666 428 1712 461 ibi
1741 441 1928 474 praegran—

239 491 319 526 dem
346 490 600 536 pretiosamque
626 498 797 533 gemmam
824 487 968 531 proprio
995 486 1135 519 inseruit
1164 485 1362 519 diademati.

697 552 953 579 »ascendebatque
970 552 1072 574 {David
1089 551 1218 580 lugens,
1234 552 1337 577 capite
1353 553 1470 578 operto.

335 608 483 640 Crixum.
512 605 596 645 Quia
623 608 700 636 ante
727 602 861 636 bellum
887 613 966 636 cum
986 600 1213 635 Abessalomo
1240 600 1329 634 beati
1350 601 1487 634 Davidis
1514 607 1689 646 peccatum
1716 603 1922 647 contigerat.

240 664 327 698 illud
353 663 511 696 videlicet
537 665 656 693 contra
676 660 811 698 Uriam,
834 670 955 692 rumor
980 658 1023 692 de
1049 669 1090 691 eo
1116 664 1188 691 erat
1215 659 1249 691 in
1276 658 1434 691 universa
1455 664 1489 691 ut
1510 659 1553 691 ita
1581 658 1691 691 (licam
1720 659 1924 692 ludaeorum

239 723 396 766 regione.
421 729 530 763 neque
557 716 683 750 frustra
710 715 973 761 suspicabantur
999 715 1157 748 nonnulli
1185 721 1328 760 propter
1355 715 1573 747 commissum
1600 716 1634 747 in
1663 716 1775 748 [friam
1796 717 1923 749 crimen

241 790 368 824 poenas
394 775 557 810 Davidem
584 774 700 811 luere:
728 780 761 807 et
788 773 834 807 ob
861 774 921 806 Dei
948 773 1134 809 offensam,
1159 783 1250 806 nunc
1277 771 1434 805 hostibus
1459 773 1528 805 suis
1555 771 1652 805 facile
1678 773 1834 805 deditum
1860 775 1921 809 iri.

241 842 341 881 atque
367 834 407 866 ad
434 832 537 865 animi
564 832 881 865 consternationem
906 842 978 864 esse
1004 830 1194 864 redactum.

804 896 931 923 nissipa
949 896 1116 918 consilium
1132 895 1359 921 Achimphelis.

332 948 480 981 enum.
511 948 658 992 Dissipa,
681 947 809 992 inquit,
831 946 1067 991 Achitophelis
1094 945 1293 984 consilium,
1320 945 1460 978 domine
1485 945 1574 978 Deus
1601 946 1659 977 mi.
1689 945 1824 990 Quippe
1850 952 1921 978 erat

236 1005 439 1050 Achitopliel
463 1005 521 1038 alti
541 1003 673 1038 consilii
693 1005 765 1042 vir,
787 1003 951 1041 acerbus,
975 1003 1126 1049 prudens
1152 1002 1341 1036 admodum
1355 1028 1363 1038 ,
1384 1008 1415 1035 et
1442 1001 1665 1047 expedlendis
1685 1003 1829 1047 negotiis
1848 1003 1924 1035 ido-

237 1074 337 1100 neuS.
360 1069 461 1107 atque
480 1063 620 1108 insuper
639 1062 796 1095 militaris
818 1062 866 1095 rei
887 1061 1146 1094 scientissimus.
1168 1059 1341 1094 Metuebat
1360 1071 1443 1104 ergo
1460 1059 1571 1093 David
1590 1071 1672 1105 prae
1692 1060 1813 1093 ceteris
1830 1060 1925 1093 Achi-

237 1120 433 1166 tophelem.
457 1119 504 1153 ob
531 1120 779 1154 sententiarum
805 1120 877 1153 eius
903 1118 1124 1153 acerbitatem
1151 1125 1183 1152 et
1209 1117 1291 1151 belli
1319 1117 1459 1163 gerendi
1487 1118 1658 1163 peritiam.

819 1185 894 1207 Eece
911 1186 1016 1207 nutem
1032 1184 1169 1206 occurrit
1187 1183 1216 1205 ei
1234 1183 1343 1205 Chusi-

332 1236 481 1269 Cvturm.
510 1234 611 1268 Chusi
639 1235 718 1268 huic
740 1234 895 1267 familiari
918 1245 980 1267 suo
1000 1233 1117 1266 suadet
1138 1232 1245 1266 David
1259 1259 1266 1269 ,
1288 1238 1323 1265 ut
1350 1233 1574 1265 secessionem
1596 1231 1638 1265 ab
1662 1233 1736 1277 ipso
1763 1232 1918 1267 simulet.

237 1299 269 1326 et
295 1291 510 1326 Abessalomi
537 1298 651 1337 partes
676 1293 796 1337 sequi,
824 1294 895 1337 quo
926 1291 1071 1324 latenter
1097 1290 1335 1335 Achitoplielis
1366 1289 1506 1323 consilia
1538 1296 1738 1335 oppugnet;
1767 1290 1861 1334 quod
1888 1297 1920 1323 et

237 1360 355 1395 reapse
382 1350 536 1394 contigit.

664 1413 769 1440 Atque
785 1414 832 1436 ita
849 1413 970 1435 dicebat
988 1412 1107 1439 Semet,
1123 1419 1219 1439 quum
1236 1413 1265 1434 ei
1282 1412 1492 1435 malefficeret.

331 1465 479 1498 Cx’iurm.
509 1464 623 1503 Quum
649 1463 679 1496 ei
706 1463 817 1496 Semei
836 1463 1046 1496 conviciatus
1073 1462 1208 1497 fuisset.
1231 1469 1350 1507 totque
1377 1474 1508 1496 amaras
1530 1474 1631 1496 voces
1651 1463 1685 1495 in
1704 1462 1852 1496 eundem
1872 1463 1920 1497 ia—

236 1522 386 1555 culatus.
409 1520 592 1553 incolumis
611 1526 694 1553 tunc
713 1531 731 1553 a
750 1519 880 1553 Davide
899 1519 1059 1554 dimissus
1078 1525 1147 1558 est;
1169 1520 1230 1553 etsi
1250 1526 1369 1565 postea
1389 1519 1528 1554 acerbas
1547 1520 1596 1553 illi
1616 1519 1818 1565 debitasque
1837 1532 1920 1566 poe-

235 1588 294 1610 nas
313 1577 491 1623 persolvit.
521 1578 691 1610 Patienter
710 1588 793 1610 vero
812 1576 941 1615 David,
965 1577 1083 1610 multis
1109 1577 1187 1611 licet
1212 1588 1291 1610 eum
1318 1576 1587 1615 concitantibus,
1609 1577 1670 1611 illo
1697 1584 1853 1622 tempore
1878 1578 1921 1610 si-

235 1634 379 1668 lentium
396 1635 523 1671 tenuit,
541 1646 611 1668 non
631 1635 703 1667 sine
722 1634 871 1679 plurima
890 1634 1162 1680 admirandaque
1181 1634 1375 1680 prudentia.
1397 1634 1585 1680 Reputabat
1605 1635 1696 1668 enim
1715 1636 1792 1679 quia
1812 1636 1920 1668 Deum

234 1692 433 1725 offendisset
449 1717 456 1729 ,
473 1703 577 1724 ¹nunc.
604 1703 638 1725 se
665 1691 774 1736 plagis
799 1692 992 1736 expositum
1008 1718 1015 1729 ,
1041 1703 1188 1737 quarum
1216 1698 1348 1737 partem
1374 1704 1446 1725 esse
1472 1691 1642 1725 iudicabat
1671 1692 1920 1725 nonnullorum

235 1749 407 1785 comicia,
431 1748 589 1785 dicteria,
612 1754 713 1793 atque
738 1749 926 1783 irrisiones.
956 1748 1020 1783 Ubi
1041 1750 1131 1783 enim
1158 1749 1322 1783 adversus
1345 1750 1493 1795 aliquem
1512 1751 1572 1783 Dei
1594 1750 1726 1783 aversio
1754 1749 1791 1782 fit
1810 1756 1842 1783 et
1862 1749 1920 1783 de-

236 1805 388 1841 relictio,
412 1804 598 1850 quamlibet
627 1806 762 1840 modiea
789 1807 850 1844 sit,
873 1806 919 1839 ibi
946 1808 1018 1840 sine
1044 1806 1153 1840 dubio
1179 1807 1356 1840 molestiae
1382 1807 1510 1840 multae
1537 1808 1642 1840 creari
1671 1807 1795 1840 solent.

621 1871 703 1897 Quia
723 1871 875 1894 Dominus
892 1873 1053 1894 mundavit
1070 1873 1123 1894 illi
1139 1874 1174 1895 ut
1191 1872 1391 1895 malediceret
1408 1872 1533 1895 Davi-li.

331 1921 479 1954 Crustu.
502 1921 561 1954 Rei
582 1920 684 1954 liuius
703 1922 859 1954 meminit
878 1923 913 1955 in
933 1921 1067 1967 psalmo
1087 1923 1286 1967 (XXXVIII.
1305 1922 1359 1962 9.)
1381 1921 1515 1955 dicens:
1538 1921 1728 1956 ludibrium
1747 1922 1917 1967 insipienti

235 1977 359 2011 ‹ledisti
386 1990 453 2011 me.

755 2045 906 2072 Dixitque
924 2045 1114 2073 ,schitophel
1130 2045 1330 2069 Abessaiomo
1346 2047 1403 2068 ete.

329 2093 477 2126 Cnuffl.
508 2093 751 2127 Abessalomus
777 2095 917 2139 quidem
938 2094 1125 2139 fugientem
1146 2101 1279 2140 patrem
1300 2095 1457 2140 persequi
1484 2094 1623 2133 avebam
1644 2095 1747 2139 idque
1774 2095 1916 2128 xiriliter

233 2162 305 2184 esse
324 2150 518 2184 faciendum
539 2151 704 2185 suadebat
724 2152 944 2197 Aeliitophel.
965 2152 1067 2186 Chusi
1087 2159 1205 2186 contra
1226 2151 1348 2185 callide
1367 2164 1444 2185 eum
1465 2152 1678 2187 deterrebat:
1697 2154 1802 2197 patris
1821 2164 1917 2198 aspe-

236 2209 369 2241 ritatem
390 2208 639 2245 consideraret,
662 2215 788 2242 temere
808 2209 850 2242 ad
872 2210 936 2242 hoc
956 2221 1026 2243 non
1045 2209 1240 2243 decurreret
1253 2236 1260 2247 ,
1279 2215 1412 2254 pararet
1434 2210 1548 2254 potius
1568 2210 1708 2243 idoneas
1728 2210 1834 2245 vires,
1855 2211 1916 2242 nii-

235 2266 402 2310 litumque
428 2266 685 2300 multitudinem
712 2267 951 2303 contraheret,
974 2278 1016 2301 eo
1041 2267 1136 2312 quod
1164 2267 1261 2301 fortis
1288 2267 1388 2300 valde
1407 2274 1437 2300 et
1460 2266 1611 2300 bellandi
1640 2268 1768 2312 peritus
1793 2273 1825 2300 et
1853 2279 1916 2311 pu-

234 2324 453 2363 gnacissimus
479 2330 566 2357 esset
592 2324 712 2358 beatus
739 2324 860 2358 David.

701 2390 740 2413 Ε(
758 2391 873 2413 mulien-
889 2392 1046 2417 summum
1064 2390 1202 2413 velamen
1220 2391 1370 2417 expandit
1386 2393 1443 2413 ete.

329 2438 476 2470 CYntLLt.
507 2439 632 2483 Igitur,
661 2440 791 2472 etiamsi
819 2439 861 2473 ab
888 2438 1087 2472 hominibus
1114 2438 1319 2473 beneficium
1346 2439 1486 2484 aliquod
1512 2438 1612 2472 nobis
1638 2439 1830 2483 contingat,
1861 2451 1915 2471 ca-

233 2493 383 2526 vendum
412 2500 461 2527 est
491 2506 533 2527 ne
566 2496 670 2541 magis
700 2496 752 2529 his
783 2508 887 2542 quam
919 2497 1012 2534 Deo,
1040 2497 1099 2541 qui
1127 2507 1188 2541 per
1214 2497 1306 2541 ipsos
1332 2495 1431 2529 nobis
1457 2496 1664 2541 gratificatus
1690 2502 1760 2533 est,
1789 2495 1912 2540 gratias

233 2562 384 2595 agamus.

630 2617 843 2647 regnavitque
859 2618 1046 2646 Aehitophel
1064 2618 1215 2640 infectum
1232 2618 1397 2640 consilium
1414 2624 1514 2640 suum.

327 2666 475 2699 Crustu.
505 2667 602 2699 Praei
613 2666 694 2700 aluit
722 2667 821 2701 Chusi
849 2669 1026 2702 sententia.
1056 2667 1155 2707 Quod
1183 2668 1370 2713 aegerrime
1396 2668 1508 2700 ferens
1535 2666 1760 2712 Achitopliel,
1790 2667 1910 2711 laqueo

233 2724 332 2756 xitam
362 2723 488 2759 finivit.
510 2724 581 2768 ipse
607 2723 670 2757 sibi
699 2725 820 2758 iustam
847 2737 993 2770 poenam
1020 2725 1218 2758 decernens.

1964 327 1989 347 11.
2003 328 2054 349 ltvz.
2066 328 2103 347 xit
2126 334 2149 347 J>

1966 558 2003 577 ΧΥ
2030 562 2054 575 :o

1962 1419 2011 1439 xxi
2037 1422 2055 1439 7.

1956 2051 2016 2071 xvn
2044 2055 2049 2071 1
