2205 3177
601 201 634 223 IN
660 199 840 222 EPISTOLAM
864 198 907 219 An
931 197 1082 220 ROMANOS
1107 197 1179 220 CAP.
1208 197 1326 220 :tl-xv.
1759 186 1799 219 31

564 268 654 292 sicut
671 270 702 291 et
718 274 768 291 vos
783 273 845 290 non
861 265 1038 288 credidistis
1054 265 1225 292 aliquando
1242 266 1305 288 Deo
1321 267 1378 288 ete.

228 327 397 370 Utrosque
421 325 453 358 in
474 324 595 359 eadem
614 324 716 358 fuisse
734 322 832 367 culpa
851 321 1080 358 demonstrat,
1102 320 1290 365 eademque
1308 327 1342 354 et
1362 331 1428 354 una
1451 320 1557 365 gratia
1581 326 1716 354 sanatos
1732 327 1806 354 tum

131 384 287 419 ethnicos
312 389 386 416 tum
407 382 603 416 Israhelem.
625 382 773 415 Vocatus
789 378 851 412 suit
874 378 964 410 enim
986 389 1047 422 per
1070 378 1223 422 Moysem
1250 378 1334 411 olim
1360 378 1486 411 Israhel
1501 404 1508 415 ,
1537 384 1569 411 et
1592 378 1736 423 Aegypti
1760 390 1808 412 ca—

130 442 279 476 lamitate
306 440 488 475 liberatus:
510 440 570 474 sed
596 439 803 472 daemonum
828 435 991 472 ministri,
1015 434 1048 467 id
1074 440 1124 468 est
1150 435 1292 473 ethnici,
1313 436 1371 480 qui
1398 436 1645 481 Aegyptiorum
1671 437 1808 470 nomine

130 499 386 544 intelliguntur,
415 498 556 531 minime
582 495 694 530 adhuc
719 492 903 527 credebant
931 491 1066 525 (livinae
1091 503 1172 537 erga
1198 491 1380 526 Israhelem
1406 491 1678 526 misericordiae:
1700 502 1810 539 neque

130 557 221 590 enim
247 555 352 589 fidem
371 554 581 588 adhibebant
598 550 770 585 miraculis
790 561 852 595 per
870 550 1022 594 Moyscm
1048 549 1207 594 patratis,
1228 559 1339 593 neque
1362 549 1567 582 Iudaeorum
1586 550 1695 583 Deum
1713 550 1809 584 vole-

130 612 213 646 bant
231 624 426 659 agnoscere.
449 613 511 645 Vix
530 610 666 644 tandem
688 608 848 641 dimissus
865 614 913 641 est
939 607 981 640 ad
1001 605 1261 640 sacrificandum
1285 607 1320 638 in
1344 605 1481 640 deserto
1502 607 1650 652 populus
1668 607 1809 642 Iudaeo-

130 682 226 708 rum:
246 671 311 716 ipsi
331 677 444 704 tamen
465 669 614 715 priscum
632 665 826 701 retinebant
842 677 1010 699 errorem.
1040 665 1138 698 Nunc
1160 664 1225 709 ipsi
1247 663 1396 696 vicissim
1421 665 1592 697 consecuti
1613 671 1691 698 sunt
1709 666 1810 699 mise—

130 728 336 768 ricordiam,
354 728 389 760 in
415 726 580 760 offensam
606 724 748 769 delapso
775 723 940 761 israhele,
963 723 1021 768 qui
1040 721 1294 755 misericordiae
1319 720 1594 766 gentibus'datae
1613 734 1683 755 non
1702 722 1808 756 credi-

131 785 198 824 dit;
220 786 265 820 ita
282 792 394 819 tamen
414 789 451 817 ut
467 789 500 816 et
518 783 590 828 ipse
608 793 670 828 per
688 787 844 827 tempora
863 781 1078 814 miseratione
1098 780 1270 825 potiturus
1289 779 1342 813 sit.
1360 780 1423 812 Par
1441 784 1489 811 est
1508 779 1612 823 igitur
1629 779 1810 813 amborum

130 844 248 889 culpa,
276 842 465 876 miserantis
492 840 618 874 auxilio
644 851 750 885 aeque
774 838 941 884 indigens.
971 838 1158 872 Conclusos
1185 843 1300 870 autem
1326 837 1429 870 fuisse
1455 848 1577 870 omnes
1602 837 1685 870 dicit
1707 838 1740 870 in
1764 838 1810 871 in-

131 901 330 940 credulitate
350 911 368 933 a
391 900 479 937 Deo,
500 904 539 932 ut
558 899 713 931 omnium
732 898 963 930 misereretur.
986 897 1102 941 Neque
1128 901 1240 929 tamen
1259 894 1374 928 divina
1395 894 1572 928 voluntate
1589 894 1715 928 factum
1733 906 1808 928 urn-

130 970 232 1003 quam
257 963 432 1003 putemus,
453 963 491 990 ut
516 955 674 990 nonnulli
700 953 952 993 discrederent,
976 960 1077 999 atque
1102 952 1181 986 hinc
1204 959 1281 998 post
1306 952 1443 997 lapsum
1462 953 1597 986 veniam
1625 963 1815 998 conseque-

130 1022 265 1049 rentur:
288 1014 347 1048 sed
372 1015 408 1048 in
431 1014 672 1048 incredulitate
693 1013 807 1059 potius
834 1012 1039 1045 conclusisse
1066 1022 1124 1045 eos
1150 1009 1413 1055 intelligendum
1437 1015 1505 1048 est,
1525 1016 1693 1055 quatenus
1721 1011 1812 1056 ipsos

131 1072 376 1106 incredulitatis
402 1083 480 1106 reos
505 1071 671 1108 ostendit,
699 1077 732 1104 ct
759 1071 827 1103 suis
853 1070 933 1115 ipsis
959 1068 1054 1102 factis
1083 1074 1284 1113 coargutos:
1314 1067 1401 1101 adeo
1427 1074 1465 1101 ut
1484 1068 1517 1101 in
1544 1074 1670 1101 tantam
1695 1074 1811 1113 postea

129 1129 363 1163 infelicitatem
386 1129 607 1165 devenerint,
635 1139 723 1173 quae
748 1128 967 1161 miseratione
993 1133 1025 1159 ct
1050 1127 1149 1160 venia
1172 1125 1353 1170 indigeret.

484 1194 546 1220 Qui
563 1194 747 1221 manducat,
764 1193 896 1215 Domino
914 1193 1095 1219 manducat,
1111 1193 1142 1214 et
1158 1191 1280 1220 gratias
1297 1190 1361 1213 Deo
1377 1191 1456 1220 agit.

228 1245 329 1279 Haud
355 1245 398 1278 de
424 1245 631 1290 gravissimis
659 1243 762 1277 rebus
786 1243 862 1277 heic
889 1244 1012 1287 agitur.
1042 1242 1226 1282 Quaeritur
1250 1241 1363 1279 enim,
1391 1246 1508 1274 utrum
1536 1246 1678 1286 propter
1704 1241 1812 1274 Deum

133 1303 188 1336 hic
209 1303 263 1337 vel
283 1302 342 1336 ille
362 1308 544 1348 operetur,
573 1308 689 1335 utrum
713 1299 815 1334 ambo
843 1301 967 1345 gratias
993 1305 1105 1345 agant.
1134 1300 1165 1332 Si
1188 1310 1271 1344 ergo
1290 1298 1384 1343 quod
1404 1299 1597 1343 quaeritur,
1625 1299 1811 1343 gratiarum

133 1362 221 1395 actio
241 1367 308 1399 est;
336 1361 393 1405 qui
416 1371 553 1393 carnem
576 1359 665 1397 edit,
695 1370 764 1391 non
790 1359 848 1403 qui
868 1357 1031 1396 iudaizat,
1060 1358 1088 1390 is
1107 1363 1156 1390 cst
1180 1367 1300 1390 revera
1320 1357 1378 1402 qui
1404 1356 1529 1401 gratias
1548 1356 1634 1400 agit:
1663 1356 1721 1400 qui
1740 1367 1811 1389 car-

133 1418 184 1450 nis
210 1417 362 1451 edendae
386 1417 559 1450 licentiam
579 1414 643 1449 sibi
669 1416 788 1453 sumit,
818 1426 888 1447 non
912 1415 970 1460 qui
995 1414 1107 1448 adhuc
1133 1414 1201 1459 legi
1225 1413 1402 1447 adhaeret.

669 1480 739 1503 Seio
755 1482 787 1503 et
802 1480 920 1503 confido
936 1481 970 1502 in
987 1480 1111 1502 domino
1128 1479 1198 1502 Iesu
1216 1480 1272 1501 ete.

227 1532 303 1565 Scio
322 1538 356 1566 et
373 1530 531 1569 confido,
552 1531 683 1577 inquit,
705 1531 738 1563 in
758 1530 901 1563 domino
920 1529 1012 1568 Iesu,
1033 1528 1128 1574 quod
1148 1528 1232 1561 nihil
1255 1539 1438 1561 commune
1457 1527 1502 1573 (l)
1521 1534 1663 1573 propter
1680 1528 1811 1573 ipsum,

132 1596 165 1624 et
191 1589 336 1635 reliqua.
365 1589 448 1623 Fide
466 1589 591 1635 dignus
612 1588 721 1627 testis,
745 1588 804 1634 qui
823 1587 909 1621 scire
929 1598 963 1620 se
987 1593 1019 1620 et
1041 1586 1214 1620 confidere
1242 1585 1432 1619 adseverat.
1461 1585 1564 1619 Addit
1593 1592 1705 1619 autem
1725 1592 1758 1619 et
1778 1586 1813 1619 in

132 1648 266 1682 Christo
292 1649 383 1686 lesu,
411 1653 450 1681 ut
474 1647 652 1681 veritatem
678 1646 785 1691 magis
811 1644 971 1683 roboret,
1002 1651 1104 1690 atque
1129 1650 1167 1678 ut
1194 1643 1299 1677 fidem
1326 1642 1370 1677 ab
1399 1642 1716 1677 audientibus.sine
1743 1643 1813 1676 ulla

132 1705 346 1739 dubitatione
368 1706 542 1751 impetret.
570 1705 723 1738 Meminit
746 1709 859 1738 autem
879 1709 913 1736 et
937 1702 1019 1737 dicti
1046 1702 1131 1736 olim
1157 1714 1175 1735 a
1195 1701 1349 1735 Christo:
1377 1713 1447 1735 non
1470 1702 1565 1747 quod
1583 1702 1618 1735 in
1642 1713 1681 1735 os
1699 1702 1815 1746 ingre-

134 1762 228 1797 ditur
252 1764 450 1808 coinquinat
476 1763 653 1796 hominem
673 1762 703 1795 ¹:
731 1767 765 1795 et
787 1760 881 1807 quod
908 1761 1019 1794 omnis
1045 1771 1119 1795 esca
1146 1760 1182 1793 in
1208 1765 1364 1793 ventrem
1390 1759 1502 1797 vadit„
1527 1765 1561 1792 et
1585 1759 1619 1792 in
1645 1769 1811 1793 secessum

92 1855 96 1858 ,
135 1821 314 1854 emittitur.
343 1821 401 1853 Est
425 1821 516 1854 enim
533 1821 617 1853 haec
639 1819 836 1854 eduliorum
862 1818 1026 1853 conditio.
1056 1816 1288 1858 Quamobrem
1309 1816 1403 1863 quod
1427 1816 1567 1862 quidem
1590 1815 1633 1850 ad
1657 1822 1812 1850 naturam

135 1877 283 1916 adtinet,
305 1878 389 1911 nihil
414 1877 597 1923 profanum
623 1884 690 1916 est,
715 1877 799 1910 nihil
829 1877 1096 1911 contaminatum
1120 1887 1161 1909 ex
1186 1875 1239 1909 his
1259 1887 1346 1921 quae
1372 1876 1583 1909 nutrimento
1606 1875 1810 1910 inserviunt:

137 1934 391 1969 sanctificantur
417 1935 508 1968 enim
534 1935 649 1973 omnia
675 1945 736 1980 per
761 1934 906 1968 verbum
931 1935 992 1968 Dei
1020 1940 1053 1967 et
1077 1934 1281 1967 orationem.
1311 1932 1376 1967 Sed
1403 1939 1435 1966 et
1461 1932 1548 1966 illud
1575 1932 1811 1970 meminimus,

136 1992 231 2038 quod
256 2004 364 2038 quum
388 1993 478 2026 Deus
499 1993 613 2026 omnia
639 1999 785 2039 crearet,
808 1992 911 2031 vidit,
934 1992 1045 2037 inquit
1065 1991 1250 2036 scriptura,
1269 1990 1369 2024 valde
1395 2002 1466 2024 esse
1492 1990 1602 2029 bona,
1622 1989 1814 2023 benedixit-

136 2062 204 2096 que
229 2052 287 2084 eis.
317 2051 430 2091 Quum
449 2062 532 2096 ergo
552 2051 642 2084 Deus
660 2056 788 2084 creatas
807 2062 825 2083 a
846 2062 881 2083 se
902 2062 955 2084 res
975 2061 1051 2084 cum
1074 2049 1175 2083 laude
1196 2048 1458 2094 adprobaverit,
1479 2050 1555 2094 quis
1575 2048 1688 2082 dicere
1710 2049 1811 2086 ausit,

136 2109 432 2154 inquinamentum
458 2114 491 2142 et
517 2108 841 2141 contaminationem
867 2107 946 2141 inde
974 2107 1176 2153 provenire,
1205 2107 1289 2151 quin
1316 2106 1416 2139 simul
1446 2112 1635 2140 creatorem
1662 2104 1814 2139 accuset?

138 2166 228 2211 Ergo
246 2166 331 2199 nihil
351 2166 492 2199 omnino
511 2165 695 2211 profanum
716 2171 765 2199 est
783 2166 818 2198 in
838 2166 958 2198 creatis
978 2162 1093 2198 rebus.
1116 2164 1216 2205 Quod
1234 2164 1261 2198 si
1278 2165 1354 2209 quis
1376 2163 1464 2197 forte
1483 2163 1668 2197 arbitratur
1686 2161 1814 2208 aliquid

140 2234 211 2256 esse
230 2223 430 2268 profanum,
458 2224 529 2268 ipse
554 2223 669 2268 potius
695 2223 729 2256 in
756 2228 870 2256 mente
889 2233 948 2256 sua
970 2222 1227 2267 inquinamento
1251 2220 1397 2255 laborat.
1426 2221 1553 2255 Cuncta
1577 2221 1667 2254 enim
1687 2218 1814 2253 munda

141 2286 235 2318 sunt,
257 2280 316 2314 sed
338 2279 536 2313 incredulus
561 2281 760 2325 inquinatur
786 2291 846 2314 sua
870 2280 904 2313 in
925 2279 1096 2325 aliquibus
1120 2278 1255 2312 infirma
1274 2278 1358 2317 fide,
1380 2290 1450 2312 non
1470 2279 1509 2312 iis
1527 2278 1696 2312 ullatenus
1713 2276 1816 2310 rebus

141 2348 226 2382 quas
251 2338 322 2382 ipse
348 2337 507 2383 profanas
533 2339 786 2372 existimaverit.
816 2339 902 2372 Nam
927 2338 1023 2371 sicuti
1048 2343 1162 2371 mente
1186 2336 1344 2382 perfectis
1370 2348 1458 2370 unus
1481 2342 1530 2370 est
1554 2337 1660 2373 Deus,
1682 2334 1815 2368 nullus-

141 2406 208 2440 que
231 2401 365 2440 praeter
389 2396 501 2440 ipsum
524 2396 627 2435 alius,
650 2408 760 2442 neque
778 2395 912 2430 idolum
940 2395 1051 2429 ullum
1069 2396 1103 2428 in
1129 2395 1262 2429 mundo
1285 2406 1358 2428 esse
1378 2394 1547 2431 creditur,
1568 2393 1614 2426 sic
1632 2392 1675 2425 ab
1695 2392 1814 2425 iisdem

142 2452 276 2485 nullum
295 2463 367 2486 esse
391 2453 601 2486 existimatur
624 2454 871 2499 idolothytum.
893 2455 986 2487 Nam
1009 2454 1067 2499 qui
1088 2452 1221 2486 idolum
1246 2464 1316 2486 non
1343 2451 1510 2497 agnoscit,
1538 2450 1716 2495 quomodo
1742 2450 1815 2483 ido-

142 2509 314 2555 lothytum
341 2511 435 2555 pensi
454 2509 616 2544 habebit?
629 2512 751 2557 Utique
768 2513 826 2551 iis,
849 2512 910 2557 qui
932 2511 1049 2557 plures
1068 2522 1139 2544 csse
1159 2516 1278 2556 putant
1300 2511 1406 2547 Deos,
1425 2508 1659 2553 idolothytum
1677 2518 1815 2553 quoque

142 2568 273 2613 aliquid
296 2580 368 2602 esse
386 2568 542 2607 videtum
570 2575 603 2601 at
622 2569 840 2603 credentibus
868 2570 1136 2603 incontaminata
1162 2579 1316 2615 puraque
1341 2579 1413 2601 esse
1438 2566 1570 2604 omnia,
1597 2578 1684 2611 quae
1709 2577 1727 2599 a
1745 2566 1817 2599 Deo

142 2632 237 2664 sunt,
266 2625 348 2659 nihil
370 2632 489 2659 natura
516 2627 655 2671 propria
680 2627 864 2672 profanum
884 2639 1027 2673 prorsus
1053 2626 1216 2660 habetur:
1243 2632 1294 2659 est
1318 2631 1431 2658 autem
1450 2623 1644 2657 liberrimus
1662 2634 1815 2657 escarum

143 2695 242 2716 usus:
270 2694 391 2717 verum
417 2683 457 2716 iis
481 2683 541 2728 qui
566 2683 722 2716 nondum
748 2684 783 2716 id
810 2683 874 2717 sibi
902 2685 1163 2730 persuaserunt,
1191 2682 1347 2716 nondum
1372 2680 1500 2714 munda
1523 2687 1602 2714 sunt
1627 2680 1815 2715 secundum

142 2741 296 2786 ipsorum
322 2746 359 2774 ut
384 2747 502 2774 rentur
525 2747 653 2774 rectam
676 2741 896 2786 opinionem;
925 2742 983 2775 scd
1012 2741 1155 2787 profana
1174 2739 1362 2779 habentur,
1384 2739 1462 2784 quia
1482 2750 1578 2772 mens
1597 2738 1751 2784 ipsorum
1773 2737 1815 2772 ad

144 2799 321 2832 veritatem
346 2798 526 2832 claudicat.

243 2870 277 2900 (1)
298 2867 330 2894 Id
349 2872 390 2895 est
408 2866 553 2903 profanum
574 2867 615 2894 vel
638 2867 779 2902 impurum
799 2871 846 2893 aut
867 2867 1019 2901 pollutum,
1040 2875 1069 2894 ex
1092 2866 1278 2894 Hebraeorum
1301 2865 1432 2892 nimirum
1451 2865 1594 2893 sententia.

1841 265 1898 286 Car.
1913 266 1950 287 XI.
1967 270 1999 287 250.

1849 908 1886 928 Gr.
1901 914 1923 934 p.
1940 911 1970 929 ψ’..

1848 1196 1902 1217 Car.
1919 1196 1977 1218 XIV.
1993 1200 2012 1217 ti.

1845 1488 1866 1503 V.
1885 1486 1914 1504 14.

1853 1762 1858 1769 ‘
1875 1757 1957 1778 Matth.
1974 1756 2005 1776 kt

1854 1788 1883 1804 11.
1901 1787 1930 1804 17.

1854 2518 1892 2539 Gr.
1905 2523 1929 2544 p.
1945 2520 1977 2537 46.
