2205 3177
801 198 834 222 ts
860 198 1013 220 Psltmirn
1041 199 1097 220 xv.
1729 190 1793 223 125

112 265 197 299 visa.
219 262 283 297 Sed
302 263 394 297 enim
413 262 540 296 amoris
560 262 735 300 funiculis,
752 268 783 295 et
804 262 1106 295 vehementissimo
1126 263 1248 296 affectu
1268 263 1427 308 copulata
1444 264 1577 297 Christo
1597 270 1664 303 est,
1680 266 1795 310 portio

116 321 221 356 veluti
242 321 364 359 electa.
381 320 597 354 ethnicorum
615 320 772 357 ecclesia,
790 331 893 364 quam
912 319 1078 364 optimam
1099 322 1221 353 merito
1241 321 1405 366 appellat:
1424 322 1509 355 inest
1528 323 1619 355 enim
1638 323 1667 355 ei
1688 322 1794 355 multa

117 378 300 413 credulitas
318 389 356 412 ae
374 377 549 417 docilitas,
571 384 603 411 et
624 378 746 410 mentis
765 376 1022 422 pulchritudine
1043 377 1151 411 elucet
1165 404 1172 413 ,
1194 379 1286 411 omni
1310 380 1435 412 virtute
1455 380 1620 413 excultae.
1641 380 1700 412 Yel
1724 380 1796 413 for-

114 442 201 470 tasse
226 434 369 468 funiculi
388 434 481 468 haud
501 434 626 468 amoris
643 433 779 467 vincula
807 433 991 471 denotant,
1015 434 1073 466 sed
1093 446 1131 466 cx
1153 441 1404 478 geometrarum
1429 437 1629 481 metaphora
1650 437 1723 470 heic
1743 437 1796 469 di-

113 499 257 526 cuntur:
279 503 419 537 nempe,
441 491 535 537 quod
555 497 651 539 pater
672 490 897 523 hereditatem
923 491 1005 523 mihi
1035 491 1193 524 funiculis
1219 492 1394 525 dimensus
1414 493 1473 530 sit,
1496 500 1527 526 ct
1554 495 1710 526 terminis
1736 494 1797 527 de-

114 548 283 587 finiverit,
302 556 339 583 et
364 556 461 595 septo
488 548 802 582 circumnmniwrit
828 559 865 581 ac
893 549 1097 593 protexerit,
1121 560 1161 581 uc
1187 550 1316 593 optima
1344 550 1503 594 posthinc
1530 551 1612 583 mihi
1632 558 1664 584 et
1689 552 1796 596 patria

115 607 298 653 diripiatur
317 607 507 643 hereditas,
528 607 563 639 in
582 617 685 651 quam
705 605 901 639 ceciderunt
921 606 1003 638 mihi
1025 607 1125 639 sortis
1146 606 1244 639 datae
1268 607 1431 645 funiculi,
1455 608 1519 640 hoc
1538 615 1586 641 est
1607 620 1693 653 quae
1713 610 1795 642 mihi

116 665 238 699 sortito
265 663 427 698 attributa
447 664 522 697 fuit.
552 683 574 688 —
600 663 780 696 Hereditas
798 664 974 697 rationalis
993 670 1134 697 naturae
1154 670 1201 696 cst
1215 690 1222 701 ,
1245 665 1416 709 praeteriti
1442 664 1614 710 futurique
1633 668 1798 712 temporis

118 722 288 756 doctrina.
317 723 439 756 Christi
466 728 579 755 autem
605 720 776 754 hereditas
799 728 869 759 est,
891 723 1027 755 scientia
1056 734 1072 755 a
1100 723 1170 754 Deo
1197 724 1447 755 communicata
1470 723 1528 767 (pl).

507 787 714 810 Proviuebam
732 787 900 810 nominum
917 788 950 809 in
968 790 1132 815 conspeetu
1151 795 1216 811 meo
1234 795 1354 815 semper
1371 788 1411 817 isti.

214 839 287 872 Hoc
307 837 415 871 simile
433 837 630 882 evangelico
650 837 698 870 ilii
718 837 841 870 Christi
861 837 953 871 dicto
971 839 998 870 ἐ
1022 838 1115 871 wius
1134 850 1203 870 non
1225 849 1317 874 sum,
1335 839 1414 883 qnia
1436 845 1532 883 pater
1549 850 1644 872 meus
1664 851 1799 872 mecum

118 901 181 929 est.
206 895 383 935 Quatenus
408 892 612 939 intelligitur
632 895 720 928 Deus
741 894 910 931 Christus,
934 896 1005 940 ipse
1031 902 1079 929 est
1107 896 1223 928 onmia
1250 896 1391 928 firmans
1418 902 1447 928 et
1476 897 1660 929 sustinens:
1683 903 1802 942 quate-

120 964 184 986 nus
210 958 322 986 autem
346 951 455 985 factus
473 958 522 986 est
543 952 666 989 homo,
688 952 785 986 decet
804 963 883 985 eum
902 953 1001 986 etiam
1022 953 1154 989 dicere,
1177 965 1194 987 a
1215 953 1343 986 dextris
1363 965 1397 986 se
1417 953 1576 987 hahuisse
1596 955 1798 993 Dominum,

120 1021 162 1043 ne
189 1016 477 1043 commoveretur.
507 1010 706 1043 Conformat
725 1011 816 1043 enim
836 1017 941 1043 semet
967 1011 1137 1044 humanae
1163 1017 1305 1044 naturae
1331 1011 1501 1048 modulis,
1523 1017 1555 1044 et
1575 1024 1694 1045 eorum
1715 1023 1801 1057 quae

120 1068 359 1101 exinanitionis
384 1068 524 1113 propria
550 1073 628 1101 sunt
655 1078 724 1101 non
752 1067 856 1112 pudet
883 1079 961 1101 eum
988 1075 1130 1113 propter
1160 1070 1442 1102 incarnationem.
1472 1069 1721 1114 Expectabam,
1750 1070 1803 1102 in—

120 1125 211 1169 quit,
232 1125 309 1170 quia
331 1131 425 1170 pater
444 1136 540 1158 meus
557 1125 639 1157 milii
661 1136 763 1170 opem
785 1131 949 1170 praestat,
972 1137 1083 1170 neque
1102 1138 1155 1159 mc
1176 1127 1254 1159 sinit
1274 1127 1473 1171 circumagi.
1495 1128 1523 1159 A
1543 1127 1670 1159 dextris
1690 1134 1803 1161 autem

121 1180 222 1219 dicit,
244 1193 325 1226 pro:
351 1181 533 1215 auxiliatur
557 1182 660 1219 mihi;
686 1176 845 1215 deitterae
871 1189 904 1216 et
930 1183 1083 1216 melioris
1111 1184 1214 1229 partis
1241 1186 1397 1221 nominc,
1421 1185 1583 1217 auxilium
1612 1185 1800 1230 appellans.

121 1239 170 1271 Tu
195 1250 278 1271 vero
303 1250 438 1273 meeum
465 1240 640 1273 considera
668 1240 845 1284 quomodo
871 1247 991 1274 natura
1019 1248 1134 1275 nostra
1161 1242 1296 1275 Christo
1321 1243 1468 1276 iucunda
1490 1243 1654 1275 evaserit:
1676 1244 1804 1288 quippe

123 1295 230 1329 oblati
258 1307 374 1329 sumus
394 1297 498 1341 patris
517 1297 732 1341 conspectui,
753 1297 811 1342 qui
831 1297 919 1342 pulsi
941 1308 1075 1331 cramus
1103 1305 1244 1343 propter
1264 1299 1384 1332 Adami
1411 1301 1714 1344 transgressionem
1738 1301 1781 1345 β)
1796 1326 1803 1336 ,

123 1351 374 1397 habuimusque
400 1365 478 1387 eum
504 1353 721 1386 defensorem
747 1359 848 1398 atque
880 1360 1054 1388 statorem.
1084 1354 1279 1389 Habeamus
1311 1368 1393 1401 ergo
1424 1358 1571 1390 iit-issim
1603 1369 1665 1389 nos
1697 1358 1806 1390 Deum

120 1420 259 1454 semper
284 1421 366 1455 prae
392 1410 520 1447 oculis,
541 1421 689 1454 eumque
709 1417 924 1455 praesentem
944 1411 1233 1457 auxiliantcmque
1253 1414 1460 1458 cogitemus,
1485 1426 1525 1447 ne
1545 1413 1587 1447 ab
1608 1414 1722 1448 officio
1746 1414 1807 1447 de-

124 1466 312 1511 pellantur,
335 1467 394 1500 sed
413 1473 518 1500 cesset
540 1468 652 1512 potius
672 1467 730 1500 ille
749 1467 807 1513 qui
828 1479 844 1500 a
865 1467 993 1501 dextris
1013 1469 1113 1502 nohis
1139 1477 1189 1503 est
1209 1471 1423 1504 adversarius
1443 1471 1619 1505 diabolus:
1643 1483 1754 1517 neque
1773 1473 1807 1505 in

124 1533 187 1556 nos
212 1523 508 1562 maledictionem,
530 1535 617 1569 quae
636 1524 756 1558 ludam
776 1524 939 1569 perculit,
962 1537 1210 1570 provocemus:
1233 1534 1295 1561 stet
1316 1528 1475 1562 diabolus
1495 1541 1512 1561 a
1532 1529 1662 1563 dextris
1681 1531 1753 1563 eius
1774 1530 1782 1538 ‘

121 1589 274 1625 namque
299 1592 317 1614 a
343 1580 472 1614 dextris
498 1581 576 1614 iusti
602 1587 666 1615 stat
692 1582 880 1620 Dominus;
905 1594 921 1615 a
948 1583 1076 1616 dextris
1104 1591 1216 1617 autem
1242 1586 1447 1630 peccatoris,
1470 1585 1640 1620 diabolus.

581 1647 737 1674 Quoniam
753 1655 773 1670 a¹
789 1648 908 1671 ‹texti-is
924 1650 970 1671 est
986 1649 1063 1671 mihi
1073 1664 1081 1677 ‚
1099 1656 1136 1672 ne
1153 1657 1352 1674 commovear.

222 1695 393 1736 Quoniam
419 1695 548 1730 dictum
574 1702 644 1736 est,
673 1697 754 1731 sede
780 1708 798 1731 a
824 1697 952 1731 dextris
978 1699 1082 1737 meis;
1110 1706 1144 1732 et
1169 1711 1248 1733 eum
1275 1707 1351 1746 post
1379 1703 1610 1736 ascensionem
1639 1702 1764 1736 sedisse
1791 1713 1808 1736 a

124 1752 254 1786 dextris
271 1753 543 1799 magnificentiae
562 1755 688 1800 patris;
706 1767 766 1788 cur
786 1767 877 1788 nunc
896 1755 987 1789 filius
1008 1757 1070 1790 ait:
1089 1757 1315 1802 providebam
1336 1760 1520 1793 Dominum
1540 1772 1558 1793 a
1577 1760 1706 1793 dextris
1725 1761 1809 1793 meis

126 1821 279 1856 semper,
297 1817 429 1857 patrem
448 1811 650 1857 designans?
664 1813 755 1858 Ergo
775 1812 894 1846 dexter
913 1819 962 1846 est
982 1815 1069 1859 patri
1091 1814 1198 1853 iilius,
1216 1822 1248 1849 et
1270 1815 1343 1850 filio
1362 1824 1477 1862 pater:
1495 1817 1682 1851 secundum
1701 1817 1806 1851 illud:

127 1877 192 1912 ego
217 1867 252 1900 in
278 1874 393 1913 patre,
415 1875 449 1902 et
467 1875 564 1914 pater
583 1870 618 1902 in
637 1881 692 1903 me
717 1875 780 1902 est.
803 1869 945 1903 Videtur
971 1877 1084 1904 autem
1110 1873 1265 1917 apprime
1285 1873 1328 1906 de
1348 1873 1558 1908 humanitate
1582 1875 1697 1919 loqui:
1719 1881 1809 1908 certe

127 1923 220 1956 enim
244 1931 413 1968 quatenus
438 1931 487 1958 est
513 1927 623 1962 Deus,
646 1938 715 1959 non
742 1933 990 1961 commovetur.
1019 1930 1095 1962 Non
1122 1935 1171 1962 est
1199 1936 1311 1964 autem
1338 1931 1496 1969 inanimis
1520 1943 1599 1965 caro
1626 1932 1716 1964 eius:
1739 1943 1809 1965 uon

127 1981 219 2014 enim
245 1982 317 2026 ipsa
343 1993 423 2015 earo
449 1982 550 2022 dicit,
572 1982 700 2017 hahere
717 1995 752 2017 se
770 1985 879 2017 Deum
899 1996 916 2018 a
935 1985 1081 2025 dextris,
1104 1998 1251 2032 eumque
1271 2000 1405 2034 semper
1425 1995 1596 2035 spectare,
1618 2001 1660 2023 ne
1681 1995 1807 2034 peccet.

127 2038 263 2085 Quippe
290 2041 499 2074 commoveri
525 2040 693 2086 significat
719 2048 852 2075 motum
877 2042 918 2075 ad
947 2050 1136 2088 peccatum.

607 2106 782 2129 Delectant)
798 2108 832 2130 in
849 2108 978 2131 dextera
995 2111 1051 2131 tua
1068 2116 1164 2137 usque
1182 2111 1214 2133 in
1232 2111 1335 2134 finem.

225 2155 312 2188 Sane
337 2154 479 2189 decebat
505 2156 733 2189 universalem
759 2163 949 2190 creatorem
977 2164 1009 2191 et
1036 2158 1215 2192 dommum
1243 2172 1281 2194 ac
1306 2162 1416 2195 Deum
1436 2162 1586 2207 gaudere
1612 2170 1645 2197 et
1671 2163 1808 2199 laetari.

129 2210 177 2245 ob
203 2219 375 2246 creaturas
401 2225 477 2246 suas
495 2213 531 2245 in
551 2213 673 2246 mel-ius
699 2213 918 2252 reformatas,
939 2221 972 2248 et
991 2216 1026 2248 in
1046 2217 1225 2261 antiquum
1245 2224 1370 2251 statum
1391 2230 1408 2253 a
1427 2221 1498 2253 Deo
1525 2227 1620 2266 patre
1646 2222 1812 2266 repositas

128 2280 194 2315 per
219 2271 330 2315 ipsum
358 2270 481 2305 filium.
512 2272 574 2304 Per
599 2282 702 2317 quem
723 2272 814 2305 enim
833 2273 948 2305 omnia
975 2273 1017 2305 ad
1043 2275 1258 2308 existendum
1285 2283 1361 2310 sunt
1389 2277 1553 2317 adducta,
1575 2290 1638 2324 per
1663 2279 1810 2312 eundem

130 2327 413 2362 reformationem
432 2329 467 2361 in
486 2329 608 2363 melius
627 2330 808 2375 recipiunt.
837 2350 860 2355 -
886 2331 1030 2364 Dextera
1050 2333 1156 2376 patris
1168 2358 1175 2369 ,
1198 2332 1289 2366 filius
1307 2340 1376 2373 est,
1399 2334 1445 2368 ob
1464 2348 1544 2369 suae
1564 2337 1673 2369 carnis
1692 2337 1814 2369 iucun-

131 2383 274 2418 ditatem
300 2385 489 2424 formosus,
517 2387 576 2432 qui
596 2386 796 2421 deformem
822 2387 1067 2433 sordidamque
1094 2395 1252 2423 naturam
1278 2391 1458 2431 attollens,
1484 2394 1516 2425 in
1544 2394 1649 2438 patris
1675 2393 1814 2427 dextera

127 2441 326 2476 deificatam
351 2443 545 2477 collocavit.

232 2595 267 2625 (l)
285 2593 384 2621 Merito
405 2595 645 2623 animadvertenda
665 2601 706 2625 est
728 2597 801 2632 apud
819 2599 952 2634 Cyrillum
972 2599 1038 2627 haee
1059 2600 1199 2627 humanae
1219 2599 1380 2635 divinaeque
1401 2601 1530 2628 scientiae
1550 2601 1682 2629 delinitio.

233 2641 268 2669 (2)
288 2638 399 2665 Dictum
423 2639 456 2666 de
479 2640 587 2667 Christo
610 2641 683 2668 hune
705 2643 870 2670 versiculum
892 2643 1018 2671 adfirmat
1041 2645 1181 2678 apostolus
1201 2646 1298 2671 Petrus
1318 2648 1378 2671 Act.
1402 2646 1436 2672 ΙΙ.
1457 2649 1500 2672 25.
1523 2647 1623 2673 Paulus
1642 2651 1733 2674 autem
1754 2649 1814 2675 Aet..

134 2682 214 2708 XIII.
232 2686 274 2709 35.
290 2691 375 2718 aeque
394 2683 499 2711 dietum
519 2684 551 2711 de
565 2685 672 2712 Christo
691 2686 792 2713 adserit
808 2688 971 2715 versiculum
990 2688 1138 2715 decimum.
1159 2690 1244 2715 Nemo
1264 2697 1327 2724 ergo
1345 2689 1510 2717 christianus
1526 2690 1664 2718 dubitabit
1681 2691 1817 2726 psalmum

137 2725 211 2752 hune
232 2726 345 2753 litterali
364 2736 473 2763 quoque
492 2736 575 2756 sensu
594 2729 627 2756 ad
647 2730 787 2757 Christum
808 2739 865 2758 esse
885 2732 1069 2759 referendum.

235 2773 270 2802 (3)
290 2771 415 2798 Pei-stant
432 2772 596 2800 christianae
616 2774 756 2808 religionis
775 2775 866 2803 hostes
885 2777 1019 2811 originale
1039 2781 1181 2811 peecatum
1201 2777 1314 2812 eiusque
1334 2785 1450 2812 poenam
1467 2786 1514 2806 seu
1535 2779 1660 2815 negando
1675 2788 1722 2807 seu
1738 2781 1819 2808 etiam

135 2812 294 2846 irridendo,
314 2822 368 2849 quo
389 2819 479 2842 tamen
499 2815 625 2851 dogmate
644 2817 713 2844 nihil
734 2818 789 2846 fere
808 2819 837 2846 in
856 2824 963 2855 patrum
989 2821 1112 2847 doctrina
1133 2820 1286 2848 evidentius
1310 2826 1359 2848 est.
1382 2823 1438 2856 Ego
1457 2830 1519 2849 vero
1538 2823 1693 2852 Cardinalis
1712 2832 1820 2860 quoque

138 2855 297 2885 doctissimi
315 2858 408 2886 Iaeobi
427 2859 546 2888 Sadoleti
564 2860 665 2889 librum
685 2862 821 2890 ineditum
841 2863 874 2891 de
892 2865 1020 2900 originali
1040 2869 1150 2900 peceato
1170 2869 1266 2892 notum
1287 2865 1436 2901 aliquando
1454 2866 1564 2895 faciam<

1836 503 1873 523 Gr.
1888 508 1910 529 p.
1929 507 1969 524 rua.

1841 800 1859 813 ι.
1876 797 1895 813 «Ν.

1841 854 1846 858 ·
1864 850 1913 871 ΙοΙι,
1927 850 1986 871 ΧῊ.
2000 855 2024 871 ω

1796 1542 1803 1562 :
1849 1544 1854 1548 '
1872 1540 1907 1560 Psi
1923 1540 2001 1561 (ivmv
2021 1545 2032 1559 t,

1849 1945 1886 1965 (Jr.
1902 1950 1924 1970 pi
1943 1946 1977 1963 197

1851 2124 1870 2137 x.
1890 2120 1918 2137 ll.
