2205 3177
646 194 677 216 is
704 194 855 216 PSALMUM
882 193 968 215 xxu.
997 193 1096 216 xxm.
1126 193 1165 215 ET
1191 193 1287 215 xxw.
1744 184 1808 216 1:37

128 270 228 293 carne
248 257 417 295 ascendit,
436 257 721 303 obstupescebant
744 260 791 291 rei
812 258 962 291 novitate
980 256 1226 290 intellectuales
1245 257 1323 290 illae
1342 263 1526 302 potestates
1545 268 1733 302 numquam
1753 269 1811 291 an-

129 323 179 350 tea
199 317 271 349 viso
290 316 347 349 tali
367 316 574 361 spectaculo.
592 317 670 349 Mox
689 315 806 349 audito
824 325 962 360 quoque
976 315 1102 359 Spiritu
1121 314 1271 347 dicente:
1291 314 1434 348 attollite
1454 321 1586 359 portas,
1605 321 1637 348 ct
1655 314 1811 349 introibit

128 385 187 407 rex
212 374 360 418 gloriae:
385 373 526 407 fortasse
553 372 804 418 disceptabant,
826 372 985 416 quisnam
1005 371 1058 404 hic
1077 379 1292 416 quantusque
1318 378 1387 407 est,
1411 372 1517 405 homo
1539 372 1679 416 quidem
1706 384 1812 418 appa—

133 443 211 465 rens
237 443 275 465 ex
303 432 414 464 carnis
439 437 579 468 natura,
601 430 660 464 sed
688 436 800 463 tamen
827 429 955 473 gloriae
982 440 1039 461 rex
1069 429 1306 473 pratwlicatus?
1326 429 1415 469 Quid
1442 441 1525 474 ergo
1554 430 1618 462 illis
1644 431 1811 475 Spiritus‘.3

132 488 301 523 Dubitatis
327 500 389 526 ne,
410 495 441 522 et
461 490 616 534 quisnam
644 487 698 521 hic
724 488 780 523 sit,
805 486 994 531 intelligere
1022 487 1150 519 avens?
1170 487 1295 519 Audite
1321 498 1422 531 ergo:
1446 487 1499 520 hic
1519 494 1564 520 est
1588 500 1644 521 rex
1665 488 1808 532 gloriae.

766 578 995 616 PSALMUS
1025 577 1167 615 XXIV.

226 663 317 696 Facit
337 663 438 695 etiam
458 661 577 695 utilem
596 661 725 695 cunctis
744 659 941 694 hominibus
961 659 1253 693 adhortationem.
1276 658 1440 704 Congruit
1460 666 1574 692 autem
1595 661 1811 705 potissimum

130 720 184 754 hie
212 720 362 766 psalmus
387 732 427 754 ex
453 719 640 764 gentilitate
667 718 812 753 vocatis.
837 718 1048 762 multamque
1076 716 1177 751 habet
1198 728 1275 750 cum
1296 717 1521 762 praecedente
1547 719 1807 752 connexionem.

130 780 284 823 Namque
303 778 335 810 iu
356 777 418 810 illo
436 775 694 810 memorabatur
713 777 866 821 gentium
892 776 1046 812 iocatio,
1069 781 1100 808 et
1120 786 1182 820 per
1202 781 1355 807 sanctum
1376 775 1539 819 Spiritum
1564 776 1725 811 initiatio,
1748 777 1812 809 do-

128 846 208 870 cens
234 834 439 880 quibusnam
466 834 648 867 ascendere
668 833 783 866 licebit
804 834 835 865 iu
857 844 1040 878 supernam
1061 833 1251 869 ciuitatem,
1274 843 1398 877 nempe
1418 843 1522 865 manu
1551 833 1808 872 innocentibus,

127 899 160 927 ct
186 892 290 926 corde
310 893 422 937 puris,
443 898 476 925 et
495 891 590 936 quod
610 891 762 925 Christus
782 891 850 924 dux
872 892 913 923 sit,
933 890 1068 924 futurus
1088 890 1258 923 humanae
1278 895 1419 922 naturae
1440 889 1480 922 ad
1501 890 1566 922 iter
1585 890 1620 922 in
1640 901 1808 935 superna,

127 951 186 995 qui
206 960 409 996 praecursor
434 955 550 983 noster
569 949 636 982 iam
656 949 690 981 in
710 948 841 982 caelum
862 947 1071 981 conscendit.
1098 948 1277 980 Praesente
1297 952 1409 979 autem
1431 946 1564 992 psalmo
1584 958 1729 992 persona
1748 959 1811 981 vo-

126 1013 282 1041 catorum
310 1006 503 1044 inducitur,
525 1017 648 1052 nempe
674 1007 829 1040 omnium
848 1006 906 1050 qui
926 1016 988 1051 per
1008 1005 1110 1037 tidem
1130 1004 1273 1050 spiritali
1293 1004 1423 1037 unitate
1449 1004 1663 1038 coaluerunt.
1693 1006 1738 1038 Ea
1758 1006 1811 1038 in—

125 1076 230 1109 quam
256 1076 419 1110 persona,
442 1076 460 1098 a
479 1065 550 1098 Deo
576 1065 634 1109 qui
654 1076 689 1097 se
707 1065 861 1101 vocavit,
884 1063 1033 1108 postulat
1059 1069 1095 1096 ut
1116 1062 1157 1096 ad
1179 1063 1225 1095 rei
1246 1062 1339 1095 utilis
1358 1073 1395 1096 ac
1420 1063 1629 1096 necessariae
1655 1063 1812 1108 adeptio—

127 1134 207 1157 nem
232 1123 418 1167 dirigatur‚
440 1129 473 1156 et
491 1128 622 1167 gratam
642 1122 877 1167 sinceramque
896 1133 930 1155 se
951 1121 1023 1155 fore
1044 1121 1224 1166 promittit.
1251 1120 1340 1153 Audi
1361 1121 1444 1159 iam,
1465 1120 1549 1165 quid
1578 1120 1712 1158 fideles,
1736 1127 1812 1166 post

127 1181 277 1215 reditum
303 1180 346 1214 ab
372 1192 508 1219 errore,
530 1193 619 1215 unus
645 1181 750 1214 veluti
777 1180 903 1213 chorus
929 1180 1038 1213 effecti
1065 1180 1192 1213 dicant.

446 1246 523 1269 vias
540 1248 609 1269 tuas
626 1246 758 1269 Domine
774 1246 950 1269 demonstra
968 1246 1064 1271 mihi,
1080 1247 1111 1267 et
1127 1246 1253 1267 semitas
1270 1246 1326 1267 tua
1342 1246 1414 1267 doce
1431 1251 1488 1267 me.

223 1298 314 1331 Haec
339 1298 484 1331 mutatio
509 1297 669 1331 dexterae
687 1297 864 1330 Altissimi.
893 1297 978 1329 Nam
1005 1297 1063 1340 qui
1089 1295 1174 1328 olim
1193 1294 1322 1328 diaboli
1349 1296 1420 1328 vias
1446 1295 1696 1334 decurrebant,
1719 1308 1810 1330 nunc

128 1355 198 1388 sias
222 1355 359 1388 Domini
384 1360 571 1400 quaerunt,
594 1354 627 1387 id
655 1360 704 1387 est
731 1354 890 1387 mandata
916 1353 1129 1398 evangelica,
1151 1359 1182 1386 et
1203 1353 1291 1386 vitae
1317 1364 1406 1397 quae
1429 1360 1563 1386 sanctos
1584 1353 1680 1387 decet
1707 1355 1812 1387 ratio—

126 1424 217 1446 nem.
247 1413 318 1446 Hae
337 1419 414 1446 sunt
434 1413 525 1445 enim
545 1413 619 1446 viae
637 1412 787 1445 Domini.
817 1412 857 1444 Et
876 1411 929 1444 lex
948 1411 1089 1456 quidem
1109 1410 1269 1444 umbram
1292 1410 1394 1444 habet
1415 1412 1568 1445 veritatis
1588 1418 1621 1445 et
1643 1413 1809 1457 speciem;

125 1470 341 1514 evangelium
361 1476 475 1503 autem
494 1475 545 1502 est
570 1470 642 1514 ipsa
660 1470 802 1506 veritas,
826 1468 867 1502 ad
893 1480 998 1513 quam
1017 1480 1051 1501 se
1072 1480 1090 1502 a
1110 1469 1183 1501 Deo
1203 1468 1327 1501 deduci
1349 1475 1482 1513 petunt.
1512 1470 1550 1502 Et
1573 1469 1726 1504 Christus
1753 1482 1811 1504 xe-

124 1527 206 1561 ritas
231 1533 301 1565 est,
323 1533 425 1572 atque
444 1527 487 1561 ad
506 1538 585 1561 eum
608 1532 706 1572 pater
725 1526 863 1560 deducit
886 1526 965 1559 illos
990 1526 1049 1571 qui
1076 1527 1188 1571 ipsum
1214 1537 1276 1571 per
1302 1525 1407 1559 fidem
1433 1534 1617 1571 quaeruut.
1646 1528 1698 1560 Sic
1717 1529 1809 1561 enim

123 1583 311 1629 aliquando
331 1584 464 1618 Iudaeis
484 1583 596 1618 aiebat
615 1584 643 1617 ':
666 1595 768 1618 nemo
788 1589 899 1629 potest
919 1583 962 1617 ad
981 1594 1036 1617 me
1054 1585 1170 1617 venire
1182 1609 1189 1621 ‚
1210 1584 1274 1617 nisi
1293 1584 1351 1629 qui
1371 1585 1461 1617 misit
1480 1596 1534 1618 me
1553 1591 1649 1629 pater
1669 1587 1808 1619 traxerit

121 1653 213 1676 eum.
244 1643 400 1676 Fortasse
426 1641 510 1688 legis
535 1653 675 1688 quoque
700 1642 874 1679 doctrina,
900 1642 953 1675 via
979 1647 1012 1675 et
1038 1642 1156 1675 semita
1175 1642 1313 1675 Domini
1340 1641 1466 1675 dicitur
1486 1642 1528 1676 ad
1554 1643 1752 1682 veritatem,
1775 1644 1809 1677 id

123 1705 174 1733 est
199 1699 391 1738 Christum,
413 1700 608 1738 deducens:
630 1700 672 1733 de
691 1699 757 1733 hoc
776 1701 868 1733 enim
886 1700 1020 1744 Moyses
1039 1698 1222 1733 scribebat.
1252 1701 1357 1733 Notas
1383 1711 1466 1744 ergo
1486 1700 1570 1733 mihi
1591 1700 1642 1734 fae
1662 1702 1812 1735 xeritatis

122 1756 283 1796 umbras,
308 1768 397 1802 quae
422 1769 547 1803 nempe
566 1758 718 1791 veritatis
737 1758 921 1803 imaginem
947 1763 1216 1802 repraesentant.
1246 1758 1331 1790 Petit
1351 1758 1452 1791 etiam
1476 1758 1585 1791 Daxid
1605 1769 1812 1803 cognoscere

122 1815 193 1848 vias
216 1815 294 1851 Dei.
317 1815 351 1848 id
370 1821 420 1849 est
439 1815 680 1861 providentiae
705 1816 874 1848 rationem
900 1826 966 1860 qua
986 1816 1013 1848 is
1033 1821 1153 1848 cuncta
1180 1814 1368 1860 gubernat:
1393 1821 1494 1860 atque
1515 1815 1557 1848 ad
1577 1817 1755 1851 veritatem
1776 1829 1811 1851 se

122 1871 246 1906 deduci
274 1878 368 1909 orat.
391 1884 434 1906 ne
461 1873 549 1906 forte
575 1873 655 1906 huie
680 1872 897 1906 mendacium
924 1873 1080 1906 incautus
1106 1879 1304 1918 anteponat.

428 1939 553 1962 Delicta
570 1939 741 1961 iuventutis
757 1945 856 1965 meae,
872 1940 903 1961 et
920 1939 1121 1968 ignorantias
1138 1945 1236 1966 meas,
1253 1945 1291 1961 ne
1307 1939 1497 1961 memineris.

217 1989 431 2023 Audiverant
455 1990 548 2022 enim
574 2000 615 2022 ex
641 1988 801 2034 gentibus
828 1990 959 2024 vocati.
981 1989 1153 2022 Christum
1173 1989 1344 2023 dicentem
1366 1989 1396 2022 ':
1419 1989 1473 2022 dic
1495 1996 1529 2022 tu
1550 1991 1646 2035 prior
1674 1996 1809 2035 peccata

123 2053 196 2086 tua,
219 2053 255 2080 ut
282 2046 493 2080 iustificeris:
516 2046 663 2092 ideoque
683 2046 849 2081 accedunt
875 2046 1019 2080 fatentes
1038 2046 1164 2081 habere
1191 2059 1225 2081 se
1252 2048 1439 2080 iuventutis
1466 2054 1620 2092 peccata,
1644 2048 1713 2081 sive
1733 2060 1810 2081 cor-

122 2104 253 2151 poralia
272 2105 342 2137 sive
360 2110 476 2137 mente
495 2110 659 2150 concepta
676 2104 740 2149 (1),
758 2104 793 2138 id
814 2110 863 2138 est
881 2105 1066 2138 amentiae:
1087 2116 1190 2138 omne
1210 2105 1300 2138 enim
1322 2111 1500 2149 peccatum
1521 2104 1563 2138 ab
1583 2106 1728 2138 amentia
1749 2107 1811 2138 ori-

121 2168 195 2196 tur:
217 2168 249 2195 et
275 2162 431 2207 quamvis
457 2161 580 2207 aliquis
599 2162 634 2195 in
652 2168 825 2196 senectute
851 2168 987 2208 peccet,
1010 2163 1076 2196 hoc
1095 2163 1209 2208 ipsum
1236 2162 1432 2196 iuveniliter
1453 2169 1554 2207 atque
1582 2164 1811 2197 amentissime

121 2219 200 2253 facit
225 2219 319 2264 quod
347 2225 482 2265 peccat:
505 2230 611 2264 quare
638 2225 669 2252 et
693 2220 826 2253 iuvenis
851 2219 905 2253 hie
930 2219 996 2253 dici
1024 2220 1128 2255 solet:
1150 2220 1257 2254 x'eluti
1285 2220 1343 2253 ille
1363 2221 1396 2253 in
1418 2221 1597 2266 exangelio
1624 2221 1807 2266 prodigus,

119 2278 178 2322 qui
204 2283 237 2311 et
262 2277 335 2323 ipse
362 2278 476 2311 iunior
502 2276 593 2311 filius
619 2277 825 2323 appellatur.
855 2277 1066 2311 Obliviscere
1088 2278 1191 2323 igitur
1213 2279 1305 2311 aiunt
1320 2304 1327 2314 ,
1351 2289 1372 2311 o
1391 2279 1557 2315 Domine,
1581 2290 1701 2312 eorum
1722 2290 1810 2322 quae

120 2336 335 2380 peccavimus
357 2335 572 2369 idololatriae
592 2341 763 2380 tempore,
787 2346 874 2380 quae
893 2335 1072 2369 manifesta
1093 2336 1242 2369 amentia
1263 2335 1338 2369 fuit.
1361 2337 1545 2382 Quumque
1565 2337 1612 2369 rei
1633 2336 1755 2373 simus,
1779 2342 1811 2369 et

119 2392 260 2426 obnoxii
287 2404 418 2438 poenae
439 2399 540 2438 atque
558 2392 682 2426 ultioni
702 2399 844 2438 propter
870 2392 1039 2438 plurimos
1058 2399 1195 2427 nostros
1222 2394 1354 2439 lapsus.
1379 2394 1520 2439 dignare
1549 2394 1662 2438 potius
1688 2394 1807 2427 memi-

118 2451 208 2484 nisse
234 2450 360 2489 nostri;
386 2449 478 2483 haud
503 2461 584 2483 sane
610 2449 656 2483 ob
682 2457 799 2484 nostra
824 2462 951 2496 opera,
976 2463 1126 2497 quorum
1155 2462 1254 2485 causa
1281 2453 1368 2485 iuste
1396 2453 1513 2496 utiquc
1540 2450 1707 2496 puniendi
1736 2462 1807 2483 era-

119 2519 212 2544 mus:
235 2507 295 2541 sed
315 2513 458 2553 propter
477 2513 571 2540 tuam
590 2508 832 2541 tantummodo
852 2507 1043 2542 bonitatem
1070 2509 1361 2554 dignitatemque:
1384 2510 1463 2553 quia
1484 2508 1680 2542 cadentium
1706 2509 1808 2541 mise—

118 2566 187 2600 reri
206 2565 315 2604 soles,
336 2566 394 2610 qui
414 2571 508 2598 tuam
528 2565 711 2610 exquirunt
731 2577 811 2611 erga
830 2566 989 2606 homines
1015 2573 1204 2600 caritatem.
1233 2568 1280 2600 Tu
1308 2567 1400 2600 enim
1420 2567 1534 2599 dixisti
1558 2567 1584 2599 'z
1608 2578 1677 2599 uon
1702 2567 1806 2600 vestri

117 2623 225 2668 gratia
252 2622 287 2656 id
307 2633 388 2668 ago,
411 2622 471 2656 sed
491 2623 640 2656 nominis
658 2624 739 2657 mei.
765 2625 896 2669 Reputa
915 2635 1016 2663 vero,
1044 2625 1193 2670 pcccatis
1220 2635 1282 2657 nos
1305 2625 1448 2661 irretiri,
1476 2625 1599 2669 partim
1619 2625 1698 2669 quia
1720 2624 1803 2657 dixi-

119 2692 197 2714 nam
216 2680 450 2725 ignoravimus
469 2680 598 2725 legem,
621 2681 745 2726 partim
763 2682 842 2726 quia
861 2682 1082 2716 involuntarii
1103 2682 1145 2715 ad
1166 2681 1365 2715 violandam
1386 2683 1446 2715 Dei
1466 2681 1680 2715 voluntatem
1700 2684 1805 2716 coacti

121 2738 247 2772 fuimus
268 2737 327 2783 (2).
350 2737 483 2771 Idcirco
508 2744 541 2771 et
558 2738 666 2772 Daxid
694 2738 880 2773 clamabat:
903 2740 1027 2773 delicta
1055 2740 1239 2773 iuventutis
1265 2751 1362 2772 meae
1383 2746 1415 2772 et
1442 2740 1652 2784 ignorantias
1673 2752 1715 2773 ne
1735 2752 1807 2773 mc—

217 2825 253 2855 (1)
272 2821 370 2849 Confer
389 2830 458 2857 quae
477 2821 595 2849 diximus
614 2830 640 2857 p.
663 2823 708 2849 lat.
730 2825 773 2850 98.
794 2822 857 2850 adn.
879 2827 910 2857 2,
930 2829 957 2851 et
976 2832 1002 2859 p.
1027 2827 1086 2851 132.
1108 2823 1172 2850 adn.
1198 2826 1221 2849 1Δ

215 2870 249 2899 122)
269 2867 367 2894 Recole
387 2866 459 2894 dicta
480 2875 523 2903 pp.
546 2867 592 2894 lat.
616 2870 656 2895 16.
677 2872 703 2895 et
726 2871 765 2895 18.
787 2868 814 2900 in
835 2867 1070 2896 adnotationibus.

1659 2926 1688 2947 ts

1850 1020 1887 1039 (ἰν.
1902 1025 1923 1045 p.
1941 1023 1986 1040 :16.

1851 1601 1856 1605 '
1875 1597 1922 1618 ioh.
1939 1598 1976 1618 Vl,
1992 1601 2024 1618 fit.

1846 1948 1865 1961 V.
1883 1945 1901 1961 7.

1852 1999 1855 2004 ’
1874 1995 1933 2015 cuns.
1952 1995 2003 2015 Luc.

1850 2022 1930 2042 xwu.
1949 2024 1979 2041 Μ.

1849 2520 1886 2538 tir.
1902 2526 1923 2545 Ι),
1938 2522 1984 2539 217.

1862 2571 1866 2577 ⁶
1886 2568 1962 2588 Flet-lii

1846 2595 1920 2615 xxxx
1930 2596 1946 2616 1.
1962 2600 1994 2615 ιιι.
