2205 3177
195 1494 231 1511 m,
246 1502 267 1517 μ
286 1496 329 1512 isa.

259 1870 278 1883 xi
294 1867 325 1885 35],

269 2560 288 2574 V.
320 2571 323 2574 ,

385 179 448 211 tto
887 188 914 209 s.
944 187 1070 210 emitti
1095 187 1317 210 ALt-txANnmxt
1344 188 1550 211 sxrmsssio

384 255 440 287 Dei
469 254 562 287 liant.
592 254 654 292 Qui
676 263 758 296 orgo
779 252 934 286 nondum
954 252 1190 292 crediderant,
1214 264 1324 298 neque
1349 266 1387 287 ex
1416 265 1503 299 aqua
1523 261 1556 287 et
1575 254 1703 299 Spiritu
1724 255 1831 289 renati
1858 261 1973 293 crant,
1997 267 2060 301 pu-

388 311 460 355 pilli
487 311 628 342 omnino
654 308 894 343 crnsclmntur.

1017 375 1146 402 Pupiuo
1164 378 1197 398 tu
1214 383 1283 398 erun
1300 377 1436 398 mitulor-

476 425 551 455 Non
577 423 619 456 ait
649 437 663 453 «
687 434 723 456 es
746 437 761 453 »
788 423 846 456 sed
873 435 959 457 eras.
989 425 1096 457 Antea
1123 425 1212 458 enim
1239 436 1346 469 quum
1373 436 1492 458 omnes
1519 431 1712 470 peccatores
1737 432 1867 463 essent,
1896 432 1931 459 tu
1958 426 2052 460 solus

380 479 590 525 pupillorum
610 491 684 512 cras
705 479 860 517 adiutor:
882 492 972 514 nunc
992 482 1092 514 etiam
1114 482 1160 514 tui
1181 481 1237 525 {id
1263 488 1431 526 praestant
1450 482 1456 526 Ι
1475 483 1533 526 qui
1554 482 1638 526 logis
1655 482 1813 515 mandata
1840 482 2047 516 custodiunt.

864 545 997 568 contere
1016 547 1179 568 brachium
1195 547 1364 573 peccatoris
1380 548 1409 568 et
1427 547 1571 574 maligni.

471 596 610 627 Satanae
630 600 760 627 tantum
785 595 844 628 tuit
866 602 1060 640 peccatum.
1083 602 1119 629 nt
1139 607 1156 628 a
1176 596 1246 629 Deo
1274 597 1491 640 inquisitum,
1513 602 1664 629 extrema
1685 607 1793 641 poena
1813 596 1955 641 dignum
1979 597 2050 631 sue—

378 652 418 684 rit
447 651 645 684 iudicatum.
675 651 907 692 Quamobrem
935 654 1121 687 contritum
1149 653 1209 686 fuit
1237 659 1267 686 et
1296 651 1425 686 xiribus
1451 665 1581 686 cassum
1609 653 1788 686 brachium
1812 653 1919 691 illius,
1942 653 1976 686 id
2002 661 2051 688 est

374 709 445 741 cius
465 715 581 741 contra
603 720 664 741 nos
684 710 848 754 potentia.
872 711 1114 743 Verumtamen
1134 710 1236 754 digna
1256 716 1303 742 est
1329 716 1445 743 sancto
1465 711 1540 743 xiro
1560 710 1763 755 p‹‘›stulati‹⁷›,
1786 717 1819 744 et
1837 712 1931 744 omni
1951 710 2051 744 laude

374 765 687 799 c«›mmendandum
716 766 780 800 hoc
807 778 947 812 precum
974 779 1093 811 genus.
1124 769 1283 799 Sanctum
1310 768 1401 800 enim
1421 773 1470 800 est
1489 774 1520 800 et
1547 768 1707 801 universo
1734 767 1865 801 mundo
1892 767 1993 805 utile,
2015 773 2051 801 ut

374 823 520 855 cuiusxis
540 825 726 868 peccatoris
754 823 931 857 brachium
959 824 1182 869 infringatur,
1206 824 1240 856 id
1267 830 1314 857 est
1344 825 1513 869 potentia:
1537 825 1663 869 alioqui
1690 825 1780 858 enim
1804 825 1882 857 huic
1903 831 2051 858 tantum-

374 879 479 913 modo
507 881 580 913 usui
607 892 682 913 eam
709 881 875 914 retinent.
899 887 937 913 ut
962 892 1130 926 pauperes
1157 887 1347 914 conterant.
1378 882 1524 914 Huiusce
1551 882 1738 926 peccatoris
1764 881 1945 915 brachium
1967 892 2050 915 con-

375 938 496 970 teritur
521 949 538 969 a
564 938 733 973 Domino,
754 944 785 971 et
813 944 989 982 peccatum
1016 939 1088 971 cius
1114 939 1139 970 si
1167 938 1254 971 sorte
1280 939 1474 982 quaeritur,
1496 939 1563 971 iam
1589 950 1657 971 non
1686 939 1868 984 reperitur.

821 1003 1000 1029 Quaen-enu-
1017 1006 1174 1030 peccatum
1191 1004 1273 1031 eius,
1290 1006 1320 1026 et
1339 1010 1398 1026 ιιοιι
1418 1005 1605 1026 invenietur.

467 1052 498 1084 Si
519 1052 758 1095 investigetur.
782 1052 911 1097 inquit.
935 1053 1049 1097 inique
1075 1053 1204 1097 agentis
1223 1059 1401 1098 peccatum
1422 1053 1489 1098 (1),
1511 1052 1603 1086 haud
1624 1053 1832 1093 invenietur,
1854 1053 1888 1086 id
1907 1059 1956 1087 est
1976 1064 2048 1087 me-

373 1109 439 1141 rito
465 1107 671 1141 destruetur.

933 1176 1087 1198 Pei-ibitis
1103 1177 1210 1203 gentes
1227 1176 1265 1198 «le
1282 1178 1368 1198 terra
1385 1176 1486 1198 illius.

467 1224 600 1257 Christo
626 1225 753 1270 quippe¹
780 1231 942 1269 regnante
967 1226 1192 1270 proiicientur
1211 1226 1244 1258 in
1264 1227 1377 1270 ignem
1397 1231 1586 1259 aeternum.
1615 1226 1737 1259 Gentes
1756 1232 1869 1259 autem
1887 1224 2046 1271 intelligit

372 1281 524 1326 impuros
551 1281 754 1320 daemones,
777 1294 845 1316 non
867 1283 1023 1316 homines
1042 1294 1190 1328 quorum
1211 1282 1454 1316 salvandorum
1473 1289 1551 1330 post
1579 1282 1852 1316 iustificationem
1871 1294 1931 1328 per
1949 1283 2048 1316 Chri—

370 1344 458 1371 stum
487 1339 518 1371 in
547 1338 632 1374 lide.
655 1351 731 1384 spes
757 1346 841 1373 erat.
871 1341 937 1374 Cur
956 1341 1046 1374 enim
1066 1346 1215 1385 optasset
1241 1339 1336 1373 abire
1363 1341 1396 1373 in
1423 1340 1562 1374 exitium
1588 1341 1689 1374 etiam
1709 1340 1862 1374 ethnicos
1881 1340 1940 1385 qui
1959 1351 2046 1373 non-

370 1396 452 1429 dum
481 1396 582 1431 tidem
610 1398 855 1442 susceperant?

836 1463 1034 1486 ”esteten-ium
1052 1470 1225 1491 pauperum
1240 1464 1399 1486 exaudivit
1418 1464 1579 1486 Dominus.

464 1512 537 1545 Hoc
556 1518 629 1545 erat
649 1513 804 1558 ipsorum
825 1519 944 1546 ‘votum
957 1539 964 1551 ‚
988 1524 1112 1558 nempe
1139 1519 1175 1546 ut
1200 1512 1324 1546 futuris
1342 1512 1436 1557 digni
1457 1513 1578 1546 tierent
1597 1512 1708 1546 bonis.
1738 1512 1791 1546 Ol)
1810 1513 1935 1546 horum
1953 1514 2045 1547 enim

366 1569 657 1612 expectationem,
680 1569 722 1602 ad
742 1570 856 1603 onmia
876 1570 1036 1615 patienda
1056 1581 1116 1603 cor
1134 1568 1392 1614 comparabant.
1416 1569 1480 1603 Sed
1501 1568 1642 1603 fortasse
1661 1569 1750 1603 dicet
1769 1569 1909 1614 aliquis:
1931 1569 2044 1614 quod-

367 1636 447 1658 nam
473 1632 543 1659 erat
571 1627 636 1660 hoc
662 1627 869 1661 desiderium
897 1628 987 1673 apud
1008 1639 1066 1661 eos
1085 1628 1143 1672 qui
1171 1627 1283 1661 adhuc
1308 1628 1343 1660 in
1368 1638 1486 1660 errore
1511 1626 1760 1660 versabantur?
1786 1627 2043 1672 Respondemus

367 1692 466 1725 ergo,
488 1683 582 1727 quod
602 1682 744 1717 brachio
767 1683 918 1729 improbi
938 1685 1086 1718 contrito
1099 1710 1106 1722 ,
1129 1685 1187 1729 qui
1207 1695 1276 1717 non
1297 1685 1363 1717 iam
1383 1695 1458 1721 eos,
1481 1690 1516 1717 ut
1536 1683 1620 1717 olim
1639 1684 1674 1716 in
1693 1685 1884 1729 ignorantia
1904 1685 1964 1717 Dei
1982 1683 2043 1717 de—

367 1738 492 1772 tinebat
507 1765 514 1774 .
537 1747 675 1773 vocatae
701 1747 777 1773 sunt
806 1748 922 1786 gentes
948 1741 990 1775 ad
1010 1741 1218 1775 desiderium
1244 1741 1503 1785 consequendae
1522 1752 1582 1786 per
1600 1741 1772 1774 Christum
1796 1741 1931 1777 salutis,
1953 1741 2043 1774 veri-

368 1801 538 1841 tatemque
564 1798 834 1842 agnoscendam,
856 1806 888 1832 et
915 1800 1130 1844 paratissimo
1156 1799 1197 1832 ad
1225 1799 1435 1832 credendum
1463 1799 1492 1832 ei
1519 1799 1622 1832 corde
1649 1798 1799 1832 fuerunt.

759 1865 904 1887 ludioni-e
922 1865 1044 1892 pupillo
1060 1868 1091 1887 et
1109 1865 1240 1892 immin,
1257 1872 1294 1887 ne
1311 1865 1382 1892 quis
1400 1865 1485 1887 ultra
1503 1871 1533 1887 se
1550 1865 1654 1887 iactet.

461 1913 654 1947 Secundum
682 1926 763 1948 xero
789 1926 983 1960 anagogen,
1005 1914 1120 1948 xerbis
1143 1929 1157 1945 «
1181 1926 1310 1960 pauper
1336 1921 1369 1948 et
1395 1914 1535 1948 humilis
1557 1928 1572 1945 »
1595 1914 1833 1959 intelliguntur
1859 1914 1971 1948 adhuc
1989 1914 2042 1948 in-

364 1969 508 2003 creduli.
538 1971 598 2004 His
623 1978 716 2016 optat
746 1971 817 2005 fieri
846 1973 992 2005 iudicem
1020 1972 1211 2009 Christum,
1233 1973 1290 2016 qui
1318 1973 1474 2005 Satanam
1501 1971 1659 2009 damnet,
1681 1972 1843 2017 deceptos
1866 1977 1978 2005 autem
1997 1971 2040 2005 ab

365 2026 429 2059 hoc
457 2027 625 2061 iustificet.
656 2031 729 2063 Hoc
755 2031 844 2063 enim
872 2037 1029 2075 peracto,
1052 2031 1117 2063 iam
1145 2031 1250 2063 homo
1277 2030 1309 2063 in
1338 2036 1425 2063 terra
1453 2042 1520 2063 non
1548 2029 1768 2075 gloriabitur:
1790 2030 1859 2063 sive
1884 2030 1957 2074 ipse
1982 2029 2040 2063 Sa-

365 2089 458 2117 tanas
484 2084 631 2119 hominis
651 2088 790 2120 nomine
810 2087 1028 2132 indigitetur,
1051 2094 1194 2132 propter
1213 2087 1348 2120 insitam
1374 2088 1403 2120 ei
1431 2086 1660 2120 debilitatem:
1684 2086 1767 2119 nihil
1787 2087 1879 2119 enim
1898 2091 2040 2131 prorsus

364 2141 435 2186 ipse
461 2148 510 2175 est
537 2154 617 2188 prae
637 2144 696 2177 Dei
716 2144 932 2177 fortitudine:
957 2146 1025 2177 sive
1045 2145 1098 2178 vel
1118 2144 1317 2189 simpliciter
1336 2144 1547 2189 intelligatur
1565 2144 1773 2189 quicumque
1793 2143 1899 2176 homo
1917 2142 2040 2176 diabo-

364 2198 447 2232 licae
473 2200 643 2245 nequitiae
670 2202 824 2234 minister
842 2202 896 2239 tit,
921 2208 1021 2246 atque
1041 2203 1112 2235 eius
1132 2201 1349 2235 voluntatum
1370 2202 1647 2234 instrumentum.
1676 2202 1790 2234 Homo
1810 2201 1901 2234 enim
1920 2200 2039 2234 huius—

363 2255 474 2294 modi,
496 2257 562 2290 iam
590 2257 732 2290 ulterius
758 2270 827 2291 non
853 2258 1057 2303 gloriabitur
1084 2259 1126 2292 de
1153 2259 1295 2292 xictoria
1321 2265 1440 2292 contra
1460 2258 1679 2292 infirmiores.
1708 2259 1843 2292 Utinam
1862 2258 1919 2292 det
1938 2257 2037 2292 nobis

363 2324 501 2358 quoque
526 2315 616 2348 Deus
635 2315 810 2349 debellare
830 2317 863 2349 in
883 2317 1026 2350 occultis
1045 2316 1261 2350 insidiantem
1287 2316 1445 2355 beluam,
1469 2323 1507 2350 ut
1533 2317 1566 2350 in
1590 2322 1767 2362 posterum
1788 2316 1922 2350 nullum
1947 2316 2035 2350 hosti

364 2370 407 2403 de
433 2371 559 2406 damno
586 2379 705 2406 nostro
731 2373 894 2418 gaudium
920 2374 1083 2418 supersit!

1041 2471 1270 2509 PSALMUS
1302 2473 1351 2508 X.

673 2555 711 2578 In
729 2556 861 2578 nomino
878 2555 1008 2579 confisus
1025 2562 1105 2581 sum3
1123 2542 1271 2582 quomodo
1288 2557 1394 2578 dicitis
1410 2557 1534 2579 animae
1550 2557 1650 2579 meae?
1666 2558 1723 2579 etc.

459 2603 604 2637 Evidens
629 2611 679 2638 est
706 2605 899 2650 psalmistae
925 2616 1069 2650 s‹·opus;
1090 2616 1168 2638 nam
1196 2616 1230 2638 se
1257 2604 1424 2638 confisum
1452 2606 1485 2639 in
1511 2607 1659 2640 Domino
1685 2605 1855 2639 adfirmat.
1885 2604 1948 2644 Qui
1972 2615 2032 2637 au-

364 2664 431 2691 tem
452 2663 603 2704 sequitur
621 2663 811 2696 versiculus
836 2663 949 2696 varios
968 2662 1067 2695 nobis
1087 2673 1203 2695 sensus
1222 2663 1428 2707 suppeditat.
1451 2664 1539 2696 Parit
1559 2664 1650 2696 enim
1670 2663 1917 2708 suspicionem,
1938 2660 2029 2706 psal-

364 2717 496 2750 mistam
523 2720 650 2765 alloqui
678 2722 863 2755 nonnullos
876 2748 883 2760 ,
905 2728 935 2755 et
956 2722 1051 2767 quasi
1070 2721 1273 2766 increpitare
1293 2720 1483 2754 dicentibus
1501 2720 1584 2755 sibi:
1607 2721 1808 2768 transmigra
1827 2720 1861 2753 in
1880 2724 2026 2752 montes.

460 2849 492 2877 ξι,
515 2845 545 2871 ln
565 2854 661 2880 graeco
682 2852 755 2876 textu
774 2849 933 2884 suppleatur
952 2850 1081 2884 ἁμαρτία,
1101 2854 1267 2883 quamquain
1289 2846 1363 2874 deest
1382 2847 1411 2874 in
1431 2845 1531 2874 codiee.
