2205 3177
429 196 473 227 30
929 200 956 222 S.
985 200 1111 222 CYRILLI
1137 199 1356 222 ALEXANDRINI
1383 200 1590 224 EerANATlo

235 278 289 295 cii.
305 274 341 295 xt.
360 276 388 294 ιι.
710 268 785 291 Dico
803 269 918 297 Igitur,
936 274 1010 291 num
1026 268 1070 290 sie
1086 268 1289 291 offenderunt
1306 270 1341 292 ut
1357 268 1520 291 raderent?
1536 268 1736 296 Nequaquam
1753 273 1809 294 ele.

521 325 624 356 Miror
644 329 734 355 tuam
754 320 1015 366 benignitatem,
1035 320 1056 355 o
1074 321 1152 355 dive
1170 322 1288 360 Paule,
1307 323 1364 367 qui
1385 321 1519 356 divinae
1535 322 1795 373 dispensationis
1812 336 1986 359 sermones
2002 337 2094 371 egre-

426 383 477 427 gie
503 381 701 414 concinnas:
729 379 907 412 contendis
931 379 1022 412 enim
1041 390 1108 412 non
1133 390 1207 413 eam
1226 378 1272 412 ob
1295 390 1430 412 causam
1457 378 1610 413 ethnicos
1630 379 1730 414 fuisse
1754 388 1909 421 vocatos,
1938 388 1975 416 ut
1995 385 2090 417 omni

268 453 303 470 ω.
319 457 340 475 μ.
355 453 387 471 ω,
426 450 504 483 erga
531 439 636 470 Deum
660 448 719 482 spe
745 436 939 487 exciderent
964 436 1176 475 Israhelitae,
1198 443 1378 482 postquam
1406 437 1440 470 in
1461 436 1632 470 Christum
1658 448 1719 471 ceu
1745 437 1893 483 lapidem
1918 440 2090 485 quendam

424 497 653 539 impegerant;
676 493 734 527 sed
753 499 790 527 ut
811 494 923 540 potius
949 494 1158 528 aemulantes
1178 506 1236 528 cos
1250 520 1257 531 ,
1279 494 1337 539 qui
1364 494 1536 539 insperato
1554 494 1681 539 recepti
1706 493 1856 535 fuerant,
1877 496 2091 531 dediscerent

424 552 618 588 inhonesta,
640 557 673 585 et
690 551 833 585 meliora
853 562 972 596 sapere
991 551 1118 585 vellent
1134 563 1237 597 quam
1256 557 1369 588 antea.
1394 557 1494 596 atque
1515 552 1560 584 ita
1584 551 1839 597 redemptorem
1856 553 2087 589 admitterent.

425 611 507 643 Rem
527 608 622 642 brevi
647 608 805 654 exemplo
830 608 1034 642 confirmare
1053 608 1176 654 placet.
1206 608 1382 642 Interdum
1403 608 1519 642 accidit
1544 613 1581 641 ut
1607 609 1703 653 parvi
1725 608 1987 656 impuberesque
2007 623 2091 657 pue—

424 667 471 703 ri.
499 677 670 711 congruos
693 667 791 699 aetati
817 678 896 699 suae
921 666 1032 700 luctus
1058 667 1260 710 suscipiant;
1289 671 1389 711 atque
1415 666 1459 699 ita
1486 677 1504 699 a
1531 672 1626 711 patre
1645 665 1698 699 vel
1726 672 1832 700 matre
1858 667 2086 713 aufugientes,

424 724 578 757 lacrimas
604 724 714 757 oculis
736 723 827 757 haud
855 723 1108 757 dissimulanter
1133 722 1323 756 effundant.
1354 724 1392 756 Et
1416 735 1496 757 sane
1522 723 1613 757 haud
1638 735 1759 769 parum
1783 731 1943 769 parentes
1963 727 2091 760 contri-

423 787 528 819 stant,
557 787 659 827 prout
687 781 752 814 fert
780 782 897 815 insitus
923 793 1003 826 erga
1029 780 1156 814 liberos
1184 791 1299 813 amor:
1327 787 1563 814 verumtamen
1593 787 1630 814 ut
1657 779 1699 814 ab
1726 780 1909 817 acerbitate
1933 782 1992 816 illa
2018 783 2090 818 ine-

423 839 569 884 ptiisque
588 850 646 872 eos
668 838 790 871 callide
812 844 990 876 revocent,
1019 848 1165 882 puerum
1185 837 1289 870 alium
1308 836 1396 870 sorte
1420 844 1656 872 occurrentem
1683 837 1725 872 ad
1744 850 1780 873 se
1806 839 2026 884 pertrahunt,
2047 846 2091 874 at-

422 907 489 940 que
515 895 592 929 huic
619 907 677 929 sua
702 895 902 929 munuscula
929 894 1128 932 conferunt,
1157 893 1420 927 aemulationem
1447 896 1495 929 sic
1521 896 1720 934 excitantes,
1748 902 1849 942 atque
1871 896 1914 930 ad
1938 896 2090 932 reditum

423 959 669 998 parentumque
694 964 845 986 amorem
872 958 1081 986 revocantes.
1112 952 1159 985 lta
1185 950 1256 984 fere
1279 963 1313 984 se
1337 963 1428 985 nunc
1453 953 1561 986 Deum
1588 953 1745 998 gessisse,
1768 951 1811 987 'ut
1834 965 1897 999 ego
1921 953 2088 994 arbitror,

423 1011 522 1044 divus
548 1011 670 1045 Paulus
695 1010 793 1049 dicit,
822 1022 863 1043 ne
889 1009 1091 1048 israhelem,
1120 1014 1335 1054 peccatorem
1360 1009 1454 1048 licet,
1483 1009 1665 1056 desperare
1691 1012 1916 1057 permitteret.

316 1083 335 1096 ι.
353 1080 383 1098 η
863 1075 952 1101 Quod
968 1076 994 1097 si
1011 1074 1117 1102 lapsus
1132 1074 1278 1102 illorum,
1293 1074 1424 1097 divitiae
1440 1076 1513 1097 sunt
1528 1076 1648 1098 mundi.

513 1126 550 1158 ‘Si
575 1126 684 1162 enim,
706 1125 833 1169 inquit,
855 1124 998 1170 adeptus
1016 1130 1067 1157 est
1084 1123 1234 1157 mundus
1251 1124 1311 1157 Dei
1330 1124 1474 1169 gratiam
1496 1130 1639 1169 propter
1662 1125 1820 1158 Israhelis
1844 1125 2088 1163 offensionem;

423 1189 455 1216 et
479 1183 558 1228 quia
577 1182 630 1215 hic
649 1181 739 1215 bona
759 1188 872 1215 mente
895 1188 1003 1221 caret,
1025 1181 1196 1227 adsumpti
1222 1187 1301 1215 sunt
1326 1181 1472 1220 ethnici3
1499 1192 1667 1226 quaenam
1692 1182 1758 1214 iam
1783 1182 1938 1226 ipsorum
1955 1181 2092 1215 adsum-

423 1241 494 1286 ptio
520 1241 602 1279 erit,
631 1240 694 1273 nisi
721 1240 852 1285 ereptio
877 1252 895 1273 a
918 1246 1049 1278 morte,
1076 1246 1109 1273 et
1132 1251 1172 1272 ex
1198 1239 1344 1273 mortuis
1368 1238 1411 1272 ad
1435 1239 1541 1274 vitam
1565 1238 1760 1273 revocatio?

315 1313 334 1327 ν.
352 1310 382 1328 ts.
790 1305 886 1332 siquo
904 1306 991 1328 modo
1007 1305 1048 1328 ad
1064 1305 1285 1328 aemulandum
1301 1311 1459 1332 provocem
1475 1311 1601 1328 earnem
1615 1311 1725 1327 meam.

516 1356 659 1389 Carnem
680 1356 857 1402 propriam
876 1356 992 1389 denuo
1011 1355 1162 1401 appellat
1180 1355 1381 1394 israhelem,
1401 1356 1470 1389 sive
1488 1366 1589 1389 suum
1607 1354 1795 1389 secundum
1814 1354 2090 1399 carnem-genus.

420 1414 468 1447 Ac
495 1414 521 1446 si
550 1413 659 1446 dicat:
688 1413 854 1458 inclytum
881 1419 915 1447 et
941 1413 1055 1458 magni
1082 1412 1182 1457 pretii
1212 1412 1351 1458 Deoque
1378 1412 1591 1446 carissimum
1618 1411 1848 1458 apostolatum
1876 1421 1992 1445 meum
2020 1422 2094 1444 esse

420 1472 492 1509 aio,
520 1476 553 1504 et
577 1470 737 1504 omnibus
763 1471 821 1516 qui
849 1470 913 1504 sub
938 1470 1009 1504 sole
1036 1469 1167 1515 degunt
1192 1469 1430 1517 utilissimum;
1458 1481 1570 1515 neque
1593 1469 1629 1503 id
1655 1468 1701 1503 ob
1728 1480 1803 1503 eam
1829 1479 1965 1502 causam
1991 1468 2089 1507 dico,

421 1535 457 1562 ut
481 1539 568 1562 vano
587 1528 735 1567 honore,
756 1529 1012 1573 incongruaque
1037 1538 1164 1573 pompa
1190 1532 1291 1572 caput
1314 1538 1429 1560 meum
1454 1526 1574 1560 videar
1598 1537 1740 1565 ornare;
1767 1525 1827 1560 sed
1842 1532 1887 1570 *ut
1909 1537 2021 1560 meam
2039 1538 2093 1560 se-

421 1585 571 1619 cundum
593 1597 730 1619 carnem
751 1591 884 1630 gentem
904 1585 1045 1619 salvem.
1067 1586 1119 1618 Sic
1142 1585 1304 1618 nimirum
1324 1583 1534 1622 Israhelitas,
1557 1583 1698 1617 stimulo
1721 1582 1843 1621 veluti,
1865 1582 2092 1618 aemulatione

423 1654 655 1688 compungens
679 1649 779 1687 atque
802 1643 943 1676 incitans
969 1648 1007 1675 ut
1032 1652 1094 1687 per
1117 1640 1240 1675 Christi
1265 1641 1409 1685 gratiam
1434 1639 1613 1674 iustificari·
1635 1640 1754 1674 velint.

315 1714 335 1729 v.
350 1712 383 1729 23.
591 1708 694 1731 Donec
710 1708 873 1736 plenitudo
889 1708 1031 1738 gentium
1046 1708 1199 1734 intraret,
1215 1708 1309 1733 atque
1325 1706 1370 1728 ita
1388 1706 1550 1728 universus
1566 1705 1689 1728 Israhel
1705 1705 1809 1728 salvus
1824 1705 1922 1729 fleret.

516 1758 590 1792 Hoc
616 1769 734 1791 rursus
762 1757 922 1803 pervide,
951 1763 986 1790 et
1011 1756 1202 1789 considera.
1230 1756 1286 1788 Ait
1312 1755 1403 1788 enim
1430 1754 1504 1788 fore
1530 1760 1567 1788 ut
1593 1755 1745 1800 gentium
1772 1754 1952 1800 plenitudo
1977 1756 2093 1801 ingre—

422 1813 552 1852 diatur.
581 1821 611 1848 et
638 1816 816 1848 universus
840 1813 967 1848 Israhel
985 1813 1147 1847 salvetur.
1169 1813 1272 1859 Atqui
1299 1812 1363 1845 hoc
1387 1812 1465 1846 Ioco
1490 1812 1659 1858 quispiam
1680 1811 1822 1846 fortasse
1845 1812 1952 1846 dicet:
1973 1813 2092 1859 utique

422 1872 519 1905 multi
547 1872 671 1905 ethnici
697 1872 732 1905 in
751 1871 951 1905 infidelitate
970 1877 1049 1904 sunt
1075 1871 1223 1908 mortui;
1251 1869 1429 1914 quomodo
1451 1880 1534 1914 ergo
1558 1868 1740 1915 plenitudo
1759 1870 1912 1914 gentium
1938 1870 2091 1904 introiit?

420 1929 484 1962 Sed
511 1940 554 1962 ne
579 1936 720 1963 cunctus
743 1928 883 1974 quidem
903 1928 1029 1962 Israhel
1054 1927 1259 1966 salvabitur,
1288 1927 1314 1960 si
1332 1933 1422 1960 certe
1447 1938 1568 1960 verum
1590 1932 1659 1965 est,
1682 1926 1754 1960 fore
1779 1933 1817 1960 ut
1841 1927 2026 1972 iniquitatis
2051 1927 2093 1961 fi-

220 1987 383 2033 wast-'3221
422 1985 505 2020 lium
533 1985 646 2020 Iudaei
667 1987 847 2032 recipiant,
868 1985 990 2019 Christi
1016 1996 1132 2019 amore
1151 1990 1361 2030 contempto.
1391 1984 1465 2018 Hoc
1488 1984 1580 2017 enim
1606 1984 1749 2030 ipsemet
1771 1984 1856 2018 dixit
1874 1985 1905 2017 ⁶:
1928 1995 1992 2030 ego
2015 1986 2092 2019 veni

421 2043 456 2076 in
483 2043 621 2077 nomine
647 2044 752 2089 patris
776 2044 859 2082 mei,
885 2055 948 2077 nec
974 2054 1028 2076 me
1053 2042 1214 2088 recipitis.
1242 2042 1274 2075 Si
1300 2042 1385 2075 alius
1409 2041 1444 2074 in
1472 2042 1616 2087 proprio
1643 2042 1781 2075 nomine
1806 2042 1955 2081 venerit,
1979 2042 2092 2087 ipsum

195 2100 339 2146 :fumosa
355 2100 382 2122 ¹¹-
421 2100 600 2145 recipietis.
630 2101 805 2134 Praeterea
831 2101 1097 2146 sapientissimus
1122 2099 1245 2133 Paulus
1270 2099 1314 2132 ait
1340 2099 1368 2132 ἐ
1396 2099 1476 2144 quia
1500 2099 1652 2133 veritatis
1676 2110 1828 2133 amorem
1853 2110 1923 2133 non
1948 2099 2092 2133 admise-

422 2164 518 2196 runt,
540 2164 575 2192 ut
602 2158 685 2192 salvi
712 2158 853 2197 fierent;
882 2158 959 2192 ideo
985 2159 1137 2192 immittit
1162 2158 1196 2190 in
1223 2169 1281 2191 eos
1309 2158 1398 2191 Deus
1425 2157 1661 2202 operationem
1685 2158 1830 2196 erroris,
1851 2163 1889 2190 ut
1912 2157 2092 2191 mendacio

421 2215 572 2250 credant.
589 2215 678 2256 Quid
699 2227 782 2262 ergo
800 2216 841 2249 ad
861 2215 943 2249 haec
962 2215 1136 2249 dicemus?
1155 2216 1321 2254 Dicimus,
1339 2214 1434 2260 quod
1452 2214 1617 2248 offerente
1635 2215 1708 2248 Deo
1726 2213 1913 2248 liberaliter
1932 2213 2092 2248 omnibus

420 2271 499 2306 fidei
518 2274 681 2317 gratiam,
703 2278 735 2306 et
755 2274 927 2307 neminem
946 2285 1087 2319 prorsus
1106 2272 1327 2311 excludente,
1347 2272 1431 2318 quid
1450 2272 1483 2305 ni
1510 2272 1660 2317 ingressa
1680 2271 1781 2305 fuerit
1805 2272 1985 2318 plenitudo
2008 2283 2092 2318 gen—

420 2330 522 2367 tium,
542 2337 709 2376 quantum
733 2337 825 2364 certe
850 2330 979 2364 adtinet
1006 2331 1049 2363 ad
1074 2330 1227 2363 vocantis
1251 2336 1399 2363 mentem
1427 2329 1664 2375 scopumque‘?
1690 2331 1766 2363 Non
1792 2330 1884 2362 enim
1908 2336 2091 2376 propterea

419 2387 512 2432 quod
538 2387 696 2421 nonnulli
721 2394 842 2433 sponte
869 2387 1068 2421 exciderunt
1093 2387 1292 2431 donumque
1313 2386 1528 2424 abiecerunt,
1553 2386 1682 2421 idcirco
1709 2386 1828 2420 falsam
1852 2386 2092 2432 deprehende—

419 2456 494 2478 mus
516 2456 629 2479 sacrae
655 2446 842 2491 scripturae
869 2444 1160 2478 adfirmationem:
1189 2455 1266 2477 cum
1292 2444 1382 2477 enim
1410 2442 1533 2477 oblatis
1559 2444 1664 2478 semel
1686 2443 1786 2478 bonis
1805 2444 1908 2490 potiri
1934 2451 2089 2490 possent.

420 2503 646 2537 voluntariam
665 2508 783 2536 contra
802 2502 956 2535 fecerunt
983 2502 1196 2547 apostasiam.
1226 2502 1316 2545 Ergo
1340 2507 1507 2546 quantum
1535 2501 1664 2535 adtinet
1690 2501 1733 2535 ad
1759 2501 1913 2538 vocantis
1936 2500 2091 2548 benigni-

421 2564 521 2592 tatem
547 2561 806 2604 caritatemque,
830 2565 863 2593 et
890 2558 1071 2605 plenitudo
1096 2558 1247 2603 gentium
1274 2559 1423 2596 introiit,
1444 2565 1477 2592 et
1506 2559 1686 2593 universus
1712 2559 1840 2605 pariter
1867 2559 2015 2593 salvatus
2041 2565 2092 2593 est

422 2616 563 2650 Israhel:
591 2617 650 2651 sed
678 2623 844 2662 quatenus
870 2615 1140 2650 inconvertibilis
1164 2617 1304 2654 mansit,
1334 2628 1412 2661 pars
1440 2623 1530 2650 certe
1556 2618 1628 2651 eius
1652 2618 1844 2656 excaecata,
1871 2618 1998 2662 inquit,
2025 2623 2086 2651 est.

316 2691 335 2705 v.
351 2689 383 2706 ξι).
860 2682 961 2705 sicuti
977 2682 1128 2709 scriptum
1143 2683 1202 2704 est:
1220 2682 1321 2704 veniet
1336 2688 1371 2704 ex
1388 2682 1464 2705 Sion
1482 2682 1646 2705 uben-ntor.

515 2731 614 2771 Quod
642 2733 785 2766 reiectus
811 2743 950 2777 quoque
981 2731 1108 2765 Israhel
1136 2730 1318 2764 salvandus
1346 2738 1463 2777 postea
1490 2743 1552 2778 per
1579 2738 1734 2778 tempora
1763 2732 1825 2770 sit,
1853 2742 1948 2776 spem
1977 2729 2087 2762 firmat

424 2798 518 2820 sacro
545 2788 679 2833 prolato
705 2790 858 2824 oraculo.
887 2792 1015 2836 Reapse
1041 2791 1131 2824 enim
1156 2796 1308 2835 tempore
1335 2801 1397 2824 suo
1425 2789 1612 2824 salvabitur
1638 2789 1783 2829 Israhel,
1812 2794 1985 2834 postremo
2011 2785 2088 2819 loco

424 2844 595 2877 vocandus
622 2852 697 2890 post
724 2848 877 2891 gentium
904 2848 1131 2881 vocationem.
