2205 3177
135 305 141 311 ·
159 300 223 322 Rom.
239 301 267 323 Μ
298 304 325 321 is.

369 214 407 247 'tl
863 222 891 244 S.
920 221 1046 244 cuitu!
1073 221 1293 244 AtAExANntuNt
1320 221 1523 244 t-:xt’LANATto

367 301 442 323 rum
471 287 692 333 apostolatui.
715 292 815 330 atque
841 285 906 319 hoc
933 287 1076 319 sortitus·
1096 292 1143 319 est
1172 287 1418 322 ministerium.
1441 293 1543 332 prout
1570 287 1640 333 ipse
1667 293 1805 322 testatur
1825 287 1975 322 scribens
1996 289 2025 321 ':

363 364 376 376 μ
401 345 565 392 quamdin
591 355 656 388 ego
684 344 837 388 gentium
865 354 939 376 snm
968 343 1161 388 apostolus.
1185 345 1410 377 ministerium
1433 355 1547 378 meum
1572 344 1740 389 glorifico.
1767 360 1782 377 »
1804 347 1894 390 Ergo
1914 346 2028 380 distri—

361 403 432 437 buit
453 402 593 448 qnidcm
614 401 704 434 tilius
724 401 927 437 ministeria.
948 412 1020 434 rem
1041 412 1125 435 vcro
1144 403 1252 447 ipsam
1271 407 1433 447 operatur
1455 407 1622 447 potestate
1638 414 1697 436 sua
1712 403 1855 449 Spiritus
1874 410 2025 439 sanctus:

360 461 502 505 Spiritus
520 459 611 492 enim
634 458 694 491 titii
720 464 782 491 est.
811 459 900 498 Quin
920 458 1006 491 adeo
1026 459 1192 492 virtutum
1213 470 1351 505 quoque
1370 460 1606 504 operationes.
1627 459 1663 493 id
1682 466 1731 493 est
1755 460 1844 493 edita
1872 472 1933 506 per
1951 473 2025 495 san-

358 523 430 551 ctos
457 516 636 553 miracula.
660 515 751 549 idem
777 515 877 549 nobis
904 515 1041 549 conticit
1066 517 1167 550 Deus.
1196 518 1322 551 Cuncta
1346 518 1454 555 enim,
1483 523 1519 550 nt
1546 516 1634 553 dixi.
1660 528 1677 551 a
1705 523 1801 562 patre
1828 530 1890 563 per
1918 518 2026 552 tilium

218 596 227 607 r
262 596 265 606 .
360 577 393 609 in
418 576 562 620 Spiritu:
584 581 615 608 ct
637 575 670 607 in
689 572 850 608 omnibus
874 580 964 608 recte
985 574 1080 608 factis
1105 574 1352 612 sanctificatur,
1374 581 1404 608 et
1432 574 1732 609 consubstantialis
1754 576 1897 609 Trinitas
1921 576 2027 621 glori-

160 876 216 898 ΕΑΓ.
233 875 281 897 xn.
297 880 315 895 2⁷.

121 1284 130 1292 “
146 1282 198 1304 Luc,
212 1281 281 1303 ΜΠ.
297 1285 315 1302 s.

190 2145 226 2161 nr.
241 2148 262 2168 Γ,
280 2145 311 2162 GT.

127 2192 167 2239 ζῐῐ,
183 2193 235 2213 (Γπ,
253 2191 309 2213 ΜΨ.

120 2495 127 2501 “
145 2492 177 2512 1³2.
192 2491 267 2512 XLlVv
283 2494 311 2511 Ι-ν.

358 632 489 666 ticatnr.
519 631 764 664 Animadverte
783 632 894 667 enim,
915 631 1094 676 quomodo
1113 633 1228 677 incipit
1251 631 1391 676 quidem
1413 643 1430 665 a
1450 633 1577 677 Spiritu
1591 658 1598 670 ‚
1621 637 1655 665 nt
1677 632 1711 665 in
1730 631 1831 666 nobis
1850 639 2006 667 versante
2019 659 2026 667 .

357 695 387 721 et
409 689 607 722 dixinorum
627 687 800 721 donorum
821 688 963 721 faciente
982 687 1278 721 distributionem:
1300 700 1380 722 mox
1400 689 1593 734 provehens
1613 700 1806 723 sermonem
1830 689 1872 723 ad
1899 688 2026 728 filium,

356 747 413 791 qni
439 752 485 779 est
514 757 631 779 rcxera
658 749 778 779 natura
805 745 912 780 filius.
935 746 981 778 sic
1001 745 1126 778 deinde
1147 745 1297 779 ascendit
1316 745 1358 779 ad
1385 752 1536 792 patrem,
1558 748 1611 780 cui
1638 759 1699 792 per
1724 747 1887 792 Spiritum
1911 758 2029 780 rerum

354 805 589 849 operationem
617 803 789 836 mediante
817 801 889 836 lilio
916 801 1080 836 adtribuit
1104 803 1162 847 (1).

871 868 975 891 Alter!
993 870 1098 891 mitem
1116 868 1190 890 fides
1207 869 1240 890 tn
1258 869 1362 892 eodem
1378 868 1512 896 spiritu.

452 923 550 957 Fides
575 923 639 956 hoc
664 922 759 960 loco,
789 927 825 955 ut
850 933 914 967 ego
941 920 1110 960 arbitror,
1140 928 1189 955 est
1217 923 1250 955 in
1271 923 1394 967 quovis
1419 929 1511 957 recte
1538 923 1645 963 facto,
1675 929 1779 969 prout
1797 923 1887 956 Deus
1911 921 2029 955 volne-

355 981 417 1017 rit,
439 981 639 1015 constantia.
668 981 720 1013 Sic
744 979 836 1012 enim
856 980 1005 1013 extitisse
1031 978 1170 1013 fidelem
1194 979 1341 1013 dicimus
1360 980 1394 1013 in
1420 981 1576 1014 universa
1601 980 1707 1015 domo
1733 981 1805 1014 eius
1825 979 2030 1025 hierophan—

354 1044 422 1072 tem
449 1039 600 1082 Moysen.
631 1038 749 1081 Neque
775 1037 866 1069 enim
888 1035 972 1069 sides
990 1047 1027 1070 ea
1048 1042 1180 1070 tantum
1201 1036 1404 1082 intelligitur
1425 1043 1458 1070 et
1483 1038 1698 1076 nominatur,
1727 1049 1851 1083 nempe
1876 1048 1943 1082 qua
1963 1048 2030 1070 cre-

354 1096 436 1130 dere
460 1101 597 1141 oportet
625 1106 730 1128 unum
752 1105 823 1127 esse
851 1105 931 1127 vere
958 1100 988 1127 et
1017 1094 1220 1128 naturaliter
1246 1095 1403 1128 omnium
1429 1095 1557 1133 Deum.
1585 1107 1707 1129 verum
1734 1096 1836 1128 etiam
1854 1105 1941 1140 quae
1959 1095 2029 1127 ani-

354 1164 444 1187 mam
471 1154 504 1186 in
533 1158 623 1186 reeta
649 1152 766 1185 semita
794 1152 963 1190 continet,
993 1158 1259 1197 promptamque
1284 1151 1399 1186 reddit
1421 1151 1464 1186 ad
1487 1151 1736 1186 ambulandum
1763 1163 1841 1185 eum
1860 1153 1950 1190 Deo,
1980 1163 2030 1184 sc-

355 1210 506 1244 cnndum
536 1209 726 1255 prophetae
745 1208 889 1242 dictum.
918 1209 1016 1242 Certe
1042 1209 1112 1242 divi
1133 1209 1292 1255 discipuli
1318 1209 1506 1255 aliquando
1532 1215 1745 1243 accesserunt
1769 1208 1811 1242 ad
1837 1208 2027 1246 Christum,

356 1274 472 1313 aperte
491 1267 643 1300 dicentes
663 1267 693 1298 ':
716 1265 846 1311 adauge
872 1265 972 1299 nobis
1000 1265 1118 1299 tidem.
1145 1267 1250 1300 Datae
1268 1273 1347 1300 sunt
1374 1267 1515 1312 insuper
1541 1267 1623 1312 ipsis
1648 1268 1776 1312 gratiae
1795 1265 1977 1299 sanitatum
1995 1264 2030 1297 in

354 1325 477 1359 eodem
497 1324 636 1370 Spiritu.
666 1324 705 1356 Et
727 1334 863 1356 meeum
889 1334 1009 1357 rursus
1029 1329 1126 1357 acute
1147 1323 1339 1357 considera.
1365 1324 1456 1357 Dum
1482 1324 1575 1357 enim
1593 1324 1719 1358 dieitur
1741 1323 1885 1368 Spiritus
1905 1322 2030 1367 gratias

353 1383 535 1416 sanitatum
555 1380 781 1419 distribuere,
803 1380 956 1414 Christus
975 1380 1077 1414 dator
1100 1391 1220 1413 earum
1242 1386 1312 1413 est:
1334 1392 1482 1426 namque
1508 1382 1581 1426 ipse
1607 1380 1772 1427 apostolis
1790 1379 1914 1413 sanctis
1934 1385 2030 1424 pote—

352 1446 473 1474 statem
497 1441 653 1485 impuros
678 1438 819 1484 spiritus
839 1437 1036 1483 expellendi
1057 1437 1168 1476 dedit,
1191 1438 1322 1482 aitque:
1345 1436 1503 1471 infirmos
1521 1444 1654 1476 curate,
1678 1443 1834 1471 mortuos
1852 1437 2028 1472 suscitate,

353 1498 508 1544 leprosos
528 1497 710 1535 mundate,
728 1495 910 1530 daemonia
927 1495 1054 1533 eiicite,
1071 1496 1176 1540 gratis
1194 1495 1389 1540 accepistis,
1412 1496 1517 1540 gratis
1536 1495 1631 1534 date3
1649 1501 1886 1529 verumtamen
1907 1494 1941 1527 in
1960 1505 2030 1527 uno

351 1557 490 1602 Spiritu.
519 1555 623 1589 Sicuti
643 1554 785 1600 proiecit
802 1553 936 1597 Moyses
955 1553 1090 1597 virgam
1108 1552 1224 1587 humi,
1248 1552 1403 1597 factaque
1427 1559 1478 1587 cst
1498 1564 1657 1599 serpens,
1679 1552 1824 1586 mutavit
1842 1553 1875 1584 in
1894 1552 2029 1596 sangui-

351 1625 430 1647 nem
455 1613 595 1652 fluvios,
618 1623 742 1657 aquam
768 1612 811 1645 de
833 1609 948 1656 lapide
974 1610 1102 1644 elicuit.
1132 1609 1284 1643 Plurima
1307 1620 1408 1649 vero,
1431 1621 1519 1655 quae
1546 1622 1608 1644 nee
1633 1611 1712 1644 satis
1740 1619 1942 1643 enumerare
1968 1620 2030 1641 nec

351 1672 469 1704 mirari
494 1681 697 1716 possumus,
720 1668 811 1702 beati
829 1667 1021 1714 prophetae
1042 1672 1263 1713 peregerunt.
1285 1667 1354 1700 Has
1375 1677 1437 1700 nos
1457 1667 1602 1700 dicimus
1620 1668 1787 1700 virtutum
1810 1666 2029 1711 operationes

351 1730 386 1762 in
413 1740 482 1762 uno
509 1729 648 1774 Spiritu.
678 1727 744 1761 Sed
769 1733 801 1760 et
829 1726 916 1760 alius
943 1725 1114 1771 quispiam
1139 1724 1342 1770 prophetat,
1363 1736 1434 1758 non
1461 1730 1574 1759 tamen
1594 1724 1723 1770 absque
1749 1724 1888 1770 Spiritu.
1917 1722 2027 1757 Habet

352 1786 438 1820 alius
464 1787 647 1831 spirituum
666 1795 806 1829 quoque
825 1783 1067 1821 discretiones,
1089 1782 1149 1816 sed
1169 1788 1199 1815 et
1223 1782 1277 1815 hic
1299 1782 1333 1815 in
1353 1794 1423 1816 uno
1442 1783 1586 1828 Spiritu:
1608 1793 1841 1828 quorumnam
1858 1792 1943 1815 vero
1963 1782 2028 1814 sint

351 1844 575 1877 discretiones
601 1844 805 1889 spirituum,
827 1841 958 1875 dictum
982 1847 1032 1874 est
1055 1846 1165 1874 antea.
1195 1839 1365 1873 Adfirmat
1390 1841 1492 1874 etiam
1518 1840 1634 1874 datam
1655 1840 1728 1873 aliis
1756 1851 1828 1874 esse
1855 1839 2027 1872 variarum

350 1892 509 1947 peritiam
537 1900 753 1945 linguarum,
783 1910 844 1932 nec
865 1910 933 1932 non
962 1897 1266 1943 interpretationis.
1295 1898 1336 1930 Et
1356 1897 1442 1931 hanc
1469 1903 1561 1931 certe
1585 1898 1728 1942 gratiam
1754 1907 1951 1931 concessam
1968 1895 2029 1929 ali-

351 1958 477 2003 quibus
508 1957 654 1991 dicimus
680 1961 879 2001 opportuno
909 1961 1066 2000 tempore
1097 1960 1130 1988 et
1160 1966 1242 1993 usu,
1271 1954 1461 1988 secundum
1489 1954 1694 2000 prudentem
1721 1953 2025 1999 dispensationem.

352 2017 391 2049 Et
417 2016 451 2049 bi
470 2015 612 2061 quidem
632 2015 756 2059 ignotis
783 2013 847 2046 sibi
875 2019 970 2046 antea
1000 2013 1126 2057 linguis
1153 2011 1400 2056 loquebantur,
1427 2018 1459 2046 et
1484 2012 1720 2058 intelligebant
1746 2013 2025 2057 interpretantes,

352 2084 562 2119 quamquam
588 2072 721 2105 nullum
741 2082 862 2105 eorum
880 2070 1129 2104 vocabulorum
1150 2081 1251 2103 usum
1271 2068 1451 2103 haberem.
1475 2067 1633 2103 'Ceterum
1656 2070 1756 2104 divus
1774 2069 1898 2103 Paulus
1917 2068 2027 2102 homi-

352 2130 454 2165 nibus
472 2131 564 2164 illius
584 2130 750 2175 temporis
770 2128 966 2162 facultatem
986 2128 1181 2173 linguarum
1202 2126 1373 2163 attribuit.
1391 2139 1460 2161 non
1480 2127 1562 2161 doni
1582 2127 1677 2166 loco,
1695 2127 1753 2161 sed
1773 2126 1930 2160 miraculi
1948 2125 2028 2159 fide-

350 2189 441 2223 libus
459 2187 644 2221 exhibendi
666 2198 776 2219 causa.
796 2187 836 2219 Et
855 2185 996 2230 quidem
1015 2186 1117 2219 etiam
1137 2185 1379 2230 propheticum
1400 2186 1518 2219 recitat
1534 2185 1713 2219 oraculum
1732 2186 1777 2218 ita
1797 2196 1832 2219 se
1851 2183 1981 2218 habens
1995 2183 2024 2215 ’τ

353 2262 367 2277 «ι
393 2246 582 2292 peregrinis
610 2245 734 2289 linguis
753 2243 941 2287 alienisque
965 2242 1064 2277 labiis
1085 2242 1177 2276 hunc
1204 2242 1373 2288 populum
1401 2243 1576 2287 alloquar,
1598 2249 1631 2276 et
1657 2254 1699 2276 ne
1718 2243 1765 2275 sic
1787 2241 1929 2286 quidem
1954 2252 2026 2274 cre-

349 2304 443 2337 dent.
473 2318 487 2334 »
510 2303 598 2337 Facit
628 2307 742 2335 autem
759 2301 853 2334 varie
872 2301 906 2333 in
925 2300 1067 2345 singulis
1089 2301 1234 2346 Spiritus
1261 2300 1435 2334 donorum
1460 2298 1757 2334 distributionem}
1778 2305 1833 2338 ut,
1855 2299 1942 2332 sicut
1961 2298 2023 2335 ait,

350 2373 502 2395 crassum
523 2360 589 2394 hoc
616 2365 861 2403 terrenumque
880 2369 1007 2402 corpus
1026 2369 1066 2391 ex
1094 2357 1271 2402 particulis
1297 2363 1446 2396 constat,
1469 2358 1516 2391 sie
1540 2358 1642 2391 etiam
1666 2357 1837 2395 Christus,
1858 2358 1929 2390 sive
1953 2356 2026 2389 eius

351 2430 492 2464 corpus,
515 2418 548 2452 id
569 2423 619 2450 est
641 2416 799 2453 ecclesia,
821 2427 862 2449 ex
882 2421 974 2448 tanta
993 2421 1190 2449 sanctorum
1214 2415 1454 2454 multitudine,
1476 2415 1742 2449 intellectualem
1761 2415 1925 2448 unitatem
1946 2425 2025 2459 per—

351 2476 638 2520 fectissimamque
657 2474 897 2519 compaginem
916 2472 1051 2506 habeat.
1072 2472 1153 2506 ldeo
1168 2473 1269 2506 etiam
1285 2473 1385 2506 divus
1399 2473 1508 2506 David
1524 2474 1534 2483 '
1553 2472 1800 2507 circumdatam
1818 2473 1927 2518 ipsam
1943 2471 2024 2505 dicit

351 2536 556 2567 vestimento
575 2539 694 2567 aurato
712 2538 743 2566 et
762 2533 874 2565 vario:
892 2532 955 2570 sic,
972 2537 1007 2564 ut
1027 2531 1195 2570 arbitror,
1212 2532 1398 2577 gratiarum
1412 2533 1614 2566 varietatem
1628 2537 1661 2565 et
1675 2532 1824 2577 pretium
1841 2531 2021 2564 denotans.

663 2599 752 2622 Sicut
768 2599 851 2622 enlm
869 2598 902 2628 (2)
918 2605 1028 2625 corpus
1044 2604 1141 2620 unum
1157 2600 1218 2625 est,
1233 2600 1263 2621 et
1280 2600 1415 2621 membra
1432 2599 1526 2622 habet
1542 2598 1643 2622 multa
1659 2601 1716 2621 ete.

447 2650 624 2684 Coniuncti
650 2651 741 2683 enim
769 2650 915 2683 invicem
943 2659 1080 2687 sumus,
1102 2653 1133 2681 et
1158 2659 1236 2681 cum
1263 2648 1397 2682 Christo
1419 2649 1613 2694 corporati,
1639 2649 1697 2693 qui
1723 2647 1824 2682 simul
1854 2658 1916 2681 nos
1941 2658 2023 2681 con-

353 2709 502 2753 gregavit
526 2708 588 2752 (3),
611 2720 647 2742 ac
671 2707 933 2754 quodammodo
953 2706 1126 2752 colligavit
1145 2717 1207 2752 per
1228 2718 1335 2739 unum
1354 2708 1387 2740 in
1413 2706 1575 2741 omnibus
1591 2707 1774 2753 Spiritum,
1796 2717 1899 2751 quem
1919 2705 2021 2738 etiarn

453 2797 472 2820 ‘1
507 2794 604 2821 Recole
625 2804 650 2830 pv
675 2800 714 2822 19.
736 2795 799 2822 adn.
821 2799 846 2823 3.

452 2840 487 2869 (2.
506 2838 607 2872 Suppte
626 2838 653 2865 in
673 2843 746 2866 textu
766 2848 806 2870 gr.
827 2851 889 2874 γαρ,
909 2838 981 2874 quod
1002 2838 1072 2874 typis
1091 2836 1198 2865 excidit.

451 2884 487 2911 (3)
506 2880 592 2908 Codex
612 2881 720 2916 quidem
741 2891 853 2917 graecus
874 2883 956 2911 habet
977 2884 1182 2919 συνεγείραπος,
1200 2880 1248 2909 sed
1266 2881 1459 2917 corrigendum
1480 2885 1546 2917 puto
1567 2882 1770 2916 trum-ssigszg.
