2205 3177
742 169 773 190 ix
800 168 951 190 PSALMUM
979 170 1071 191 xux.
1102 171 1138 191 er
1166 169 1195 192 L.
1737 162 1806 195 219

134 249 150 267 «
171 236 260 268 Deus
285 234 533 277 sempiternus,
558 233 646 265 Deus
667 231 788 265 finium
816 238 926 265 terrae
953 232 1131 269 conditor,
1156 246 1225 267 uon
1252 235 1375 267 esuriet
1396 246 1505 279 neque
1532 234 1722 272 laborabit,
1746 247 1808 269 nec

132 299 182 326 est
206 290 421 334 investigatio
447 290 629 334 sapientiae
655 289 739 322 eius.

758 354 919 376 Peccatori
936 354 1018 376 dixit
1034 354 1117 377 neus
1134 358 1190 378 etc.

228 405 328 445 Quod
355 415 571 450 nequaquam
596 403 771 437 idolorum
791 402 981 437 cultoribus
1001 409 1032 436 et
1053 404 1206 437 nondum
1233 405 1348 438 divina
1370 405 1444 439 luce
1465 406 1598 439 donatis
1619 407 1700 439 haec
1719 407 1807 440 dit-at

133 465 239 499 Deus,
264 463 323 496 sed
345 462 548 500 lsrahelitis,
568 461 647 494 satis
666 467 713 494 est
734 460 886 494 evidens.
908 461 992 493 Nam
1012 472 1099 505 quae
1120 461 1185 494 illis
1204 461 1339 495 dixinae
1359 462 1442 506 legis
1461 474 1540 496 cura
1561 475 1632 496 esse
1653 471 1784 509 poterat
1798 491 1805 502 ,

133 521 192 566 qui
212 532 254 553 ue
274 526 390 553 utrtun
409 519 655 563 quidemesset
675 516 850 550 sciebant?
875 518 958 557 Quis
977 517 1116 550 illorum
1129 544 1136 553 ,
1160 519 1298 562 inquam
1311 545 1318 555 ,
1343 518 1498 552 ditinum
1520 520 1639 553 foedus
1658 533 1717 553 ore
1738 533 1809 555 me-

133 578 311 611 moraret?
341 578 551 609 Peccatorem
579 575 682 619 igitur
708 575 773 608 lior
804 575 881 608 loco
911 574 991 608 dicit
1018 574 1252 608 refractarium
1287 576 1596 622 inexpiabilemque
1623 578 1781 612 iudaeum
1798 605 1805 615 ,

133 634 244 667 adhuc
270 634 396 679 peccati
424 643 573 666 servum.
603 631 721 665 Omnis
747 632 856 669 enim,
879 632 987 676 inquit
1009 632 1037 669 ¹,
1059 632 1117 675 qui
1139 632 1215 664 facit
1237 639 1430 676 peccatum,
1452 645 1569 666 sersus
1589 640 1637 667 est
1665 636 1804 680 peccati.

134 694 209 725 Non
235 693 326 725 enim
352 702 410 724 eos
435 691 493 735 qui
520 695 596 722 sunt
624 685 821 722 huiusmodi
849 689 960 722 adhuc
987 688 1143 722 liberavit
1171 688 1272 722 tilius.

598 754 713 777 Sedens
729 755 874 777 adversus
891 755 1025 777 fratrem
1042 756 1130 777 tuum
1146 755 1344 777 detrahebas.

228 807 387 840 Sedentns
406 806 440 838 in
461 804 628 849 synedriis
647 804 781 837 Christo
806 803 1085 849 obloquebantur
1111 804 1262 837 dicentes
1284 805 1311 837 ἐ
1337 819 1352 836 (ι
1375 804 1458 850 quid
1479 806 1626 849 agimus,
1648 808 1727 851 quia
1753 807 1807 841 hic

132 866 237 899 homo
262 864 368 897 multa
394 863 487 908 signa
514 862 617 895 facit?
643 863 675 895 Si
695 861 898 895 dimittimus
924 872 1001 894 eum
1028 862 1092 899 sie.
1118 862 1254 895 venient
1274 863 1436 900 Romani,
1460 862 1627 908 uobisque
1653 864 1806 898 auferent

130 929 163 956 et
181 928 317 967 gentem
335 927 365 953 et
384 920 572 964 regionem.
598 933 613 949 >›
633 920 725 952 Tunc
743 918 884 952 demum
902 918 1100 952 scandalum
1119 920 1147 952 ei
1168 919 1351 952 machinati
1372 927 1447 953 sunt
1461 946 1469 957 ,
1485 927 1516 953 et
1539 922 1630 954 necis
1650 921 1809 966 laqueum

130 978 362 1012 intenderunt.
383 978 537 1021 Namque
555 976 598 1009 ad
617 975 759 1009 Pilatum
781 982 1040 1020 pertraxerunt,
1059 982 1093 1009 et
1112 982 1147 1009 ut
1165 977 1257 1009 cruci
1276 976 1438 1021 figeretur
1459 978 1687 1022 postularunt.
1709 979 1809 1019 Quod

130 1036 157 1069 si
183 1034 389 1068 Iudaeorum
415 1033 573 1069 fratrem,
595 1039 627 1066 et
652 1033 770 1066 matris
796 1033 952 1077 ipsorum
978 1032 1088 1066 filium
1114 1039 1213 1067 vocat
1239 1033 1411 1067 Christum
1438 1034 1633 1079 psalmista,
1658 1047 1726 1069 uon
1751 1048 1810 1069 ex-

129 1092 219 1126 cedit
243 1091 456 1125 rectitudinis
476 1090 559 1123 fines
577 1101 702 1123 sermo.
731 1091 836 1123 Natus
854 1096 904 1123 est
928 1091 1020 1123 enim
1045 1090 1233 1124 secuudum
1259 1102 1396 1124 carnem
1417 1103 1434 1124 a
1456 1091 1606 1128 ludaeis,
1632 1099 1733 1138 atque
1758 1093 1805 1127 ob

130 1149 164 1183 id
191 1160 383 1195 synagogae
409 1148 500 1181 silius
525 1148 591 1181 dici
618 1153 741 1193 potest.

573 1213 613 1236 Et
628 1213 697 1236 ulie
714 1214 778 1241 via,
793 1221 855 1240 qua
871 1214 1050 1236 monstrabo
1067 1213 1118 1236 illi
1135 1213 1275 1236 salutare
1292 1213 1360 1236 Dei.

225 1264 371 1298 Attende
397 1264 505 1301 enim,
528 1262 622 1307 quod
649 1263 779 1296 etiamsi
805 1263 882 1296 data
909 1262 1023 1296 fuisset
1051 1263 1236 1308 antiquitus
1262 1262 1335 1301 lex,
1356 1264 1451 1309 quasi
1480 1264 1634 1298 nondum
1660 1265 1805 1299 demon-

128 1328 231 1356 strata
258 1323 297 1355 sit
324 1322 377 1355 via
402 1332 469 1366 qua
499 1321 643 1365 quisque
674 1319 716 1353 ad
747 1320 889 1353 salutem
920 1321 1037 1354 tendat
1054 1346 1062 1357 ,
1090 1321 1407 1354 demonstraturum
1434 1333 1468 1355 se
1494 1322 1588 1355 illam
1619 1324 1799 1368 promittit.

127 1380 205 1414 Sine
231 1378 460 1413 controversia
487 1378 589 1422 igitur
614 1377 772 1410 meliores
790 1378 948 1410 mosaicis
973 1383 1051 1410 sunt
1070 1377 1192 1410 Christi
1220 1389 1293 1415 res3
1317 1378 1486 1423 siquidem
1512 1380 1565 1413 via
1591 1380 1709 1414 salutis
1731 1382 1803 1426 ipse

128 1437 281 1471 Christus
306 1442 374 1474 est,
396 1436 535 1480 eiusque
561 1434 732 1468 mandata.
761 1435 944 1479 Propterea
971 1434 1070 1468 divus
1095 1434 1179 1467 dixit
1207 1435 1307 1468 lsaias
1333 1442 1396 1469 ete.
1425 1438 1437 1479 (
1449 1447 1532 1468 nam
1560 1436 1696 1482 reliqua
1724 1446 1803 1471 sun!

128 1494 227 1541 apud
253 1492 467 1526 Corderium.
482 1494 494 1535 )

812 1584 1041 1623 PSALMUS
1069 1586 1113 1622 L.

427 1674 576 1697 Miserere
592 1674 667 1702 mei,
684 1674 782 1702 neus,
798 1675 964 1698 secundum
980 1681 1126 1704 magnam
1143 1675 1389 1698 misericordia-m
1407 1677 1503 1698 tuam.

220 1724 311 1759 Nihil
338 1724 424 1758 adeo
450 1724 493 1758 ad
519 1723 790 1758 misericordiam
808 1725 994 1758 Dominum
1013 1724 1135 1763 flectit,
1154 1736 1256 1770 quam
1275 1726 1404 1771 peccati
1424 1725 1603 1760 confessio.
1634 1727 1748 1766 Quare
1771 1735 1804 1761 et

126 1783 235 1818 David
253 1789 360 1817 totam
380 1788 477 1827 rogat
495 1782 530 1815 in
549 1793 585 1815 se
603 1781 875 1815 misericordiam
893 1787 994 1827 atque
1012 1782 1210 1815 universum
1229 1783 1488 1817 miserationum
1508 1783 1638 1817 fontem
1656 1784 1799 1820 effundi.

125 1841 211 1874 Nam
227 1839 324 1872 sicuti
340 1838 593 1872 misericordiae
609 1837 878 1883 magnitudinem
896 1839 998 1884 petit.
1012 1839 1058 1872 ita
1074 1839 1331 1872 miserationum
1347 1839 1605 1873 multitudinem
1621 1841 1800 1886 implorat.

125 1902 307 1943 propterea
334 1894 429 1940 quod
455 1894 584 1939 grande
605 1901 782 1940 peccatum
806 1901 910 1934 esset,
932 1907 995 1929 nec
1020 1897 1084 1929 nisi
1103 1902 1314 1941 congruente
1339 1896 1519 1930 clementia
1539 1897 1646 1931 deleri
1674 1906 1800 1944 posset.

124 1955 222 1987 Certe
247 1963 368 1986 manus
394 1951 580 1985 homicidio
607 1951 756 1997 pollutas
781 1952 914 1991 eluere,
935 1953 996 1986 Dei
1016 1953 1256 1987 tantummodo
1282 1954 1540 1987 miserationum
1565 1955 1718 1988 officium
1738 1963 1801 1990 est.

124 2011 305 2044 Miseretur
332 2015 445 2042 autem
470 2015 611 2042 naturae
637 2009 665 2042 is
689 2010 748 2054 qui
773 2020 849 2043 eam
868 2009 978 2043 finxit.
1006 2010 1073 2044 Scit
1098 2011 1208 2048 enim,
1232 2010 1342 2056 ipsam
1360 2011 1469 2044 multa
1489 2010 1723 2046 imbecillitate
1748 2025 1805 2046 ae-

124 2078 218 2113 gram
247 2066 345 2100 facile
371 2066 523 2111 pertrahi
544 2065 586 2099 ad
606 2065 800 2099 immundas
826 2067 937 2100 carnis
962 2068 1147 2112 passiones.
1176 2068 1262 2100 Nam
1287 2067 1384 2101 facile
1408 2068 1592 2113 praedatur
1618 2069 1805 2103 humanam

124 2130 273 2158 mentem
293 2123 420 2168 peccati
440 2123 619 2159 inventor,
644 2123 889 2156 auxiliatricem
909 2122 1039 2157 habens
1058 2124 1263 2157 saevientem
1287 2125 1322 2157 in
1341 2125 1470 2158 carneis
1491 2125 1653 2159 membris
1672 2126 1797 2171 legem.

122 2180 312 2215 Adeundus
331 2186 380 2214 est
398 2180 503 2224 igitur
521 2179 706 2224 spirituum
726 2180 898 2218 medicus,
920 2187 958 2214 ut
976 2179 1102 2214 bonam
1122 2180 1354 2214 valetudinem
1375 2183 1480 2215 menti
1501 2183 1679 2221 conciliet:
1701 2195 1802 2218 omne

121 2240 251 2284 quippe
270 2237 378 2271 robur
398 2236 440 2270 ab
460 2248 502 2269 eo
520 2242 571 2270 est
592 2237 651 2282 (l).
680 2237 838 2271 Fortasse
859 2248 942 2272 vero
960 2238 1040 2283 quia
1064 2237 1284 2283 praevidebat
1302 2239 1411 2272 David
1425 2265 1432 2276 ‚
1455 2239 1528 2272 fore
1548 2246 1584 2273 ut
1604 2246 1800 2285 temporum

121 2297 268 2330 decursu
287 2294 486 2329 hominibus
505 2294 657 2328 Christus
676 2301 875 2340 appareret,
893 2296 1007 2329 omnia
1026 2295 1146 2329 mundi
1165 2302 1300 2341 peccata
1320 2296 1512 2334 deleturus,
1534 2298 1657 2331 merito
1676 2299 1801 2331 miseri-

122 2353 275 2388 cordiam
302 2364 461 2398 magnam
481 2351 630 2398 appellat
649 2358 716 2386 tam
737 2353 902 2398 insignem
921 2353 1064 2398 gratiam
1085 2353 1144 2398 (2).
1173 2354 1343 2399 Scriptum
1361 2361 1410 2387 est
1434 2355 1525 2388 enim
1547 2355 1576 2387 ':
1598 2366 1700 2389 omne
1719 2367 1800 2401 pec-

123 2418 236 2445 catum
262 2409 431 2456 oppilabit
451 2421 489 2443 os
508 2421 620 2443 suum.
650 2411 804 2455 Namque
824 2416 861 2444 ut
880 2411 924 2443 ait
943 2410 1118 2456 apostolus
1138 2411 1169 2444 ’τ
1190 2412 1279 2444 Deus
1298 2412 1357 2457 qui
1376 2411 1551 2449 iustificam
1575 2413 1651 2457 quis
1669 2419 1720 2446 est
1737 2414 1797 2458 qui

123 2468 354 2502 condemnet?
374 2468 446 2500 Iam
463 2468 580 2500 Graeci
600 2466 715 2500 dicunt
736 2459 998 2512 πλημμέλημα
1018 2468 1214 2502 huiusmodi
1236 2475 1411 2513 peccatum
1424 2494 1431 2507 ,
1454 2468 1548 2514 quod
1568 2469 1697 2515 duplici
1718 2470 1801 2516 legis

125 2526 395 2570 transgressione
421 2523 615 2558 coniicitur.

611 2588 756 2616 Amplius
771 2588 842 2612 lava
857 2596 904 2613 me
920 2591 960 2612 ab
977 2590 1148 2617 iniquitate
1165 2596 1232 2612 mea
1249 2592 1307 2613 ete.

218 2640 303 2680 Quia
330 2640 411 2673 dicit
434 2652 449 2669 «
472 2638 618 2683 amplius
637 2638 712 2672 lara
731 2649 786 2672 me
808 2652 823 2670 »
845 2650 963 2679 rursus
981 2639 1056 2673 heic
1074 2639 1324 2677 animadverte,
1346 2645 1381 2673 ut
1408 2651 1470 2685 par
1489 2646 1556 2679 est,
1579 2640 1702 2675 Christi
1723 2653 1799 2687 my-

124 2698 277 2731 sterium.
308 2696 435 2730 Habuit
456 2696 508 2730 lex
529 2696 768 2741 purgationem
787 2707 848 2741 per
868 2708 1006 2742 aquam,
1029 2697 1124 2730 euius
1142 2698 1241 2730 etiam
1261 2697 1530 2742 sapientissimus
1548 2699 1703 2732 meminit
1721 2700 1800 2733 Pau-

220 2782 256 2812 (t)
276 2781 317 2806 Eu
337 2779 427 2806 denuo
447 2779 553 2805 divinae
573 2778 675 2813 gratiae
694 2777 894 2806 necessitatem.

220 2827 255 2856 (2)
275 2823 373 2850 Pulcra
393 2827 419 2850 et
439 2824 482 2858 pia
501 2822 597 2859 Cyrilli
614 2823 804 2858 interpretatio
822 2824 1037 2851 misericordiae
1057 2831 1186 2858 maynae.

1849 649 1855 654 ·
1872 646 1918 666 hihi
1934 647 1991 667 ΗΠ.
2006 651 2027 667 :14

1846 766 1853 779 i
1862 777 1866 780 .
1882 764 1914 781 *HL

1846 821 1854 826 '
1872 818 1919 838 loli.
1937 819 1973 839 Xl.
1992 822 2021 839 Π.

1843 1103 1881 1122 (ir.
1897 1108 1918 1128 J).
1934 1104 1978 1123 351.

1840 1223 1860 1237 ἱ,
1880 1220 1911 1237 ῗὶὶ.

1840 2379 1846 2385 ·
1864 2376 1898 2397 Ps.
1914 2377 1970 2397 CVI.
1987 2380 2018 2397 42Δ

1838 2436 1845 2444 ’
1855 2434 1919 2455 Κοηι,
1931 2434 2030 2457 VIII.33.
