2205 3177
165 667 170 673 ·
191 658 229 678 tuh
252 657 285 678 Χῑ
296 657 320 678 11.
332 661 363 678 21.

222 717 276 736 Fir.
294 716 308 736 l.
328 718 349 735 t‘t

258 2434 294 2453 Gr.
310 2440 331 2460 p.
348 2438 379 2454 31.

392 178 436 210 :34
896 185 924 207 s.
953 185 1080 207 emitti
1106 186 1325 209 Aiffixaxnmxi
1353 187 1557 212 EerAxATio

393 263 484 285 novo
511 251 604 284 ditati
630 260 762 285 sumus.
789 259 858 293 quo
885 248 1020 294 spoliati
1046 250 1169 283 merito
1191 256 1266 284 sunt
1290 251 1465 291 nonnulli,
1484 253 1543 297 qui
1568 264 1585 286 a
1611 259 1701 288 recta
1726 254 1885 290 ecclesiae
1906 256 2060 290 doctrina

392 309 634 341 discesserunt.
655 318 692 339 ac
710 307 861 339 erroneis
881 306 1056 351 spiritibus
1077 309 1329 353 impiorumque
1349 309 1740 355 pseu(lo-magistrorum
1762 315 1928 358 portentis
1945 313 2064 348 adhae-

395 371 520 399 rentes.
544 363 586 396 al)
613 363 664 396 liis
691 374 816 396 nomen
842 369 1104 398 contraxerunt:
1131 376 1191 399 nec
1217 366 1407 404 immerito,
1428 378 1496 399 non
1516 367 1607 400 enim
1627 367 1747 401 Christi
1770 376 1867 409 sunt,
1888 371 1946 415 qui
1974 370 2063 404 blas-

394 422 562 466 plu-iniant
587 420 749 453 adversus
770 432 848 454 cnm
871 422 1177 467 participaicrunt.
1200 429 1300 467 atque
1321 423 1353 456 in
1380 424 1488 456 vai-ias
1507 430 1612 457 sectas
1638 431 1671 458 et
1691 427 1873 460 sententias
1894 427 2061 473 dispertiti

393 484 482 510 sunt.
512 478 612 521 Atqui
638 477 790 509 (Iliristns
813 489 893 510 suos
919 478 960 511 ad
984 490 1101 524 paceni
1123 481 1253 512 xocaxit
1268 506 1275 517 ,
1297 480 1375 525 quia
1398 492 1484 513 unus
1504 482 1574 525 ipse
1595 488 1664 519 cst,
1686 488 1716 515 ct
1744 482 1918 517 indivisus.
1949 485 2061 517 Unum

395 536 494 579 igitur
520 546 635 567 sumus
661 546 781 567 omnes
808 535 841 568 in
861 534 1014 573 Christo,
1040 542 1140 581 atque
1165 535 1211 569 ol)
1236 537 1269 569 id
1295 537 1413 570 (uidem
1433 544 1544 570 mente
1569 538 1756 584 eademque
1778 541 1941 574 sententia
1962 553 2063 585 coag-

394 591 550 627 mentati.
578 592 830 636 constringente
859 604 939 630 nos,
969 600 1005 626 ut
1035 595 1139 626 simus
1166 594 1307 638 spiritali
1336 595 1458 639 copula
1489 596 1684 634 unanimes,
1713 596 1772 629 illo
1800 598 1859 641 qui
1886 598 1967 631 dicit
1992 600 2064 632 Deo

404 648 490 693 patri
511 649 541 680 'z
567 662 582 679 «
604 648 704 685 xolo.
727 655 760 681 ut
788 650 870 682 sicut
895 661 959 694 ego
985 657 1014 683 et
1045 657 1079 683 tu
1102 662 1207 683 unum
1234 662 1369 689 sumus,
1392 653 1434 685 ita
1461 658 1490 685 et
1520 653 1580 697 ipsi
1608 651 1786 686 nobiscum
1811 665 1917 687 unum
1943 656 2019 688 sint.
2045 670 2060 687 »

665 713 744 736 xum
762 714 877 736 divisas
893 717 936 736 ost
954 714 1115 736 Christus(
1132 714 1211 737 Num
1229 715 1349 738 Paulus
1365 723 1421 744 pro
1439 718 1522 739 vobis
1537 718 1702 741 crucifixus
1718 719 1798 741 suite

490 763 521 795 Si
540 763 622 806 quis
645 763 729 796 alius
754 776 816 808 pro
844 763 943 796 nobis
969 776 1104 797 crucem
1129 765 1285 809 pertulit,
1308 767 1423 811 utiquc
1447 773 1479 800 ct
1501 768 1606 812 ipsius
1628 767 1794 801 dicamur.
1824 769 1908 802 ltem
1932 770 1958 802 si
1978 763 2066 804 sorte

395 830 473 852 cum
490 819 628 853 alterius
647 821 860 853 invocatione
878 820 1034 865 baptizati
1056 820 1181 854 luimus
1193 847 1200 859 ‚
1218 822 1274 854 ille
1293 834 1354 856 nos
1368 823 1554 868 possideat,
1569 824 1786 870 eundemque
1803 832 2011 860 servatorem
2029 838 2067 861 ac

398 877 651 922 redemptorem
670 878 893 923 appellemus.
912 879 967 911 Sin
984 890 1067 911 xero
1082 879 1233 912 Christus
1253 891 1317 924 pro
1337 881 1480 925 peccatis
1498 882 1620 914 nostris
1640 889 1795 915 mortuus
1816 888 1882 921 est,
1904 889 1936 916 et
1957 895 2020 917 nos
2037 885 2067 918 ei

327 950 358 966 τω.
399 935 455 967 uni
478 935 666 979 consepulti
689 935 815 967 fuimus
834 947 895 980 per
918 935 1125 980 baptismum
1146 936 1180 969 in
1200 943 1366 975 mortem,
1387 937 1576 982 possideat,
1599 939 1726 984 inquit,
1746 946 1878 985 emptas
1897 952 1915 974 a
1936 951 1972 973 se
1997 941 2069 974 ani-

399 1003 471 1025 mas
484 993 567 1038 ipse.
586 992 654 1024 Salx
665 993 708 1025 ati
725 993 816 1025 enim
831 1004 892 1037 pcr
909 992 1019 1038 ipsum
1039 999 1071 1026 ct
1091 992 1134 1026 ab
1151 993 1226 1038 ipso
1244 1005 1376 1031 sumus,
1392 995 1450 1039 qui
1468 1006 1532 1040 pro
1550 994 1649 1029 nobis
1663 997 1810 1030 animam
1827 1008 1923 1031 suam
1941 999 2066 1042 posuit.

616 1057 682 1080 Non
700 1058 782 1079 enim
799 1064 846 1080 me
862 1058 948 1080 misit
965 1058 1003 1080 ml
1022 1058 1246 1084 baptizandum
1262 1057 1422 1086 Christus,
1438 1060 1489 1081 sed
1507 1060 1545 1081 ml
1562 1060 1850 1088 evangelizandum.

494 1108 611 1140 Missus
639 1107 698 1141 fuit
727 1120 764 1140 cx
794 1108 948 1152 professo
974 1107 1097 1140 Paulus
1122 1107 1164 1140 ad
1192 1109 1303 1141 lesum
1327 1107 1484 1153 gentibus
1510 1109 1788 1153 praedicandum.
1818 1111 1932 1145 Nihilo
1958 1117 2070 1151 tamen

398 1166 511 1197 minus
529 1164 570 1197 ad
591 1164 734 1210 apostoli
762 1165 913 1197 osticium
932 1166 1103 1210 pertinere
1124 1165 1269 1198 dicimus
1291 1164 1454 1209 quicquid
1478 1166 1623 1210 tempori
1646 1172 1679 1199 et
1702 1167 1775 1199 usui
1797 1178 1988 1211 congruum
2006 1168 2072 1201 sue-

401 1223 443 1255 rit
462 1220 648 1258 conficere:
671 1227 703 1254 et
720 1221 861 1265 quidem
880 1222 982 1255 ctiam
1004 1222 1120 1266 siquos
1137 1221 1309 1267 baptizare
1328 1222 1490 1255 voluerit.
1512 1222 1670 1255 Ceterum
1688 1233 1730 1256 ne
1747 1223 1922 1256 videretur
1939 1229 2075 1270 tempus

401 1278 629 1324 praedicando
655 1285 772 1324 aptum
792 1278 864 1311 aliis
885 1280 974 1311 curis
1000 1278 1219 1323 impendere,
1241 1284 1330 1311 rcctc
1357 1279 1470 1311 sinens
1498 1285 1535 1312 ut
1561 1279 1617 1311 alii
1643 1290 1704 1324 per
1730 1278 1886 1323 regiones
1910 1278 2072 1323 dispersi,

400 1337 580 1381 cunctique
604 1337 805 1369 nominati-m
826 1337 975 1383 epi-scopi
989 1362 997 1374 ,
1018 1336 1083 1369 hoc
1105 1348 1166 1381 pcr
1187 1337 1295 1369 otium
1322 1336 1488 1374 facerent,
1509 1336 1581 1381 ipse
1599 1336 1641 1368 ad
1662 1335 1828 1380 evangelii
1848 1336 1960 1381 potius
1979 1345 2076 1380 prae-

400 1392 603 1426 dicationem
630 1392 866 1426 incumbebat:
891 1394 1019 1438 quippe
1042 1394 1095 1426 cui
1121 1392 1218 1426 verbi
1245 1393 1472 1426 ministerium
1501 1393 1674 1438 potissime
1700 1392 1867 1426 creditum
1892 1392 2020 1430 fuerat,
2043 1398 2078 1426 et

402 1450 523 1483 Christi
543 1452 743 1495 mysterium
761 1450 814 1483 vel
836 1451 982 1483 maxime
1000 1456 1070 1483 erat
1096 1450 1327 1495 exploratum.
1354 1450 1418 1483 Sed
1437 1450 1534 1483 sicuti
1553 1449 1652 1482 divus
1672 1450 1881 1495 Stephanus,
1903 1451 1963 1482 etsi
1983 1458 2076 1483 men—

401 1518 517 1541 sarum
536 1508 728 1540 ministrum
749 1506 887 1552 agebat,
909 1518 977 1541 non
1000 1507 1148 1540 alienum
1170 1518 1188 1539 a
1209 1518 1244 1539 se
1265 1505 1407 1550 putabat
1429 1506 1584 1540 initiandi
1604 1506 1774 1544 officium;
1795 1507 1842 1539 sic
1860 1507 1961 1540 etiam
1979 1505 2078 1540 divus

403 1564 542 1602 Paulus,
563 1576 772 1610 quamquam
793 1564 1055 1609 evangelizando
1075 1564 1198 1597 Christi
1219 1563 1383 1607 mysterio
1402 1562 1610 1601 destinatus,
1630 1569 1777 1596 attamen
1803 1574 1868 1611 pro
1886 1563 2002 1597 oblata
2022 1574 2079 1597 oc-

403 1623 556 1661 casione,
577 1621 768 1668 baptizandi
787 1633 925 1667 quoque
945 1622 1171 1655 ministerium
1194 1618 1376 1665 implebat,
1397 1619 1526 1653 habens
1544 1619 1704 1653 videlicet
1723 1620 1899 1665 utriusque
1922 1621 1970 1653 rei
1990 1627 2081 1666 pote—

406 1685 544 1719 statem,
566 1680 732 1725 nulloque
752 1691 830 1713 cum
853 1678 1076 1724 prohibente,
1097 1679 1124 1712 si
1150 1677 1289 1722 quando
1314 1677 1381 1710 hoc
1400 1677 1501 1710 etiam
1524 1676 1696 1722 agendum
1721 1676 1783 1710 sibi
1811 1683 1957 1722 putaret.

734 1744 794 1767 Ubi
811 1745 950 1772 sapiens}
967 1745 1020 1766 nbi
1038 1743 1216 1766 litteratore
1233 1743 1287 1765 ubi
1304 1742 1496 1768 conquisitor
1514 1742 1607 1763 huius
1623 1741 1757 1764 saeculi!

500 1794 652 1827 Tumidis
678 1794 818 1838 quidem
843 1793 1014 1827 mundana
1041 1793 1205 1838 sapientia
1232 1790 1446 1829 hominibus,
1468 1797 1499 1824 et
1522 1790 1645 1828 fidem,
1669 1791 1791 1824 Christi
1816 1791 1990 1829 videlicet,
2013 1802 2081 1825 non

411 1851 671 1897 recipientibus,
695 1851 834 1885 stultitia
851 1851 986 1884 videtur
1011 1851 1239 1895 evangelium.
1262 1849 1368 1883 Nobis
1391 1860 1473 1882 xero
1495 1849 1596 1893 longe
1622 1849 1687 1882 alia
1706 1849 1871 1882 sententia
1892 1855 1958 1882 est:
1980 1849 2083 1894 proti-

412 1915 523 1942 temur
541 1909 632 1942 enim
652 1908 738 1941 illud
759 1920 830 1941 esse
848 1909 907 1942 Dei
927 1909 1086 1941 virtutem
1104 1908 1262 1952 xiamque.
1282 1907 1464 1940 salutarem
1483 1917 1570 1951 quae
1590 1905 1633 1939 ad
1653 1905 1953 1939 sanctificationem
1972 1905 2081 1943 ducit,

410 1973 510 2010 atque
533 1966 575 1999 ad
594 1966 743 1999 veritatis
770 1967 923 1999 notitiam
942 1966 1111 2011 sapienter
1129 1965 1241 1998 erudit
1267 1965 1414 2009 copiosis
1436 1962 1759 2009 praedicationibus.
1788 1963 1953 1996 Existimo
1972 1969 2084 1997 autem

410 2024 577 2069 sapientes
600 2021 642 2056 ab
669 2034 710 2056 eo
737 2035 826 2056 nunc
853 2024 965 2055 vocari
993 2023 1166 2059 rhetores.
1194 2023 1252 2067 qui
1281 2033 1360 2054 suae
1386 2021 1599 2065 eloquentiae
1623 2021 1656 2053 vi
1682 2019 1857 2053 credibilia
1885 2026 2084 2066 argumenta

411 2080 589 2114 mendacio
616 2087 870 2118 connectentes,
895 2081 1040 2125 speciem
1066 2079 1146 2112 huic
1172 2080 1321 2112 veritatis
1348 2078 1518 2112 conticere
1540 2077 1734 2112 studebant.
1765 2079 1985 2112 Litteratores
2001 2089 2086 2111 vero

412 2138 567 2182 intelligo
586 2137 840 2181 ludimagistros
858 2139 927 2170 six-e
946 2138 1200 2181 grammaticos,
1219 2137 1277 2181 qui
1296 2139 1476 2181 poetarum
1495 2135 1602 2169 libros
1622 2136 1763 2169 scrutari
1785 2135 1897 2168 solent
1917 2146 1954 2169 ac
1972 2136 2087 2181 pueris

412 2195 639 2239 interprctari.
669 2195 920 2238 Conquisitores
947 2194 1095 2238 denique
1122 2193 1201 2226 dicit
1229 2205 1287 2227 eos
1311 2194 1369 2238 qui
1396 2192 1509 2226 verbis
1534 2192 1686 2225 catillari
1715 2192 1842 2230 solent,
1871 2198 1903 2225 et
1926 2203 1980 2225 res
2006 2191 2087 2225 sub-

415 2252 517 2286 tiliter
544 2252 753 2288 examinare,
783 2252 909 2296 quique
937 2252 1058 2293 mentis
1087 2262 1166 2284 suae
1194 2249 1514 2289 adinventionibus,
1543 2256 1647 2295 prout
1675 2250 1858 2294 unicuique
1884 2250 1920 2282 in
1946 2249 2087 2295 singulis

416 2309 599 2354 propositis
620 2320 671 2341 res
690 2308 903 2353 probabilius
923 2320 957 2341 se
975 2308 1101 2341 hahere
1121 2307 1275 2346 xidetur‚
1294 2308 1471 2341 veritatem
1488 2318 1654 2352 quaerere.
1671 2307 1832 2340 simulant
1852 2306 1912 2352 (l).
1933 2307 1998 2340 Sed
2018 2306 2091 2340 nul-

417 2365 549 2399 latenus
567 2371 655 2399 recte
675 2371 774 2409 agunt
790 2391 797 2401 ,
820 2366 924 2397 immo
943 2376 1084 2409 prorsus
1102 2365 1290 2398 incuriose:
1315 2366 1473 2409 ignorant
1493 2365 1584 2397 enim
1603 2364 1758 2397 omnium
1778 2365 1904 2402 Deum,
1925 2364 1983 2408 qui
2003 2363 2091 2397 hanc

418 2423 537 2456 mundi
563 2424 816 2456 universitatem
841 2433 961 2455 arcana
986 2423 1017 2455 vi
1040 2424 1111 2455 sine
1130 2422 1202 2455 ullo
1221 2421 1339 2455 labore
1360 2421 1554 2459 fabricavit,
1576 2428 1608 2455 et
1627 2432 1665 2455 ea
1686 2432 1775 2466 quae
1794 2421 1888 2454 nulla
1906 2427 2003 2455 erant
2021 2421 2066 2466 (2)
2080 2447 2088 2459 ‚

420 2481 461 2514 ad
487 2481 698 2514 existentiam
723 2481 823 2513 unico
849 2486 932 2513 nutu
961 2479 1137 2524 produxit.
1167 2480 1270 2512 Fatua
1296 2485 1344 2511 est
1371 2479 1474 2524 igitur
1499 2491 1580 2513 vere
1606 2479 1726 2513 mundi
1751 2479 1928 2525 sapientia.

627 2553 705 2578 Nam
723 2556 797 2581 quia
816 2555 849 2577 in
867 2554 924 2577 Dei
942 2555 1097 2581 sapientia
1114 2560 1174 2576 non
1192 2554 1334 2581 cognovit
1349 2554 1482 2576 mundus
1498 2560 1554 2581 per
1571 2555 1757 2581 sapientiam
1775 2554 1890 2582 neum,

734 2599 854 2625 placuit
871 2598 937 2621 Deo
953 2604 1008 2625 pen·
1024 2598 1194 2620 stultitiam
1211 2598 1453 2624 praedicationis
1469 2598 1591 2621 salvan-e
1607 2599 1776 2621 credentes.

517 2653 575 2685 Dei
601 2653 783 2697 sapientiae
802 2652 940 2685 nomine
964 2652 1148 2685 humanam
1173 2663 1311 2696 qnoque
1335 2652 1595 2696 intelligentiam
1621 2653 1758 2686 denotat
1785 2658 1818 2685 et
1843 2651 2089 2696 eloquentiam,

425 2708 494 2741 sive
519 2710 629 2754 ipsum
655 2708 840 2743 verborum
860 2715 1038 2747 ornatum;
1058 2715 1095 2742 ut
1114 2708 1233 2742 doceat
1254 2710 1376 2742 mentis
1402 2715 1577 2743 auctorem
1598 2721 1670 2744 esse
1692 2711 1820 2747 Deum,
1843 2715 1876 2742 et
1893 2706 2092 2753 prudentiae

524 2792 558 2821 (i)
577 2790 690 2817 Videtur
709 2790 768 2818 heic
783 2790 921 2825 designari
938 2795 1010 2818 secta
1027 2795 1103 2818 vetus
1125 2790 1266 2817 hominum
1287 2791 1496 2817 rationalitatem
1514 2791 1639 2818 fallacem
1659 2791 1876 2824 malitiosamque
1893 2787 2089 2823 profitentium.

527 2835 563 2865 (2)
582 2834 624 2860 En
644 2835 777 2862 mundum
796 2843 811 2862 a
830 2836 888 2862 Deo
907 2843 938 2862 ex
958 2835 1046 2862 nihilo
1067 2838 1203 2868 creatum,
1223 2834 1354 2869 quicquid
1373 2834 1475 2862 ethnici
1493 2834 1585 2863 falsive
1606 2835 1761 2869 philosophi
1780 2837 1874 2861 contra
1892 2831 2019 2860 dixerint.
