2205 3177
76 932 81 946 ⁴
96 933 102 943 i
112 928 154 947 sith
169 932 282 947 commen-

77 956 147 973 tarius
174 954 194 974 in
220 954 281 979 psat-

78 985 124 998 *1¹¹ss

121 2140 214 2158 «antima
230 2138 289 2159 uude

124 2168 228 2190 summu>
242 2166 288 2191 Cy·

123 2192 194 2211 rillns.

317 174 374 195 ΠΗ
1076 171 1223 195 Eutroltts

315 239 381 272 hoc
407 237 519 271 differt
534 263 541 273 .
562 237 657 283 quod
675 236 841 282 Cyrillum
863 246 880 269 a
906 235 1118 281 reliquorum
1138 238 1364 282 interpretum
1383 233 1483 268 turba
1504 245 1657 269 scorsum
1678 235 1832 276 exhibet,
1852 243 1886 271 et,
1904 249 1981 272 cum

316 295 595 341 interpretatione
622 294 742 328 latina.
765 304 870 338 quam
896 293 1049 339 anglicus
1070 293 1157 329 liber
1184 294 1314 328 nullam
1340 292 1455 327 habet.
1484 294 1661 326 Postremo
1680 305 1782 339 super
1803 294 1982 340 epistolam

315 353 358 386 ad
388 351 562 386 Hebraeos
588 351 671 384 nihil
701 350 818 395 Cyrilti
846 351 930 384 mihi
956 351 1219 398 suppeditabant
1245 351 1379 385 codices
1403 350 1568 388 vaticani;
1591 349 1651 383 sed
1675 351 1844 396 insignem
1870 358 1983 385 tamen

316 417 448 456 partem
469 422 505 443 ac
525 420 650 442 novam
668 408 880 448 Mediolano,
901 408 1011 442 doctis
1029 410 1111 442 viris
1132 407 1325 442 faventibus
1337 434 1344 446 ‚
1363 408 1521 442 accersixi
1532 420 1540 450 3
1557 419 1624 452 qua
1642 407 1686 441 de
1704 419 1742 441 re
1761 419 1868 453 quum
1888 420 1984 443 aecn-

316 474 387 501 rate
407 478 468 500 suo
488 466 565 499 loco
585 477 619 511 p.
639 477 691 510 gr.
714 465 791 498 105.
813 465 975 503 dixerim,
997 466 1079 499 nihil
1099 466 1173 499 heic
1190 464 1492 510 superaddendum
1511 464 1660 498 videtur.
1682 465 1798 498 Dicam
1816 464 1982 510 denique,

315 526 394 558 satis
423 529 578 557 constare
604 522 772 567 Cyrillum
802 522 866 557 hos
895 523 1160 557 commentarios
1192 523 1226 555 in
1252 533 1428 556 sermones
1457 513 1645 564 (λόγους)
1675 520 1906 561 distribuisse,
1935 523 1984 556 uti

316 592 432 626 reapse
450 592 485 614 se
511 579 614 613 habet
637 581 902 614 commentarius
926 581 997 614 eius
1023 581 1057 614 in
1083 580 1222 617 lsaiam,
1245 590 1307 613 nec
1329 590 1399 612 non
1423 579 1621 612 thesaurus:
1643 589 1854 624 quamquam
1873 579 1895 611 ii
1915 590 1987 613 ser-

315 649 452 675 mones.
480 638 646 672 sectiones
678 638 790 683 potius
819 638 1145 671 commentariorum
1170 636 1306 670 (licendi
1336 642 1428 670 sunt.
1462 636 1559 670 Certe
1590 637 1734 669 Severus
1764 635 1988 670 antiochenus

315 694 406 740 apud
433 706 496 728 nos
521 706 556 740 p.
579 706 630 739 gr.
658 694 734 728 ¹03.
758 693 883 729 citabat
900 694 1018 739 Cyritti
1037 696 1072 728 iu
1091 705 1147 739 ep.
1171 694 1213 727 11.
1237 693 1279 727 ad
1303 693 1382 727 Cor.
1405 694 1544 727 tertium
1569 704 1766 727 sermonem
1794 684 1988 738 (λόγον),

315 759 348 786 ct
374 764 451 799 pag.
474 753 534 787 lat.
557 755 615 787 67.
637 754 833 799 septimum.
862 754 1021 787 Ceterum
1040 752 1208 798 generalis
1226 752 1351 786 horum
1371 751 1489 797 Cyrilti
1509 763 1655 797 operum
1675 751 1927 796 exegeticorum
1947 752 1990 787 ti-.

317 811 408 844 tulus
433 811 540 845 modo
565 811 629 844 fuit
657 803 830 857 ἑρμηνεία
857 810 1121 857 interpretatio,
1147 810 1254 843 modo
1281 800 1491 854 ὑπόμνημα
1516 807 1807 844 commentarius,
1832 814 1871 841 ut
1897 808 1990 854 apud

316 880 378 902 nos
404 880 505 914 pagg.
528 880 580 913 gr.
603 869 683 902 437.
707 869 793 906 438,
815 874 847 901 et
871 878 948 914 pag.
972 867 1031 901 lat.
1053 868 1136 901 290.
1158 866 1278 900 videre
1304 873 1366 900 cst.

412 927 445 960 5.
476 928 554 959 Post
577 926 694 971 Cyritli
721 925 763 960 ad
789 931 938 971 quatuor
964 925 1058 959 Pauli
1085 924 1247 970 epistolas
1273 924 1559 968 commentarios,
1580 922 1623 956 de
1650 923 1804 956 eiusdem
1830 922 1873 957 ad
1899 923 1992 969 psal-

316 985 439 1018 terium
465 982 762 1017 lucubrationibus
789 983 939 1027 cogitare
966 982 1077 1027 coepi.
1106 982 1239 1015 Etenim
1263 992 1328 1026 ego
1353 980 1574 1014 Balthassaris
1599 979 1752 1014 Corderii
1778 980 1813 1013 in
1840 980 1993 1026 psalmos

317 1048 470 1075 catenam
497 1052 573 1074 cum
598 1041 713 1085 aliquo
735 1040 891 1073 vaticano
918 1039 1035 1073 codice
1063 1038 1152 1072 forte
1177 1049 1401 1083 comparans,
1423 1037 1537 1071 statim
1561 1048 1768 1082 agnoveram
1795 1036 1993 1082 complures

316 1098 433 1143 Cyrilli
458 1103 572 1143 partes
590 1097 811 1131 corderianae
837 1096 978 1130 editioni
998 1096 1127 1129 deesse.
1156 1096 1274 1140 ltaque
1295 1095 1455 1129 constitui
1475 1105 1513 1128 ea
1532 1099 1664 1128 tantum
1681 1094 1799 1139 Cyrilli
1819 1100 1992 1139 segmenta

317 1168 357 1190 ex
384 1156 546 1189 vaticanis
570 1153 746 1189 codicibus
772 1165 926 1193 sumere,
950 1165 1038 1199 quae
1060 1154 1096 1187 in
1120 1153 1229 1187 tribus
1255 1153 1475 1187 corderianae
1501 1158 1639 1186 catenae
1662 1150 1900 1186 voluminibus
1922 1163 1994 1186 non

317 1212 540 1259 apparebant.
569 1213 643 1246 Hoc
669 1218 827 1258 suscepto
858 1212 1058 1257 proposito,
1084 1211 1183 1256 coepi
1210 1211 1382 1244 vaticanas
1411 1210 1452 1243 ad
1483 1210 1635 1255 psalmos
1661 1215 1797 1243 catenas
1826 1215 1930 1254 prout
1960 1220 1995 1242 se

317 1270 445 1304 dabant
469 1276 649 1309 excutere,
671 1275 789 1315 totque
814 1269 953 1303 illarum
979 1268 1094 1302 inveni
1119 1267 1272 1307 codices,
1296 1273 1334 1301 ut
1352 1267 1597 1301 duodecimum
1617 1278 1802 1300 numerum
1828 1266 1912 1299 mihi
1937 1277 1996 1299 ex-

318 1327 506 1373 plet-eruin
528 1337 616 1372 quos
634 1338 698 1372 ego
725 1326 860 1360 codices
878 1327 913 1359 in
932 1325 1012 1359 libri
1034 1325 1100 1359 mei
1119 1323 1333 1370 marginibus
1356 1324 1486 1358 denoto
1509 1324 1631 1358 litteris
1650 1324 1691 1357 A.
1712 1324 1750 1357 Β.
1773 1324 1808 1357 C.
1831 1324 1872 1357 D.
1893 1324 1933 1357 E.
1954 1323 2004 1357 F:

318 1387 356 1419 G.
379 1385 467 1418 11.1.
485 1385 525 1418 Κ.
546 1385 582 1418 L.
605 1385 649 1418 M.
672 1385 713 1417 Et
738 1383 880 1428 quidem
906 1383 1024 1428 Cyrilli
1049 1393 1176 1416 nomen
1202 1383 1237 1415 in
1259 1382 1402 1428 singulis
1424 1381 1583 1415 codicum
1609 1381 1693 1415 locis
1717 1387 1888 1427 perpetuo
1913 1381 1997 1414 scri-

318 1442 430 1481 bitur,
451 1448 487 1476 ut
513 1442 582 1476 (lixi
609 1452 686 1487 pag.
709 1441 768 1475 lat.
799 1442 877 1474 192.
900 1440 980 1474 adn.
1006 1442 1038 1474 1.
1068 1440 1129 1473 His
1156 1439 1285 1473 accedit
1312 1440 1454 1473 unicum
1479 1439 1602 1472 folium
1627 1438 1835 1477 veronense,
1859 1437 1901 1471 de
1926 1448 1999 1482 quo

319 1512 399 1534 mox
427 1500 563 1544 loquar.
592 1498 643 1532 lbi
670 1499 848 1532 enimvero
875 1504 998 1543 coepto
1024 1503 1057 1530 et
1082 1496 1188 1543 paulo
1213 1496 1349 1541 longius
1376 1507 1560 1542 progresso
1586 1507 1709 1541 opere,
1735 1506 1844 1540 quum
1869 1493 1997 1527 inedita

319 1558 437 1603 (ζμ-ΠΗ
463 1557 603 1591 materia
624 1556 752 1591 affatim
770 1563 802 1590 et
821 1568 925 1602 supra
950 1566 1090 1590 omnem
1116 1566 1213 1601 spem
1238 1553 1446 1592 abundaret,
1469 1554 1678 1599 poenitentia
1698 1564 1753 1586 me
1771 1553 1880 1598 cepit,
1901 1551 1997 1597 quod

319 1615 558 1661 supplementa
577 1614 694 1659 cyrilti
714 1625 869 1647 seorsum
888 1625 907 1647 a
926 1619 1044 1646 catena
1061 1612 1217 1646 Corderii
1237 1612 1327 1657 typis
1345 1611 1513 1645 excudere
1532 1610 1770 1648 instituissem,
1789 1621 1899 1654 quum
1918 1620 1999 1643 con-

319 1678 370 1706 tra
397 1673 605 1717 oportuisset
630 1671 849 1705 corderianas
874 1671 988 1716 potius
1014 1669 1133 1715 Cyrilli
1160 1675 1277 1715 partes
1301 1669 1391 1702 inter
1415 1667 1496 1701 libri
1525 1668 1591 1701 mei
1618 1667 1730 1701 multo
1755 1666 1935 1700 uberiores
1960 1678 1999 1699 ac

320 1729 586 1775 praestantiores
611 1729 746 1762 divitias
765 1739 965 1762 conserere:
987 1738 1057 1773 qao
1076 1726 1187 1766 sacto,
1207 1727 1380 1771 integrum
1400 1736 1509 1770 prope
1529 1724 1646 1770 Cyrilli
1675 1723 1717 1758 ad
1738 1724 1889 1769 psalmos
1908 1735 2019 1757 com-·

321 1787 527 1820 mentarium
552 1787 584 1820 in
609 1787 730 1819 seriem
751 1786 987 1819 restituissem.
1015 1786 1120 1818 Tanta
1139 1785 1231 1818 enim
1256 1790 1306 1817 est
1333 1782 1530 1828 cyrillianae
1556 1783 1604 1816 rei
1623 1783 1659 1815 in
1682 1783 1845 1816 vaticanis
1872 1782 2001 1816 codici-

321 1843 386 1877 bus
412 1844 528 1890 copia,
555 1850 591 1877 ut
618 1843 808 1889 fragmenta
834 1842 979 1876 antehac
1004 1841 1095 1876 edita
1125 1842 1228 1887 longe
1252 1846 1391 1886 superet
1417 1839 1623 1884 obruatque.
1653 1841 1751 1873 Nunc
1780 1840 1861 1884 quia
1889 1840 2001 1873 consi-

322 1902 407 1936 lium
434 1907 566 1935 mutare
591 1907 715 1947 coepto
740 1901 774 1933 in
801 1912 906 1946 opere
932 1911 1001 1933 non
1027 1899 1171 1938 licebat,
1195 1904 1350 1944 superest
1375 1903 1413 1931 ut
1439 1903 1511 1931 tum
1532 1897 1673 1930 demum
1696 1903 1793 1944 totus
1819 1897 1937 1942 Cyrilli
1965 1897 2000 1930 in

321 1959 472 2005 psalmos
492 1958 759 1991 commentarius
777 1969 845 1990 una
864 1958 951 1991 serie
970 1962 1215 1995 connectatur,
1237 1967 1314 1990 cum
1335 1956 1451 1988 omnia
1471 1955 1671 1987 sanctissimi
1690 1954 1755 1988 viri
1774 1965 1900 2000 opera,
1921 1965 2002 1999 par-

323 2017 382 2050 tim
410 2016 522 2049 adhue
548 2015 700 2061 dispersa
727 2021 785 2047 aut
810 2013 1010 2060 perturbata
1027 2040 1034 2052 ‚
1059 2024 1152 2047 novo
1177 2024 1215 2047 ac
1240 2012 1384 2046 meliore
1415 2017 1582 2057 apparatu
1611 2011 1775 2053 edentur3
1804 2010 1899 2056 quod
1928 2010 2004 2045 fore

324 2085 495 2119 auguror,
519 2079 551 2106 et
575 2073 610 2106 in
636 2072 825 2117 superioris
850 2071 1038 2105 voluminis
1063 2071 1211 2116 prologo
1237 2071 1316 2104 satis
1343 2070 1444 2103 suasi.

420 2132 453 2164 s).
483 2131 565 2164 Sunt
591 2135 703 2163 autem
724 2135 921 2163 catenarum
940 2130 975 2163 in
995 2128 1147 2174 psalmos
1164 2129 1309 2162 xatieani
1331 2126 1483 2165 codices,
1505 2126 1599 2160 unde
1619 2138 1682 2160 nos
1699 2126 1867 2172 Cyrillum
1887 2125 2003 2160 hausi-

323 2201 417 2228 mus,
434 2190 482 2223 hi.
505 2190 530 2222 I.
548 2188 661 2222 Codex
680 2200 784 2233 quem
803 2188 845 2221 A.
864 2187 1002 2233 appello
1014 2213 1022 2226 ‚
1039 2187 1128 2220 inter
1146 2193 1278 2220 eeteros
1295 2192 1487 2232 praestanS,
1503 2184 1746 2219 membraneus
1765 2184 1890 2219 saeculi
1908 2185 1999 2217 Xlll.

325 2248 359 2280 iu
385 2246 447 2280 fol.
463 2272 471 2285 ‚
493 2246 588 2279 euius
614 2246 803 2291 scripturae
828 2246 1002 2291 specimen
1028 2245 1063 2278 in
1091 2244 1250 2278 adiuncta
1277 2242 1393 2277 tabula
1415 2255 1450 2276 n.
1472 2243 1507 2276 3.
1532 2242 1763 2276 exhibuimus.
1793 2242 1951 2275 Continet
1975 2243 2004 2276 is

322 2306 458 2338 Nicetae
476 2304 511 2337 in
538 2303 688 2349 psalmos
707 2304 846 2336 Patrum
865 2309 1036 2341 catenam,
1058 2301 1214 2347 praefixo
1233 2301 1401 2347 prologo,
1425 2311 1529 2346 quem
1550 2312 1612 2333 nos
1638 2306 1715 2333 ante
1734 2298 1902 2344 Cyrillum
1923 2310 2006 2333 nos-

326 2369 416 2396 trum
437 2360 630 2395 minoribus
652 2360 772 2394 formis
792 2365 906 2393 extare
924 2360 1109 2393 voluimus.
1138 2360 1196 2393 Est
1218 2359 1273 2392 hic
1295 2358 1387 2392 idem
1407 2357 1516 2391 codex
1535 2357 1628 2391 unde
1647 2357 1732 2390 olim
1751 2356 2004 2390 Fleekmannus

323 2431 412 2453 nova
438 2419 554 2464 magni
580 2418 756 2451 Athanasii
784 2417 827 2451 ad
852 2417 1002 2463 psalmos
1028 2416 1218 2462 fragmenta
1243 2416 1383 2454 extulit,
1405 2426 1493 2460 quae
1523 2416 1554 2448 in
1582 2413 1827 2448 Montfaueonii
1854 2413 2011 2448 editione

323 2475 441 2509 videre
467 2482 529 2509 est.
558 2475 644 2515 Quia
665 2486 750 2508 vero
770 2474 825 2508 liic
848 2473 957 2508 codex
978 2474 1115 2507 nonnisi
1140 2485 1248 2518 usque
1267 2473 1309 2507 ad
1330 2472 1501 2519 psalmum
1524 2472 1670 2505 Lxxvl.
1695 2471 1904 2516 porrigitur,
1928 2471 2009 2504 satis

325 2539 457 2566 constat
482 2532 598 2566 deesse
624 2532 771 2566 alterum
796 2532 887 2578 paris
915 2531 1016 2565 molis
1043 2531 1225 2569 volumen.
1250 2530 1347 2576 quod
1373 2541 1456 2563 num
1483 2528 1608 2562 alicubi
1635 2528 1748 2562 adhuc
1773 2535 1880 2565 extet,
1907 2527 2007 2561 valde

325 2589 460 2623 dubito.
489 2591 531 2622 ll.
554 2590 667 2623 Codex
693 2590 731 2623 B.
756 2589 954 2623 chartaceus
973 2588 1099 2622 saeculi
1118 2589 1188 2622 XV.
1212 2588 1273 2622 fol.
1299 2589 1334 2621 in
1354 2587 1426 2621 duo
1452 2598 1576 2632 magna
1593 2586 1771 2620 volumina
1789 2585 2005 2630 dispertitus.

326 2658 405 2681 cum
430 2653 547 2680 catena
574 2648 712 2680 Pati-um
737 2647 780 2681 ad
806 2646 1005 2693 psalterium
1030 2652 1142 2680 totum
1163 2646 1410 2691 copiosissima.
1439 2645 1551 2685 Quare
1570 2651 1603 2678 et
1627 2644 1684 2677 hic
1703 2645 1792 2678 inter
1812 2642 1881 2676 sere
1904 2641 2008 2676 nobi-

327 2705 474 2738 lissimos
499 2703 677 2737 habendus
699 2711 760 2738 est.
790 2705 848 2738 ΠΙ.
871 2704 985 2738 Codex
1006 2704 1042 2738 C.
1065 2703 1296 2749 bombycinus
1320 2704 1356 2736 in
1375 2704 1409 2736 4.
1433 2714 1521 2736 saec.
1544 2703 1630 2735 XlV.
1645 2728 1652 2741 ,
1673 2702 1733 2747 qui
1757 2706 1892 2747 praeter
1916 2705 2004 2733 cate—

328 2773 426 2799 nam,
446 2760 549 2795 habet
567 2762 668 2795 etiam
690 2762 885 2796 adiunctam
903 2761 1076 2807 quandam
1098 2761 1351 2806 paraphrasim3
1374 2761 1418 2794 ita
1438 2767 1551 2793 tamen
1573 2767 1610 2793 ut
1632 2771 1650 2794 a
1669 2771 1721 2805 ps.
1744 2759 1802 2792 36.
1823 2757 1865 2790 ad
1890 2757 1949 2790 51.
1971 2764 2005 2790 et

327 2819 502 2853 interdum
521 2817 602 2853 alibi
621 2819 831 2853 scholiorum
848 2821 1011 2855 comitatu
1029 2819 1246 2854 destituatur.
1270 2819 1324 2853 lv.
1345 2817 1457 2852 Codex
1477 2819 1519 2852 D.
1538 2815 1683 2852 membr.
1701 2817 1735 2849 in
1754 2814 1815 2849 sot.
1836 2826 1923 2848 saec.
1942 2815 2000 2848 xl.
