2205 3177
785 185 818 208 lx
845 183 999 206 PSALMUM
1024 183 1219 207 xclv-xcix.
1777 175 1848 208 269

153 253 190 287 id
210 258 323 286 actum
342 250 385 284 sit
404 250 537 284 ratione
550 276 557 288 ,
579 248 733 295 psalmus
752 247 911 292 docebit:
933 248 1102 282 Dominus
1122 249 1298 294 regnavit,
1321 247 1451 282 exultet
1476 254 1586 288 terra,
1610 247 1780 283 laetentur
1798 250 1848 283 in—

157 309 251 344 sulae
277 308 420 342 multae.
449 308 502 341 Sic
520 318 595 341 rem
613 312 768 340 nostram
794 305 962 343 restituit;
984 316 1110 351 nempe
1128 307 1208 351 quia
1228 306 1382 340 Christus
1405 307 1573 352 regnavit.
1603 307 1694 341 Haec
1714 313 1763 341 est
1782 306 1849 341 sol-

159 366 345 401 lemnitatis
371 376 484 400 causa.

688 427 873 451 Illum-unt
890 427 1024 457 fulgura
1040 428 1107 449 eius
1123 428 1193 450 orbi
1211 429 1327 451 terrae.

256 481 425 527 Apparuit
452 479 577 513 Christi
603 477 769 524 splendor
795 478 925 510 cunctis
952 483 1062 510 terrae
1088 477 1244 522 populis,
1269 483 1301 511 et
1328 476 1433 511 corda
1459 477 1654 513 illustravit.

608 543 731 566 Montes
747 543 829 565 sicut
845 549 917 565 cera
934 543 1094 564 fluxerunt
1110 548 1215 564 coram
1232 542 1314 565 faeie
1330 543 1407 565 eius.

257 596 389 629 Montes
413 594 498 628 dicit
523 593 673 628 excelsas
698 591 933 639 superbasque
953 598 1156 638 potestates,
1178 591 1390 625 adversarias
1410 593 1592 632 nimirum;
1614 594 1684 628 sive
1703 600 1854 630 rectores

160 652 385 687 tenebrarum
412 652 559 690 harum,
587 662 676 696 quos
701 649 748 684 ob
774 651 920 684 multam
946 649 1145 696 superbiam
1173 649 1352 683 montibus
1378 657 1567 696 comparat.
1596 652 1666 686 Has
1692 652 1853 687 Servator

162 719 347 758 potestates
372 722 470 746 cerae
495 711 602 744 instar
627 709 804 749 dissolvit,
827 715 1003 753 tamquam
1031 709 1118 753 ignis
1144 708 1304 742 videlicet
1330 718 1428 742 cerae
1454 709 1609 743 iniectus.

895 775 1002 797 Remis
1018 774 1120 797 col-tle.

259 827 349 869 Quid
374 825 561 873 significat,
583 832 716 860 rectum
742 824 870 859 habere
896 825 979 858 cor?
1005 825 1137 870 Nempe
1162 830 1315 858 erectum
1341 830 1375 858 et
1400 823 1610 859 invertibile.

669 891 871 915 confitemini
887 891 1055 913 memoriae
1071 891 1252 913 sanctitatis
1269 891 1347 913 eius.

258 942 435 977 Confessio
454 942 594 976 denotat
613 942 800 986 gratiarum
820 941 1003 974 actionem.
1022 940 1168 985 Oportet
1187 940 1293 985 igitur
1312 940 1438 985 gratias
1457 951 1574 986 agere,
1592 941 1672 986 quia
1689 942 1748 986 qui
1766 941 1856 976 Deus

162 1007 282 1048 suapte
308 1007 430 1034 natura
449 1005 516 1038 est,
541 1006 575 1033 et
593 999 752 1033 omnium
778 998 960 1037 dominus,
984 1003 1016 1031 et
1037 998 1143 1043 patris
1170 1008 1366 1037 consessor,
1392 998 1451 1043 qui
1471 1009 1590 1031 omncs
1608 998 1775 1043 dignitate
1800 1010 1857 1033 su·

163 1065 281 1106 perat,
302 1058 464 1103 dignatus
482 1063 532 1091 est
551 1067 687 1090 memor
706 1068 778 1090 esse
797 1056 926 1089 nostri:
947 1066 1083 1089 memor
1101 1066 1204 1094 vero,
1225 1054 1413 1089 benedixit.
1442 1055 1543 1095 Quod
1562 1056 1691 1101 pariter
1710 1067 1773 1090 nos
1791 1056 1855 1090 do-

164 1115 256 1152 cebit
280 1115 401 1150 beatus
426 1114 535 1149 David
561 1114 680 1149 dicens
700 1114 731 1147 'z
753 1114 921 1147 Dominus
946 1124 1082 1146 memor
1107 1112 1172 1146 fuit
1196 1113 1325 1153 nostri,
1349 1119 1382 1147 et
1408 1112 1582 1148 benedixit
1609 1113 1720 1148 nobis.

797 1209 1028 1248 PSALMUS
1057 1209 1216 1248 XCVII.

710 1295 846 1319 eamme
863 1296 998 1319 Domino
1015 1296 1174 1318 canticum
1189 1301 1313 1318 novum.

262 1349 400 1383 Novum
425 1347 463 1381 fit
489 1347 679 1385 canticum,
707 1347 787 1391 quia
813 1346 929 1379 omnia
956 1347 991 1378 in
1018 1345 1152 1379 Christo
1178 1357 1267 1379 nova
1293 1351 1394 1385 sunt,
1422 1350 1538 1380 vetera
1565 1347 1787 1381 transierunt.
1816 1347 1858 1382 Et

168 1406 273 1453 paulo
292 1411 382 1452 post.
411 1406 588 1445 Quaenam
606 1410 686 1438 sunt
704 1403 789 1438 haec
807 1403 922 1437 nova?
942 1409 1006 1437 etc.
1035 1403 1077 1436 Et
1095 1404 1212 1449 paucis
1230 1404 1428 1437 interiectis.
1456 1405 1567 1444 Quam
1587 1410 1700 1438 autem
1719 1403 1765 1438 ob
1784 1415 1858 1438 rem

168 1471 201 1498 et
219 1463 304 1509 quid
324 1474 446 1497 canere
465 1462 672 1501 debeamus,
694 1463 767 1507 ipse
787 1467 820 1495 te
839 1472 958 1495 rursus
977 1460 1133 1495 docebit:
1158 1461 1237 1506 quia
1255 1460 1427 1495 mirabilia
1447 1461 1527 1495 fecit
1545 1462 1724 1496 Dominus.
1747 1462 1859 1503 Quae-

168 1532 249 1555 nam
274 1532 358 1554 vero
383 1526 463 1553 suut
488 1519 595 1553 haec?
622 1519 753 1553 Eximia
779 1518 908 1552 scilicet
926 1517 986 1552 illa
1004 1524 1038 1552 et
1056 1517 1283 1552 admiratione
1307 1518 1431 1564 digna,
1452 1530 1541 1565 quae
1563 1519 1764 1554 universalis
1782 1520 1858 1554 Ser-

169 1584 267 1613 vator
294 1589 332 1612 ac
357 1577 521 1612 dominus
547 1577 637 1611 fecit.

798 1674 1030 1714 PSALMUS
1058 1674 1235 1714 XCVIII.

730 1760 950 1784 ronflteantur
966 1761 1088 1784 nomini
1106 1763 1160 1784 tuo
1175 1767 1300 1790 magno.

267 1811 430 1855 Magnum
456 1811 549 1844 enim
574 1817 608 1844 et
634 1810 807 1845 excelsum
826 1817 876 1845 est
895 1811 1030 1845 deitatis
1056 1822 1202 1848 nomen,
1225 1822 1285 1844 seu
1309 1809 1419 1855 gloria
1439 1809 1500 1856 (1).
1528 1811 1606 1844 Non
1631 1810 1724 1844 enim
1748 1815 1798 1843 est
1824 1816 1862 1844 ut

171 1874 326 1903 creatura
353 1869 465 1914 aliqua
492 1870 650 1902 omnium
680 1875 815 1903 creator
832 1894 840 1908 ‚
868 1869 929 1902 sed
954 1867 1218 1914 incomparabili
1245 1869 1361 1913 potius
1390 1878 1528 1902 excessu
1558 1874 1679 1902 cuncta
1708 1873 1858 1913 superat.

170 1925 262 1959 Nihil
291 1937 399 1971 porro
418 1926 448 1959 ei
468 1926 596 1966 simile,
619 1932 756 1972 praeter
782 1927 922 1960 unicum
949 1925 1044 1971 quod
1064 1931 1114 1959 est
1132 1937 1172 1959 ex
1192 1926 1267 1971 ipso
1293 1931 1326 1959 et
1351 1926 1386 1959 in
1413 1925 1488 1971 ipso
1514 1930 1547 1958 et
1572 1923 1863 1958 consubstantiale

172 1984 237 2029 ipsi
263 1985 354 2017 Deus
373 1982 546 2022 Verbum,
568 1983 663 2029 quod
692 1983 819 2017 factum
845 1984 953 2017 homo
979 1994 997 2017 a
1024 1983 1205 2028 Seraphim
1232 1983 1370 2028 hymnis
1393 1982 1598 2017 celebratur.
1629 1983 1747 2028 Ipsum
1772 1983 1863 2016 enim

171 2047 222 2076 est
248 2053 375 2075 nomen
403 2053 506 2086 super
526 2053 629 2075 omne
655 2052 782 2075 nomen
803 2041 832 2079 “;
854 2052 1004 2086 namque
1032 2041 1065 2074 in
1092 2042 1232 2074 nomine
1255 2041 1327 2074 eius
1347 2052 1450 2074 omne
1477 2052 1567 2086 genu
1586 2040 1735 2074 flectitur
1754 2040 1864 2074 caele-

171 2100 294 2137 stium,
321 2100 556 2137 terrestrium,
583 2105 615 2133 et
642 2099 880 2136 infernorum:
908 2104 942 2132 et
967 2099 1080 2132 omnis
1106 2099 1222 2143 lingua
1248 2097 1490 2137 confitebitur,
1511 2099 1677 2143 quoniam
1703 2097 1865 2132 dominus

172 2158 264 2191 Iesus
290 2157 444 2191 Christus
469 2158 504 2190 in
530 2157 641 2202 gloria
666 2163 717 2190 est
742 2157 801 2190 Dei
832 2157 949 2202 patris.
978 2157 1141 2201 Magnum
1168 2167 1251 2201 crgo
1271 2161 1303 2189 et
1324 2155 1526 2189 admirabile
1552 2155 1687 2190 deitatis
1713 2166 1861 2194 nomen,

173 2214 362 2260 siquidem,
379 2220 416 2248 ut
436 2215 602 2253 diximus,
620 2226 724 2248 omne
743 2215 772 2247 ei
794 2214 943 2248 flectitur
960 2225 1069 2259 genu,
1087 2213 1192 2247 rebus
1211 2214 1332 2247 creatis
1350 2224 1429 2247 eum
1449 2212 1691 2251 adorantibus,
1709 2219 1741 2247 et
1761 2213 1864 2259 digna

173 2273 246 2307 Deo
272 2272 538 2306 honorificentia
564 2271 824 2306 exornantilnis.

714 2337 862 2360 Exaltate
878 2337 1039 2359 «lominum
1057 2336 1157 2359 neum
1176 2338 1328 2359 nostrum.

271 2388 309 2421 ld
336 2394 386 2421 est
412 2388 617 2422 altissimum
642 2400 714 2422 esse
742 2387 908 2421 creditote
933 2386 1020 2420 illud
1047 2386 1140 2432 quod
1168 2386 1396 2420 humanatum
1422 2392 1472 2420 est
1497 2386 1556 2419 Dei
1583 2383 1754 2425 Verbum,
1778 2384 1863 2419 nihil

174 2445 305 2478 humile
331 2445 375 2479 de
400 2456 442 2480 eo
468 2447 667 2492 opinantes,
690 2445 787 2491 quod
813 2456 910 2479 secus
935 2444 1088 2478 infelices
1114 2444 1230 2478 ludaei
1257 2443 1509 2477 factitaverunt.

822 2541 1056 2579 PSALMUS
1084 2541 1223 2579 XCIX.

675 2625 793 2649 Scitote
810 2626 960 2653 quoniam
976 2625 1120 2648 dominus
1137 2626 1202 2652 ipse
1218 2626 1266 2648 est
1282 2625 1376 2648 neus.

272 2676 336 2709 Hic
355 2681 405 2709 est
424 2675 595 2713 Christus,
618 2676 676 2720 qui
697 2676 892 2709 universam
912 2676 1077 2720 sanguine
1096 2686 1159 2708 suo
1179 2680 1307 2710 terram
1326 2674 1485 2708 redemit.
1508 2673 1604 2708 Idem
1626 2680 1761 2708 nostrae
1779 2685 1867 2719 quo-

174 2745 243 2778 que
262 2733 444 2768 creationis
464 2739 584 2767 auctor
602 2739 665 2766 est.
696 2734 814 2778 Neque
833 2733 925 2767 enim
944 2733 1086 2778 propria
1106 2732 1232 2768 virtute
1252 2732 1331 2766 sacti
1351 2731 1478 2766 fuimus
1491 2758 1499 2772 ,
1523 2731 1583 2765 sed
1604 2743 1768 2766 manuum
1795 2732 1868 2764 eius

279 2864 312 2893 (1)
332 2861 432 2889 Confer
451 2869 478 2896 p.
499 2863 560 2888 266.
581 2868 605 2887 v.
629 2863 669 2888 12.

1890 1123 1898 1130 ⁷
1909 1119 1943 1141 ΡΞ.
1957 1119 2026 1140 (γ’,ΧΗΙ
2059 1123 2079 1139 12

1904 2054 1912 2063 ·
1935 2053 2009 2078 Philip
2034 2053 2052 2072 ll
2078 2058 2088 2070 τ’
