2205 3177
577 477 954 529 mamaeam&
986 475 1453 526 ΨΕὶΔΞῑ-*ἲὲῗέλῖὶᾞὶῡα

281 933 312 966 1.
342 898 525 967 Alterum
548 933 614 967 hoc
640 933 797 979 procedit
818 934 1066 967 anecdotorum
1091 934 1122 967 S.
1145 933 1262 978 Cyrilli
1289 932 1500 966 alexandrini
1526 933 1734 978 scriptorum
1760 932 1858 966 volu-

179 1001 280 1028 men,
309 991 404 1024 cuius
430 1002 589 1035 graecum
617 997 748 1024 textum
778 1003 817 1024 ex
845 990 1022 1024 codicibus
1046 991 1241 1029 hausimus,
1270 990 1409 1023 latinam
1435 1001 1518 1024 vero
1546 991 1860 1035 interpretationem

181 1048 341 1081 festinato
366 1048 481 1082 studio
506 1047 636 1093 publici
656 1059 737 1082 usus
762 1049 868 1093 gratia
888 1048 1049 1086 fecimus;
1069 1054 1103 1081 et
1124 1059 1228 1093 parco
1250 1048 1348 1085 licet,
1372 1047 1432 1081 sed
1456 1054 1568 1081 tamen
1592 1048 1641 1080 rei
1662 1048 1861 1093 praesertim

182 1105 394 1150 dogmaticae
413 1106 541 1139 idoneo
565 1105 829 1140 adnotationum
849 1106 1011 1139 comitatu
1031 1106 1242 1150 stipavimuS.
1270 1107 1412 1138 Nostrae
1433 1106 1536 1149 igitur
1559 1104 1605 1138 ob
1626 1105 1863 1149 vestigandum

181 1162 350 1207 Cyrillum
374 1174 475 1196 curae
499 1163 542 1197 ad
569 1163 715 1196 ineditas
736 1164 873 1196 Patrum
894 1170 1029 1197 catenas
1055 1163 1238 1208 praecipue
1265 1168 1502 1207 respexerunt.
1531 1162 1595 1195 Sed
1622 1163 1656 1195 in
1675 1163 1864 1196 manuscri-

182 1221 250 1264 ptis
275 1219 416 1264 quidem
440 1220 483 1254 ad
511 1220 754 1255 octoteuchum
780 1226 814 1253 et
837 1221 1019 1254 historicos
1045 1232 1088 1253 SS.
1110 1219 1299 1253 bibliorum
1326 1218 1434 1252 libros
1461 1221 1734 1255 commentariis,
1757 1220 1864 1265 Cyrit-

182 1276 256 1309 lum
280 1278 516 1321 quaerendum
541 1278 598 1311 vix
618 1279 832 1322 putavimus;
852 1278 931 1321 quia
950 1283 1088 1322 praeter
1106 1288 1210 1322 quam
1229 1276 1324 1321 quod
1343 1276 1385 1309 ad
1410 1276 1676 1320 pentateuchum
1697 1277 1865 1322 glaphyra

183 1332 302 1377 Cyrilli
327 1333 417 1367 edita
442 1339 575 1371 extant,
597 1335 736 1378 copiosa
760 1334 902 1379 insuper
924 1333 1065 1378 vulgata
1088 1333 1153 1366 fuit
1177 1333 1354 1378 superiore
1375 1333 1512 1366 saeculo
1538 1333 1757 1378 lipsiensibus
1776 1335 1866 1379 typis

183 1391 321 1423 Patrum
347 1397 484 1427 catena,
507 1402 594 1436 quae
617 1391 786 1435 Cyrillum
810 1402 969 1436 quoque,
993 1390 1136 1436 perinde
1155 1397 1193 1424 ut
1216 1397 1265 1424 est
1289 1392 1323 1424 in
1348 1392 1513 1424 vaticanis
1535 1392 1679 1429 catenis,
1701 1392 1863 1424 continet.

183 1447 343 1480 Attamen
369 1448 412 1481 ad
435 1447 544 1482 libros
569 1459 690 1493 regum
712 1449 883 1493 egregiam
903 1448 1073 1493 planeque
1097 1448 1268 1481 diversam
1292 1449 1432 1481 Patrum
1457 1453 1611 1481 catenam
1632 1448 1779 1481 Venetiis
1804 1459 1867 1481 nos

183 1504 217 1536 in
236 1504 447 1538 Bessarionis
465 1505 655 1539 Cardinalis
674 1506 793 1539 codice
819 1517 889 1538 nou
913 1504 1172 1539 observavimus
1192 1505 1325 1543 solum,
1348 1517 1470 1538 rerum
1489 1506 1591 1538 etiam
1613 1505 1777 1550 quicquid
1797 1512 1867 1538 erat

181 1561 302 1606 Cyrilli
328 1562 496 1596 ineditum
516 1573 621 1596 manu
641 1569 758 1596 nostra
777 1563 858 1596 inde
882 1563 1141 1607 exscripsimus,
1166 1569 1267 1607 atque
1290 1562 1356 1596 hoc
1380 1562 1556 1596 volumine
1573 1562 1786 1596 inclusimus.
1816 1563 1869 1596 Ad

184 1617 307 1652 Iobum
327 1620 502 1665 scripsisse
520 1620 687 1664 Cyrillutn
707 1626 856 1657 constat:
875 1620 1051 1664 ceteroqui
1069 1620 1105 1652 in
1123 1620 1286 1653 vaticanis
1305 1618 1483 1653 codicibus
1502 1619 1586 1652 nihil
1606 1625 1739 1664 praeter
1755 1619 1867 1658 illam,

184 1687 288 1721 quam
315 1677 432 1710 lunius
456 1676 585 1715 edidit,
607 1682 761 1710 catenam
782 1677 913 1722 reperi;
935 1676 994 1710 sed
1015 1682 1128 1710 tamen
1148 1677 1428 1722 praestantissimi
1453 1677 1598 1714 codicis,
1620 1677 1795 1721 quadratis
1814 1676 1871 1709 lit-

185 1734 266 1766 teris
283 1734 522 1768 x‘etustissimis
542 1735 679 1780 scripti.
702 1735 736 1767 in
755 1745 826 1778 quo
846 1745 925 1767 cum
944 1734 1018 1767 aliis
1037 1733 1194 1779 patribus
1211 1734 1359 1778 Cyrillus
1376 1745 1515 1779 quoque.
1535 1734 1676 1772 citatur,
1699 1734 1870 1779 specimen

185 1801 262 1824 aere
289 1802 408 1824 cusum
435 1791 588 1825 exhibui.
618 1792 667 1825 De
686 1791 805 1836 Cyrilli
832 1791 1019 1836 peramplis
1043 1791 1078 1824 in
1104 1790 1256 1836 psalmos
1277 1792 1534 1825 commentariis
1555 1790 1645 1824 infra
1665 1791 1788 1824 dicam.
1818 1791 1872 1823 Ad

186 1847 371 1882 Proverbia
398 1849 454 1881 xix
482 1860 589 1882 unum
617 1849 772 1894 comperi
800 1848 919 1893 Cyrilli
949 1848 1202 1893 fragmentum:
1229 1847 1313 1880 nihil
1343 1854 1456 1881 autem
1482 1848 1536 1881 ad·
1553 1847 1790 1881 Ecclesiasten.
1818 1847 1871 1880 Ad

186 1905 371 1938 duodecim
399 1906 550 1939 minores
577 1906 766 1951 prophetas
791 1905 909 1951 Cyrilli
931 1916 1032 1939 curae
1058 1911 1204 1939 aetatem
1229 1905 1404 1943 tulerunt;
1429 1906 1509 1938 item
1535 1905 1577 1938 ad
1605 1906 1743 1938 lsaiam:
1766 1905 1872 1939 multa

186 1973 270 1996 xero
296 1963 413 2008 Cyrilli
444 1963 486 1996 ad
512 1964 722 1996 Hieremiam
749 1962 941 2008 fragmenta
967 1962 1123 2007 vulgavit
1146 1963 1181 1995 in
1207 1968 1325 1996 catena
1351 1962 1550 1996 Ghislerius.
1579 1962 1633 1995 Ad
1664 1962 1873 1996 Ezechielem

187 2021 243 2053 xix
270 2027 349 2054 octo
374 2022 494 2066 exigua
521 2021 642 2066 Cyrilli
668 2021 862 2065 fragmenta
886 2021 1041 2054 vaticana
1062 2026 1198 2058 catena,
1220 2021 1419 2065 ceteroquin
1443 2020 1581 2065 ingens,
1603 2019 1702 2053 nobis
1725 2019 1872 2055 obtulit:

188 2084 221 2111 et
248 2078 290 2110 ad
318 2078 496 2112 Danielem
520 2080 597 2112 tria.
626 2078 794 2123 Cyrillum
822 2079 857 2111 in
884 2078 1096 2112 Ezechielem
1122 2079 1316 2123 scripsisse,
1340 2084 1434 2111 extra
1459 2088 1600 2111 omnem
1625 2077 1875 2110 dubitationem

188 2142 257 2169 est:
282 2147 361 2169 nam
382 2143 519 2181 praeter
542 2143 679 2182 reperta
699 2148 717 2170 a
740 2135 841 2170 nobis
865 2136 1059 2181 fragmenta
1078 2136 1113 2168 iu
1136 2137 1282 2174 catenis,
1303 2136 1491 2169 Bandinius
1509 2135 1608 2168 catal.
1630 2135 1708 2168 cod.
1730 2146 1782 2180 gr.
1803 2134 1875 2167 lau-

189 2200 277 2226 rent.
302 2195 339 2226 T.
369 2195 393 2226 1.
421 2206 456 2239 p.
488 2195 566 2227 119.
593 2194 665 2228 [luo
694 2194 758 2227 alia
786 2193 969 2239 perbrevia
994 2194 1029 2227 in
1058 2193 1175 2227 codice
1200 2192 1355 2227 miscello
1381 2199 1569 2231 memorat,
1595 2204 1683 2238 quae
1709 2204 1728 2226 a
1752 2193 1878 2226 nostris

189 2250 323 2284 diversa
341 2257 432 2284 sunt.
463 2251 552 2291 Quid
574 2251 699 2297 plura‘?
726 2253 794 2285 Leo
813 2251 961 2285 Allatius
978 2252 1014 2284 in
1033 2250 1227 2284 enchiridio
1247 2262 1282 2296 p.
1306 2251 1364 2284 38.
1386 2256 1424 2283 ut
1443 2249 1598 2283 ostendat
1619 2250 1782 2294 Spiritum
1801 2260 1878 2282 san-

190 2315 283 2341 ctum
306 2320 378 2342 esse
398 2309 557 2354 spiritum
581 2308 661 2345 filii.
686 2310 765 2342 citat
789 2309 907 2354 Cyrilti
932 2309 1210 2355 explanationem
1228 2309 1262 2341 in
1282 2307 1493 2341 Ezechielem
1519 2299 1580 2341 τὴν
1608 2299 1786 2353 ἐξῆγκσιν
1810 2300 1878 2337 τοῦ

191 2361 392 2409 Χαρίλλου
420 2359 473 2404 εἷς
498 2358 561 2398 ’τὸν
582 2359 781 2413 Ἰεζεκι-Ᾰλ.
808 2367 892 2401 Mihi
919 2372 1033 2401 tamen
1060 2366 1345 2412 pretiosumjioc
1371 2376 1573 2410 summeque
1599 2364 1790 2410 optandum
1814 2364 1878 2409 Cy-

191 2423 260 2455 rilli
288 2424 454 2469 scriptum
481 2435 651 2469 nusquam
677 2430 895 2469 compertum
922 2430 985 2458 est.
1014 2424 1163 2458 Felicior
1185 2425 1221 2456 in
1245 2423 1377 2457 cantico
1399 2422 1593 2456 Salomonis
1616 2422 1685 2461 sui,
1708 2422 1750 2455 ad
1776 2433 1881 2466 quem

192 2480 322 2514 librum
343 2493 415 2515 non
433 2483 478 2515 ita
499 2493 623 2527 paucas
648 2482 767 2527 cyrilli
794 2483 958 2527 reliquias
977 2482 1156 2528 superiore
1181 2481 1361 2515 volumine
1381 2481 1581 2526 complexus
1607 2492 1693 2513 sum.
1722 2480 1820 2513 Mitto
1840 2479 1882 2512 li-

193 2537 275 2571 bros
293 2538 625 2573 deuterocanonicos
642 2539 786 2579 Tobiae,
807 2540 1016 2585 Sapientiae,
1036 2539 1282 2577 Ecclesiastici‚
1299 2545 1333 2572 et
1350 2537 1655 2575 Machabaeorum,
1673 2547 1760 2581 quos
1780 2537 1880 2581 prisci

191 2597 307 2629 Patres
333 2598 424 2630 curis
448 2598 517 2631 suis
542 2609 622 2631 raro
651 2604 709 2632 aut
731 2599 787 2632 xix
815 2599 1024 2643 attigerunt:
1053 2609 1264 2643 quamquam
1288 2597 1495 2642 Sapientiam
1521 2602 1612 2629 certe
1638 2601 1740 2640 atque
1766 2594 1882 2627 Eccle-

191 2656 366 2688 siasticum
391 2655 539 2699 Cyrinus
565 2662 682 2689 noster
709 2668 770 2689 ceu
797 2656 931 2689 divinas
956 2657 1145 2702 scripturas
1166 2667 1237 2689 non
1262 2655 1367 2688 semel
1395 2653 1528 2687 laudat:
1557 2654 1748 2698 Sapientiae
1767 2658 1881 2686 autem

187 2712 279 2746 libro
307 2713 400 2757 regia
427 2724 549 2746 manus
574 2714 735 2748 Matthaei
761 2714 987 2748 Cantacuzeni
1014 2724 1176 2760 graecum
1205 2713 1492 2748 commentarium
1519 2711 1671 2749 addidit,
1698 2711 1795 2744 cuius
1820 2721 1883 2743 uos

191 2777 349 2816 excerpta
373 2771 407 2804 in
434 2770 502 2804 alio
528 2770 707 2805 volumine
732 2773 823 2806 inter
849 2772 977 2806 scholia
1003 2772 1045 2805 ad
1070 2771 1308 2818 Nicephorum
1333 2771 1479 2816 sparsim
1503 2769 1675 2803 dedimus.

287 2832 322 2862 2.
354 2831 424 2863 lam
450 2830 484 2862 in
512 2841 604 2863 novo
631 2836 854 2869 testamento,
876 2831 920 2865 ad
944 2831 1154 2866 Matthaeum
1174 2830 1317 2875 quidem
1338 2840 1379 2862 ex
1399 2827 1522 2874 amplis
1543 2829 1603 2874 qui
1624 2828 1800 2873 perierunt
1819 2826 1885 2870 Cy-

192 2888 259 2920 rilli
287 2886 504 2922 tractatibus.
526 2887 708 2921 mediocris
733 2889 1010 2934 fragmenssorum
1037 2900 1202 2923 numerus
1229 2889 1263 2920 in
1289 2887 1419 2921 Possini
1444 2892 1478 2921 et
1504 2884 1658 2920 Corderii
1686 2884 1812 2919 catenis
1837 2883 1886 2916 lc-

1893 934 1993 963 (avinus
2014 939 2086 963 quae-

1894 963 1950 981 situs
1966 967 1986 980 ιιι
2002 962 2086 981 cutem<

1895 988 1919 1007 'l‘.
1937 989 1970 1007 wt

1920 2826 1974 2848 Item
1991 2827 2013 2848 iu
2027 2827 2111 2850 catoni<

1919 2854 1945 2875 T.
1961 2854 1987 2875 N.
