2205 3177
220 1523 226 1529 “
244 1519 324 1540 Μῖιῐίὴ,
343 1520 352 1538 N
364 1520 400 1540 ΙΙΙ.

218 1551 243 1562 -·»

252 1582 296 1602 Luc
321 1581 400 1603 xxttt,

217 1988 221 1991 ”
239 1983 406 2004 1,»ΧΙΛἩΛε4

426 188 490 221 128
930 196 957 217 s.
987 195 1113 217 crtum
1140 195 1360 217 ALEXANDRINI
1386 194 1590 217 ssxrmxnto

424 261 505 295 bus.
530 259 685 293 israhelis
711 258 947 303 expulsionem
963 284 970 293 ,
992 264 1025 290 et
1051 259 1201 301 gentium
1226 258 1462 294 wcationem,
1482 268 1570 302 quae
1589 258 1702 291 omnia
1729 258 1761 290 in
1789 256 1856 291 fine
1881 257 2097 291 saeculorum

423 322 625 350 creuerunt.
648 326 724 347 cum
748 315 946 358 l'nigeiiitus
965 320 1011 347 est
1034 315 1238 348 incarnatus.
1268 315 1378 347 Simus
1404 314 1533 346 utinam
1553 320 1585 346 et
1605 325 1668 346 nos
1695 315 1790 359 pueri
1810 315 1965 352 Domini,
1987 314 2021 347 id
2047 321 2097 348 est

424 386 491 407 seri
504 374 525 406 i!
546 374 581 405 tlt
605 379 777 416 tamquam
797 373 830 404 in
850 371 1034 416 splendido
1053 371 1125 406 die.
1143 370 1326 405 xii-tutibus
1345 370 1577 416 operibusque
1598 371 1682 404 lucis
1702 371 1843 405 honeste
1861 370 2096 409 ambulemus2

427 437 526 474 atque
554 431 596 462 ita
623 429 665 462 (le
693 429 821 463 cunctis
849 428 1023 465 hostibus,
1046 430 1226 474 praecipue
1252 429 1294 462 ‹lc
1322 440 1423 461 mauu
1450 428 1577 464 Saulis,
1599 428 1681 461 idest
1704 428 1747 461 de
1767 428 1956 462 actionibus
1974 434 2004 462 et
2025 429 2101 462 vio-

428 487 527 520 leutia
555 488 694 519 Satanae
719 485 921 518 liberemur!
950 487 1033 518 Nam
1055 497 1174 519 manus
1194 485 1391 530 ¹symbolum
1411 486 1553 519 actionis
1579 491 1646 517 est:
1669 491 1704 518 ut
1732 484 1772 517 ad
1801 484 1903 519 tinem
1923 497 2030 530 usque
2050 486 2102 518 xi-

425 545 550 577 ctoriae
578 544 834 588 pei-tementes.
856 555 956 587 agere
982 544 1107 587 gratias
1134 544 1303 588 possimus
1329 544 1459 576 auctori
1486 543 1647 575 x‘ictoriae
1674 542 1821 575 Christo.

759 608 923 631 Proin-tor
940 615 1042 635 meus,
1059 611 1087 631 et
1106 614 1202 631 cornu
1220 608 1333 629 §ululis
1349 614 1447 635 mene,
1460 609 1492 630 et
1508 609 1665 634 suiset-mou·
1681 613 1779 629 luteus.

524 659 612 690 llaec
639 657 752 689 omnia
780 656 930 701 epitheta
958 663 1047 690 recte
1075 656 1122 689 illi
1150 655 1401 694 inscribuntur,
1422 656 1465 689 de
1490 667 1560 701 quo
1587 667 1649 689 nos
1676 655 1821 700 psallere
1844 656 1915 701 ipse
1941 656 1995 690 hic
2022 667 2105 702 pro-

429 715 527 760 pheta
556 715 689 747 docuit:
714 721 745 747 te
771 714 961 759 opitulante
980 715 1135 747 inimicos
1155 720 1291 747 nostros
1310 725 1417 747 cornu
1437 719 1649 759 appetentus.
1678 714 1729 746 Sic
1750 713 1912 747 nimirum
1931 720 2106 759 protector

428 778 560 809 noster,
582 778 617 805 ut
639 773 672 804 in
692 783 792 805 carne
812 784 887 809 sua.
911 778 1083 816 tamquam
1104 772 1137 804 in
1158 777 1253 804 scuto
1273 770 1356 809 tela,
1377 771 1570 815 passionem
1590 782 1653 816 pro
1674 769 1774 804 nobis
1792 771 1973 816 exceperit.
1995 771 2107 805 Susce-

428 836 523 875 ptor,
548 840 608 874 per
634 828 846 861 ‹lixinitatem
865 840 953 873 quac
973 828 1045 861 sola
1065 827 1111 860 ob
1130 839 1225 861 suani
1253 826 1557 872 impassibilitatem
1584 839 1646 861 nos
1673 828 1842 873 suscipere
1855 852 1863 864 .
1884 827 1918 860 id
1937 833 1988 861 est
2007 829 2109 862 susti-

429 898 510 920 nere
537 886 713 921 cadentes,
736 892 882 930 poterat.
914 885 1007 917 idem
1026 896 1133 918 cornu
1160 885 1308 918 salutare
1336 884 1442 918 factus
1459 890 1510 918 est
1530 883 1629 918 nobis
1655 896 1716 930 per
1736 896 1891 918 crucem:
1913 883 1996 918 nihil
2017 885 2108 918 enim

430 945 537 989 magis
563 955 666 989 quam
693 955 828 977 crucem
855 942 1040 976 daemones
1066 944 1304 976 extimescunt.

782 1009 927 1031 Ascendit
946 1008 1037 1030 furm-
1055 1009 1088 1030 ἰιι
1106 1009 1155 1030 ira
1173 1009 1254 1035 etus,
1270 1010 1299 1030 et
1317 1008 1402 1037 ignis
1418 1015 1438 1030 a
1455 1008 1534 1031 faeie
1550 1009 1617 1031 eius
1632 1009 1760 1031 exarsit.

529 1059 619 1091 Sicut
640 1058 754 1090 fumus
773 1059 887 1101 ignem
907 1058 1028 1095 anteit;
1050 1069 1191 1091 accenso
1217 1064 1331 1090 autem
1356 1058 1451 1102 igne,
1473 1063 1507 1091 et
1525 1057 1672 1102 ligneam
1691 1057 1895 1103 depascente
1912 1057 2108 1095 materiem,

433 1115 598 1149 carbones
626 1115 697 1148 tieri
726 1116 857 1151 solent:
879 1115 922 1147 ita
942 1116 1002 1148 Dei
1023 1116 1071 1148 ira
1098 1116 1208 1160 coepit
1234 1114 1375 1160 quidem
1401 1120 1438 1148 ut
1463 1113 1595 1152 fumus,
1616 1115 1722 1148 crevit
1747 1121 1785 1148 ut
1810 1115 1914 1159 ignis,
1936 1121 2112 1160 postremo

435 1173 467 1205 in
495 1172 662 1205 carbones
688 1172 819 1217 redegit
847 1172 983 1205 Daxidis
1012 1173 1178 1205 inimicos.
1208 1173 1309 1205 Recte
1335 1183 1418 1205 vero
1445 1182 1509 1217 pro
1535 1172 1712 1217 punitione
1739 1171 1853 1205 fumus
1878 1171 2002 1205 dicitur
2018 1196 2026 1210 ,
2053 1171 2113 1216 qui

435 1228 602 1273 laminas
629 1230 717 1262 ciere
744 1229 842 1261 solet.
872 1230 957 1262 Nam
985 1240 1103 1274 reapse
1130 1229 1245 1262 fumus
1271 1229 1304 1261 in
1331 1228 1451 1262 oculos
1476 1229 1655 1262 incurrens
1673 1228 1802 1262 stillare
1827 1228 1995 1273 lacrymas
2019 1227 2111 1262 facit.

436 1288 605 1320 Nimirum
625 1287 711 1319 irato
731 1292 884 1319 creatore
905 1285 1068 1319 adxersus
1087 1286 1273 1319 daemones
1293 1292 1436 1331 propter
1455 1291 1628 1319 creaturae
1648 1297 1727 1319 suae
1747 1286 1952 1331 perniciem,
1971 1291 2116 1319 anteces-

437 1345 473 1377 sit
498 1343 619 1377 ultioni
641 1343 770 1381 sumus,
793 1354 916 1388 nempe
936 1343 1070 1376 modica
1091 1344 1225 1387 tyranni
1251 1341 1430 1376 inhibitio:
1452 1354 1555 1388 quam
1574 1342 1774 1376 subsecutus
1793 1343 1879 1387 ignis
1903 1348 1970 1381 est,
1991 1353 2116 1388 nempe

437 1400 639 1434 omnimoda
666 1400 772 1433 hostis
798 1400 1003 1438 destructio,
1026 1411 1043 1433 a
1070 1399 1154 1433 facie
1173 1401 1254 1438 Dei,
1275 1399 1310 1433 id
1335 1405 1386 1433 est
1405 1411 1422 1433 a
1441 1400 1595 1439 Christo,
1616 1400 1675 1445 qui
1694 1406 1744 1433 est
1761 1400 1822 1433 Dei
1845 1399 1964 1438 facies,
1985 1406 2018 1434 et
2037 1399 2118 1434 cha-

440 1465 549 1491 racter
576 1457 783 1491 substantiae
809 1458 893 1491 eius.
924 1458 1102 1491 lucarnato
1128 1458 1256 1503 quippe
1274 1457 1475 1502 Unigenito,
1496 1457 1655 1490 incensus
1674 1463 1724 1491 est
1747 1455 1789 1490 ab
1815 1468 1856 1491 eo
1881 1457 1973 1503 ignis
1994 1457 2118 1491 adver-

441 1528 497 1550 sus
517 1515 718 1551 daemones,
738 1516 781 1547 ita
801 1521 836 1548 ut
858 1514 1033 1548 clamarint
1051 1515 1079 1546 ²:
1102 1515 1221 1547 venisti
1242 1514 1309 1548 huc
1328 1519 1404 1548 ante
1423 1520 1558 1560 tempus
1576 1513 1618 1547 ad
1638 1514 1871 1559 torquendum
1891 1525 1965 1548 nos.
1987 1514 2120 1549 Iudaeis

440 1585 579 1618 quoque
606 1574 640 1605 in
667 1578 879 1605 antecessum
906 1583 968 1604 ceu
994 1569 1110 1605 fumus
1127 1571 1217 1605 edita
1244 1571 1307 1604 fuit
1326 1583 1344 1604 a
1364 1571 1498 1605 Christo
1515 1572 1749 1605 comminatio.
1776 1572 1831 1605 Ait
1851 1571 1942 1605 enim
1961 1571 1990 1604 ⁶:
2011 1583 2121 1616 quum

441 1630 594 1663 xidcritis
620 1629 835 1663 Hierusalem
862 1628 904 1662 ab
931 1627 1136 1662 exercitibus
1161 1628 1355 1667 obsessam,
1376 1635 1458 1662 tunc
1484 1628 1585 1662 dicite
1610 1627 1804 1667 montibus,
1827 1629 1959 1674 operite
1985 1640 2066 1668 nos;
2087 1634 2121 1663 et

439 1686 606 1726 collibus,
631 1686 740 1720 cadite
766 1698 869 1731 super
895 1698 969 1719 nos.
1000 1687 1084 1719 Dein
1110 1685 1290 1719 subsecuta
1309 1692 1359 1719 est
1378 1697 1441 1720 ceu
1467 1686 1553 1731 ignis
1573 1686 1640 1724 ira,
1661 1697 1748 1731 quae
1768 1692 1859 1719 tanta
1883 1686 1919 1719 in
1943 1697 2003 1720 eos
2024 1697 2123 1720 exar-

442 1746 502 1779 sit,
533 1751 568 1777 ut
596 1744 673 1777 illos
699 1745 733 1776 in
760 1742 926 1777 carbones
953 1743 1140 1788 redegerit,
1170 1743 1205 1776 id
1230 1749 1280 1776 est
1306 1743 1558 1789 consumpserit
1588 1742 1857 1788 perdideritque.
1886 1744 1961 1776 Scio
1990 1742 2124 1777 bonum

443 1814 580 1846 quoque
606 1814 677 1835 esse
705 1803 837 1844 ignem,
860 1801 959 1834 illum
984 1801 1141 1834 videlicet
1168 1812 1271 1846 quem
1297 1801 1451 1834 Christus
1476 1801 1569 1834 venit
1594 1801 1728 1834 mittere
1747 1802 1782 1834 in
1802 1801 1983 1834 mundum.
2012 1801 2124 1847 Atque

444 1859 499 1892 hic
525 1859 664 1891 demum
692 1859 779 1903 ignis
805 1858 996 1891 laudabiles
1023 1857 1189 1892 carbones
1215 1859 1339 1892 efficit:
1361 1869 1441 1891 nam
1460 1859 1566 1892 sancti
1587 1858 1731 1904 Spiritus
1757 1858 1888 1897 calore,
1908 1858 2031 1903 spiritu
2056 1857 2126 1892 fer-

446 1922 563 1948 ventes
582 1921 747 1960 apparent
768 1914 939 1948 nonnulli.
971 1916 1018 1948 lta
1038 1927 1099 1948 ceu
1118 1914 1287 1948 carbones
1305 1915 1435 1948 accensi
1455 1915 1551 1948 fuere
1570 1927 1589 1948 a
1607 1916 1679 1948 Deo
1699 1915 1864 1960 apostoli,
1885 1926 1946 1948 sua
1964 1926 2043 1949 cum
2063 1914 2126 1948 illo

447 1973 687 2005 coniunctione
714 1971 933 2010 inflammati,
962 1978 995 2005 et
1020 1972 1139 2005 mundi
1167 1972 1298 2005 lumina
1324 1972 1432 2006 effecti
1454 1972 1486 2004 'z
1512 1970 1623 2017 deque
1649 1972 1729 2017 ipsis
1755 1971 1885 2005 dictum
1911 1970 1975 2005 fuit
1999 1973 2126 2007 civitati

448 2030 679 2063 Hierusalem:
703 2029 807 2063 habes
833 2029 999 2063 carbones
1024 2029 1150 2074 quibus
1176 2030 1341 2064 insideas:
1364 2030 1398 2063 hi
1425 2029 1487 2064 tibi
1514 2029 1640 2064 auxilio
1665 2036 1765 2064 erunt
1786 2030 1846 2075 (1).

991 2096 1164 2119 Inclinavit
1180 2096 1294 2123 caelos,
1311 2098 1342 2119 et
1358 2096 1516 2119 descendit
1531 2097 1590 2119 etc.

546 2146 741 2183 Descendit,
763 2153 797 2179 ut
825 2152 951 2180 terram
978 2146 1072 2180 caelo
1099 2147 1342 2192 coniungeret,
1363 2152 1395 2180 et
1422 2144 1643 2180 inferioribus
1668 2147 1948 2180 communionem
1967 2158 2046 2180 cum
2071 2159 2130 2181 su-

450 2203 644 2250 perioribus
670 2204 885 2247 elargiretur.
916 2205 989 2237 lloc
1015 2211 1130 2238 autem
1150 2205 1288 2237 minime
1313 2205 1498 2242 exenisset,
1521 2204 1585 2237 nisi
1604 2215 1646 2237 eo
1665 2204 1772 2237 modo
1791 2205 1825 2237 in
1843 2210 1971 2237 terram
1988 2203 2132 2238 descen-

452 2262 572 2298 disset,
594 2273 664 2306 quo
692 2262 793 2306 recipi
821 2268 972 2306 poterat,
995 2261 1028 2294 id
1049 2268 1099 2295 est
1119 2273 1219 2295 carne
1240 2262 1400 2299 indutus,
1422 2273 1525 2307 quarn
1551 2260 1715 2294 nebulam
1734 2261 1840 2294 veluti
1859 2261 2044 2306 quamdam
2069 2272 2135 2307 pe—

452 2318 554 2353 dibus
573 2320 784 2364 suppositam
803 2319 966 2364 appellat.
985 2321 1076 2353 Haec
1093 2320 1184 2352 enim
1200 2320 1259 2353 Dei
1276 2320 1311 2352 in
1331 2319 1398 2353 sine
1417 2321 1581 2365 temporis
1595 2319 1638 2353 ad
1654 2331 1716 2353 nos
1731 2319 1917 2353 adventum
1931 2318 2130 2353 occultavit.

979 2384 1018 2406 Εἰ
1037 2385 1140 2411 posuit
1156 2385 1300 2407 tenebras
1316 2384 1488 2407 latibulum
1504 2391 1605 2407 uuum.

549 2432 720 2467 Tenebras
750 2433 823 2466 heic
854 2432 1021 2466 arbitrare
1052 2432 1470 2478 incomprehensibi}itatis
1496 2432 1696 2478 caliginem,
1726 2444 1813 2479 quae
1843 2434 1967 2467 mentis
1992 2444 2131 2478 quoque

456 2497 591 2524 nostrae
617 2491 725 2524 oculis
751 2490 920 2527 incidens,
942 2501 1021 2523 eum
1047 2491 1105 2534 qui
1132 2502 1209 2523 cum
1237 2497 1332 2535 patre
1358 2497 1515 2524 aeternus
1541 2497 1609 2529 est,
1636 2492 1749 2524 metiri
1775 2496 1931 2536 tempore
1956 2501 2027 2524 non
2052 2502 2138 2537 per-

456 2549 570 2581 mittit.
600 2568 621 2573 —
646 2546 816 2580 Tenebras
842 2547 994 2591 intellige
1022 2548 1173 2591 mysterii
1201 2546 1465 2585 obscuritatem,
1493 2558 1581 2592 quae
1607 2549 1717 2582 carnis
1743 2559 1842 2582 causa
1868 2547 2054 2581 incredulis
2078 2558 2134 2581 ac-

458 2605 554 2637 cidit:
577 2617 679 2649 quam
708 2604 793 2637 bene
821 2604 1003 2637 latibulum
1030 2605 1239 2637 nominarit:
1263 2604 1309 2637 sic
1328 2604 1419 2636 enim
1437 2605 1589 2638 Christus
1614 2604 1793 2639 diabolum
1812 2605 2065 2650 daemonesque
2083 2603 2135 2638 la-

459 2663 539 2699 tuit,
559 2663 617 2706 qui
644 2662 798 2695 videntes
824 2663 936 2707 ipsum
956 2673 998 2694 ne
1025 2672 1042 2694 a
1069 2660 1202 2694 ludaeis
1226 2660 1366 2705 quidem
1386 2660 1491 2694 {idern
1510 2663 1712 2707 impetrare,
1734 2673 1870 2696 crucem
1895 2662 1926 2696 ei
1952 2672 2138 2706 compara-

461 2725 558 2754 runt,
581 2719 731 2752 crucifixi
759 2720 948 2764 potentiam
974 2720 1183 2764 ignorantes.

573 2803 593 2830 t,
613 2801 740 2834 Sequitur
762 2808 851 2835 presse
873 2801 957 2828 Isaiae
977 2800 1199 2831 alexandrinum,
1220 2807 1294 2827 nunc
1315 2800 1484 2835 vaticanum,
1504 2805 1606 2829 textum
1625 2801 1820 2844 alexandrinus
1840 2800 1974 2837 cyrillus;
1993 2807 2058 2828 nam
2078 2800 2138 2828 rul-

463 2847 541 2877 gatus
564 2843 609 2870 lat.
632 2848 719 2871 textus
742 2846 807 2872 satis
826 2845 927 2872 differt*
