2205 3177
850 247 1043 271 PRAEFATIO.
1747 244 1783 267 XI

114 343 192 368 men
220 329 362 364 alicuius
389 325 502 371 potius
528 320 645 367 Cyrilli
673 314 884 363 grammatici
911 311 1103 346 credendus
1129 309 1320 349 videbitur,
1341 320 1444 355 quam
1467 308 1560 342 illius
1584 308 1786 342 sanctissimi

116 388 301 437 praesulis:
330 392 505 430 quumque
529 382 557 413 is
583 378 671 412 liber
697 385 767 408 non
793 370 916 408 semel,
941 375 1046 415 prout
1071 380 1106 401 se
1131 369 1223 401 varie
1250 368 1282 400 in
1310 367 1412 400 variis
1440 365 1615 401 codicibus
1641 365 1784 404 obtulit,

117 448 229 482 editus
255 444 378 480 fuerit,
402 440 483 474 milii
510 436 601 471 nuda
621 435 692 467 eius
718 427 1001 465 commemoratio
1021 426 1100 459 salis
1123 426 1176 458 sit.
1206 425 1369 470 Pertingit
1387 424 1421 458 id
1441 424 1574 457 lexicon
1595 422 1693 456 valde
1712 434 1786 468 spa-

119 506 244 539 tiosum
270 503 305 535 in
326 499 440 534 codice
460 506 528 529 non
556 491 650 538 parvi
675 487 808 522 moduli
835 496 852 518 a
878 484 938 518 fol.
967 485 997 516 1.
1021 482 1063 516 ad
1086 483 1164 515 154.
1195 483 1233 515 Et
1258 482 1324 515 hoc
1348 482 1541 515 vaticanum
1564 479 1704 526 quidem
1725 480 1789 524 Cy-

120 562 190 596 rilli
210 560 342 594 lexicon
362 552 552 589 communis
570 547 704 593 generis
721 550 790 578 est:
817 542 989 587 ceteroqui
1010 538 1184 574 Fabricius
1205 540 1242 572 B.
1263 539 1302 572 G.
1325 538 1379 571 ed.
1404 551 1485 572 nov.
1508 539 1544 571 T.
1568 539 1623 571 lx.
1646 549 1681 583 p.
1703 538 1786 571 1493.

122 620 168 652 ait
193 624 307 652 extare
328 625 392 647 ms.
420 613 453 644 in
477 607 579 641 variis
604 601 822 638 bibliothecis
846 601 948 634 etiam
976 593 1175 644 Κυρίλλου
1205 589 1256 633 εἷς
1282 587 1350 633 τὰς
1377 587 1631 642 ἀπορουμένας
1658 585 1790 640 λέξεις

122 669 186 714 τῆς
209 668 322 718 ἁγίας
341 660 507 716 γραφῆς,
537 661 661 710 Cyrillz'
678 661 720 694 de
740 657 919 705 ambiguis
945 656 1143 702 scripturae
1168 662 1313 687 sanctae
1338 652 1532 691 ‹·oc-abul1's;
1553 654 1606 687 cui
1634 651 1792 698 subiungi

123 734 208 767 3019!
232 728 384 763 eiusdem
412 716 584 770 ἑρμηνεία
612 708 802 763 ὀνομάτων
820 707 880 748 καὶ
902 706 1046 760 λε’ξεων
1076 705 1262 760 ἑβραϊκῶν
1286 703 1319 744 ἐν
1336 703 1420 748 ταῖς
1448 706 1575 748 θείαις
1602 703 1792 757 γραφαῖς,

127 783 366 833 11·1lerpretat1'o
392 779 574 814 nominum
594 789 637 810 ac·
657 775 903 810 vocabulorum
930 771 1070 806 (livinae
1089 770 1301 817 scripturae.
1326 768 1540 815 alphabetico
1559 768 1680 802 ordine
1699 767 1795 813 dige-

121 850 265 877 storum.
293 843 422 874 Revera
446 838 482 870 in
508 834 627 881 cyrilli
657 833 750 879 apud
776 843 840 866 nos
869 829 1116 865 commentario
1143 828 1355 873 psalmorum
1383 825 1571 860 nonnullae
1599 824 1795 858 huiusmodi

121 913 162 934 ex
185 898 346 933 hebraico
369 893 671 940 interpretationes
690 896 895 927 occurrunt,
917 900 979 921 nec
1006 898 1075 921 non
1103 887 1204 919 etiam
1223 897 1263 919 ex
1287 886 1418 930 syriaco
1440 885 1475 917 in
1501 883 1654 917 eiusdem
1679 882 1796 927 Cyrilli

122 958 314 1001 fragmento
340 954 383 987 de
408 951 596 986 Abrahami
623 947 972 983 transnominatione,
992 944 1086 990 quod
1109 956 1150 978 ex
1175 943 1359 977 florentino
1377 942 1494 976 codice
1517 952 1580 975 nos
1601 941 1799 986 impetravi-

122 1025 212 1047 mus.
242 1012 376 1057 Legesis
402 1011 437 1044 in
463 1010 531 1043 hoc
556 1014 676 1042 nostro
701 1006 880 1040 volumine
905 1015 964 1050 pp.
992 1003 1070 1036 109.
1097 1004 1178 1035 227.
1201 1002 1283 1034 234.
1306 1001 1387 1034 242.
1410 1001 1492 1033 252.
1513 999 1597 1032 253.
1619 999 1701 1032 285.
1731 999 1799 1031 Suo

121 1070 226 1116 igitur
250 1069 394 1103 sortasse
419 1067 529 1101 lexico
559 1065 721 1099 utebatur
743 1062 910 1108 Cyrinus,
932 1072 1000 1094 non
1022 1060 1174 1093 Philonis
1201 1064 1258 1092 aut
1283 1059 1456 1103 Origenis,
1478 1063 1515 1091 ut
1538 1068 1601 1090 nos
1625 1055 1800 1089 interdum

122 1128 332 1173 putavimus.
351 1126 424 1159 Nec
443 1135 543 1168 aegre
561 1123 743 1168 quisquam
764 1119 829 1153 sibi
852 1118 1076 1165 persuaserit,
1099 1116 1283 1161 Cyrillum,
1304 1116 1363 1160 qui
1383 1121 1493 1149 totum
1510 1115 1599 1154 vitae
1618 1123 1697 1146 suae
1716 1118 1801 1146 tem-

123 1197 188 1232 pus
214 1186 249 1218 in
277 1194 457 1218 sacrorum
481 1179 674 1214 Bibliorum
705 1178 819 1212 studio
847 1183 881 1211 et
906 1176 1145 1222 explanatione
1174 1174 1405 1219 consumpsit,
1431 1172 1537 1206 lexica
1563 1172 1663 1205 etiam
1692 1175 1803 1203 marte

123 1243 268 1288 proprio
290 1240 356 1274 sibi
378 1239 615 1275 concinnasse,
637 1234 764 1282 quibus
782 1236 816 1268 in
838 1245 935 1268 sacro
955 1233 1072 1266 codice
1092 1231 1302 1266 declarando
1321 1230 1503 1264 commode
1523 1230 1571 1263 uti
1592 1235 1726 1275 posset;
1748 1226 1802 1261 vel

123 1311 213 1344 quae
238 1304 380 1344 sponte,
402 1303 439 1330 ut
465 1296 521 1335 fit,
545 1294 742 1328 lucubranti
769 1293 834 1338 ipsi
854 1290 997 1324 subnata
1018 1290 1170 1323 fuissent.
1199 1290 1260 1322 His
1278 1289 1321 1322 de
1340 1288 1457 1332 cyrilli
1482 1288 1591 1320 lexico
1615 1286 1728 1325 (lictis,
1751 1297 1805 1320 re-

125 1356 238 1400 liquas
263 1355 391 1389 codicis
416 1353 580 1389 vaticani,
605 1362 710 1395 quem
729 1359 953 1394 coeperamus
977 1346 1188 1384 describere,
1211 1351 1325 1390 partes
1342 1354 1606 1390 prosequamur.
1635 1343 1766 1377 Scilicet
1789 1355 1807 1377 a

126 1425 161 1458 p.
188 1413 267 1445 152.
290 1421 398 1454 usque
419 1409 462 1441 ad
486 1409 564 1441 163.
587 1414 638 1440 est
658 1397 831 1438 Ἰωάννου
856 1395 1073 1436 Φιλοπόνου
1092 1395 1172 1448 περὶ
1199 1394 1270 1434 τῶν
1297 1392 1486 1447 διαφόρων
1510 1394 1701 1446 σημασιῶν
1728 1391 1808 1432 δια-

127 1459 252 1510 φόρως
275 1456 525 1508 τονουμένωνε
553 1462 726 1496 Iohannis
746 1461 936 1507 Phl'loponi
959 1460 1002 1493 de
1028 1459 1204 1493 vocabulis
1223 1458 1356 1493 diverse
1375 1470 1444 1505 pro
1463 1458 1666 1491 diversitate
1688 1470 1807 1490 aecen-

125 1531 228 1555 tuum
247 1520 550 1569 significantibus.
579 1520 741 1554 Posthinc
759 1519 932 1553 rhetorica
956 1518 1125 1564 quaedam
1144 1517 1251 1551 lexica
1271 1528 1380 1562 usque
1403 1516 1445 1550 ad
1465 1516 1527 1550 fol.
1554 1518 1632 1550 177.
1655 1515 1705 1549 lbi
1726 1526 1810 1548 vero

125 1580 265 1625 incipit:
293 1571 451 1625 λεξικόν
476 1569 708 1611 ἐνδιαθέτων
726 1569 884 1623 ’γραφῶν
909 1567 1060 1608 ἐκτεθὲν
1079 1565 1178 1622 παροέ
1196 1565 1391 1615 Στεφάνου
1411 1565 1471 1606 καὶ
1502 1564 1701 1620 Θεοδώρου
1716 1596 1724 1611 ,
1745 1564 1810 1605 καὶ

131 1627 265 1683 ἑτέρων
287 1627 530 1682 λεξιΓροὶφων
548 1627 746 1667 Κασιανοῦ
764 1625 825 1666 καὶ
845 1627 1030 1680 ΛοΓγίνου
1053 1623 1292 1673 φιλοσόφους
1315 1631 1454 1665 lexicon
1473 1631 1669 1678 scripturae
1688 1630 1814 1664 utrius-

129 1707 195 1741 que
221 1693 425 1728 testamenti
453 1694 461 1736 l
484 1683 715 1726 ε’νδιαθέτων
738 1691 942 1738 positarum
962 1690 998 1723 in
1017 1690 1171 1735 canone)
1192 1689 1327 1723 eduum
1346 1701 1370 1722 a
1389 1688 1567 1736 Stephano
1585 1697 1617 1722 et
1638 1687 1814 1722 Theodoro

132 1751 284 1797 aliisque
304 1749 571 1797 leoeicographz's
592 1748 760 1784 Cassiano
787 1757 819 1782 et
839 1747 1018 1794 Longino,
1041 1759 1150 1792 usque
1170 1747 1212 1781 ad
1232 1747 1295 1781 sol.
1317 1748 1399 1781 212.
1430 1747 1600 1792 (Cassiani
1619 1752 1653 1780 et
1670 1746 1815 1790 Longini

132 1800 441 1854 οἷποσπασμοίτιον
470 1809 566 1842 lexici
593 1819 658 1853 ego
683 1807 755 1842 vidi
781 1808 818 1840 in
845 1807 913 1841 alio
931 1807 1034 1840 etiam
1053 1812 1122 1840 vat.
1146 1805 1301 1850 codice.)
1327 1804 1458 1839 Deinde
1484 1796 1615 1850 λέξεις
1642 1795 1815 1849 ἰατρικοῦ

133 1862 308 1906 βιβλίου·
331 1856 416 1912 orep?
441 1858 608 1906 βοτανῶν
634 1859 809 1912 ἑρμηνεία
822 1888 830 1903 ,
850 1876 975 1910 nempe
994 1864 1169 1898 medicum
1188 1872 1221 1896 et
1239 1862 1446 1896 herbarium
1465 1862 1622 1899 leoeieon,
1644 1872 1754 1906 usque
1772 1860 1815 1894 ad

136 1922 198 1956 sol.
221 1924 304 1956 215.
325 1924 405 1957 Mox
430 1929 507 1969 post
532 1923 667 1957 minora
687 1922 753 1957 alia
772 1929 806 1956 et
825 1921 970 1957 fortasse
988 1921 1177 1956 levidensia
1202 1921 1264 1955 fol.
1287 1921 1376 1954 255:
1407 1911 1615 1952 Θεοδοσίου
1641 1927 1818 1964 ’γραμμα-

135 1971 409 2025 τικοῦἸωάννζκι
427 1973 479 2027 τῷ
501 1972 773 2027 θεφιλεστοίτῳ
795 1971 1035 2027 πρεσβυτέρῳ
1059 1971 1120 2012 καὶ
1146 1971 1180 2012 ἐν
1202 1971 1358 2026 Χριστῷ
1378 1968 1557 2025 ἀδελφῷ,
1575 1969 1656 2023 περὶ
1686 1968 1755 2009 τῶν
1782 1968 1817 2009 ἐν

135 2030 217 2074 τοῖς
243 2029 409 2070 κανόνεσι
437 2031 508 2071 τῶν
536 2031 651 2080 ἁγίων
678 2030 838 2084 ἑορτῶνε
870 2036 1055 2070 Theodosii
1078 2036 1314 2084 grammatici
1338 2036 1389 2069 ad
1411 2034 1607 2069 Iohannem
1632 2035 1705 2068 Deo
1731 2033 1819 2067 dile-

136 2094 334 2127 ctissimum
356 2095 599 2141 presbyterum
625 2104 657 2129 et
678 2095 715 2129 in
737 2095 874 2129 Christo
889 2095 1071 2141 fratrem,
1095 2094 1139 2128 de
1163 2093 1358 2127 canonibus
1383 2105 1442 2127 seu
1467 2092 1589 2127 metris
1613 2101 1819 2126 sanctarum

136 2151 427 2185 sollemnitatum.
456 2153 633 2187 Postremo
651 2159 732 2187 sunt
751 2154 895 2188 Cosmae
920 2153 1082 2187 monachi
1107 2153 1259 2197 itemque
1285 2151 1448 2185 Iohannis
1468 2150 1696 2196 (damasceni)
1717 2161 1821 2183 cano-

137 2220 196 2242 nes
223 2208 355 2254 aliquot
372 2220 431 2243 seu
450 2217 560 2244 metra
585 2222 663 2244 cum
689 2211 778 2245 odis.
808 2211 947 2245 Cosmas
965 2210 1108 2256 quidem
1135 2216 1187 2244 est
1211 2210 1270 2243 ille
1288 2208 1587 2256 philogregorius‚
1611 2214 1645 2242 et
1663 2207 1821 2241 melodus

139 2265 303 2305 celebris,
326 2267 422 2301 cuius
447 2279 510 2302 nos
536 2269 670 2314 amplos
695 2269 965 2304 commentarios
991 2268 1033 2302 ad
1053 2268 1252 2302 Nazianzeni
1278 2268 1429 2301 carmina
1454 2266 1508 2300 his
1534 2266 1629 2300 annis
1652 2265 1821 2299 edidimus

140 2324 174 2356 in
193 2323 375 2370 Spicilegio
401 2336 491 2359 rom.
513 2327 550 2359 Τ.
573 2327 615 2360 ll.
644 2327 802 2362 Profecto
822 2328 849 2361 si
869 2327 1003 2361 occasio
1022 2326 1129 2360 ferret
1147 2325 1191 2359 de
1210 2326 1340 2371 graecis
1358 2325 1473 2359 lexicis
1498 2324 1614 2370 loqui,
1637 2335 1724 2369 quae
1742 2334 1822 2368 per-

141 2381 249 2415 multa
272 2382 308 2415 in
332 2383 495 2417 vaticanis
521 2383 698 2419 codicibus
717 2385 842 2425 latent,
864 2384 1043 2419 dilatando
1069 2385 1221 2418 sermoni
1248 2389 1369 2417 nostro
1388 2394 1528 2429 campus
1553 2387 1700 2428 pateret:
1721 2386 1823 2425 atque

141 2437 225 2471 haec
252 2450 323 2473 non
347 2441 538 2486 spernenda
565 2441 708 2477 fortasse
734 2443 896 2477 mantissa
923 2442 1014 2476 foret
1039 2441 1231 2476 lexicorum
1256 2441 1399 2475 illorum
1424 2451 1512 2486 quae
1538 2440 1678 2473 Photius
1703 2439 1738 2471 in
1763 2448 1823 2471 sua

146 2491 353 2531 bibliotheca
377 2505 534 2533 numerat
553 2511 570 2533 a
591 2500 668 2533 cod.
694 2501 774 2534 145.
796 2500 840 2534 ad
864 2501 943 2534 158.
971 2499 1131 2534 Profecto
1150 2500 1186 2532 in
1206 2498 1259 2532 his
1277 2499 1440 2533 vaticanis
1463 2497 1630 2532 nonnulla
1649 2502 1740 2529 certe
1765 2506 1825 2529 ex-

146 2550 293 2592 cellum,
314 2566 465 2599 quorum
490 2563 604 2591 tamen
629 2559 773 2592 materia
798 2568 878 2592 cum
896 2558 1000 2592 Suida
1019 2564 1053 2591 et
1071 2569 1151 2591 cum
1177 2557 1417 2603 etymologicis
1440 2567 1540 2601 saepe
1566 2554 1744 2599 congruit;
1763 2551 1825 2586 sed

146 2620 219 2643 non
238 2610 310 2643 sine
330 2613 492 2647 varietate
510 2615 618 2650 multa
637 2627 697 2650 seu
715 2615 968 2650 vocabulorum
987 2627 1046 2650 seu
1065 2616 1169 2650 etiam
1188 2615 1446 2661 exemplorum:
1466 2624 1537 2659 quo
1556 2611 1612 2652 fit,
1633 2618 1671 2645 ut
1689 2611 1826 2657 egregia

146 2667 252 2700 etiam
283 2667 541 2714 deperditorum
573 2683 719 2718 operum
751 2673 964 2720 fragmenta,
992 2674 1091 2720 quasi
1122 2674 1196 2708 auri
1226 2672 1459 2719 probatissimi
1486 2669 1650 2710 scobem,
1678 2669 1826 2704 nancisci

146 2724 330 2768 possimus.
360 2726 424 2759 Sed
443 2727 486 2761 de
504 2727 557 2761 his
576 2729 643 2764 alio
662 2729 807 2765 fortasse
825 2737 982 2778 tempore
1001 2741 1152 2778 agemus.
1181 2731 1280 2765 Nunc
1299 2729 1400 2763 huius
1422 2728 1531 2763 nostri
1550 2727 1736 2763 voluminis
1753 2737 1827 2760 ma·-

122 2785 124 2788 '
149 2781 234 2815 teria
259 2782 471 2828 capitulatim
497 2787 727 2831 percensenda
753 2795 815 2823 est.
