2205 3177
788 204 819 225 m
846 203 997 224 PSALMUM
1026 204 1145 225 xxxvr.
1746 194 1803 225 171

128 274 272 315 Pergens
291 280 375 302 vero
394 270 520 302 iustum
541 268 709 301 consolari
730 266 926 312 psalmista,
949 272 984 299 tu
1004 267 1162 311 quidem,
1187 268 1316 312 inquit,
1338 274 1519 312 tantopere
1546 265 1753 303 elevaberis.
1777 274 1811 300 ut

129 340 310 374 supernam
338 327 546 372 sublimique
574 328 650 360 loco
677 327 822 372 positam
850 331 1107 358 mansuetorum
1139 333 1265 359 terram
1294 326 1480 371 possideas.
1512 326 1735 370 Exploratum
1762 332 1810 359 est

130 393 263 424 autem,
285 398 354 419 non
383 386 492 419 attolli
520 386 688 430 aliquem,
716 390 750 416 ut
778 383 864 416 hanc
891 382 1037 428 pedibus
1063 383 1251 416 subiectam
1279 391 1405 417 terram
1431 383 1602 420 obtineat,
1631 383 1689 417 sed
1718 384 1811 417 illam

130 445 246 489 potius
272 443 359 476 adeo
378 443 563 477 excelsam,
588 448 621 475 ut
638 452 735 490 *opus
752 441 823 473 Deo
843 441 882 473 sit
905 439 946 473 ad
967 451 1041 473 eam
1062 441 1303 484 possidendam
1324 441 1521 474 extollente.
1552 442 1727 474 Postremo
1747 442 1811 473 im-

132 502 226 546 pios,
247 502 375 545 quique
397 502 427 533 in
449 507 480 533 te
500 499 659 533 ‹ientihus
680 497 892 531 infrendent.
914 498 1091 530 intercisos
1110 499 1313 542 conspicies:
1337 498 1556 531 destruentur
1576 500 1684 534 enini,
1707 499 1811 543 idque

130 558 239 591 oculis
265 559 336 603 ipse
364 556 562 590 intueberis

390 623 464 645 l'idi
482 622 613 648 impium
628 620 910 647 superexaltatum,
926 622 956 642 et
973 621 1127 642 eit-vatum
1145 621 1225 642 sieut
1242 621 1348 643 cedros
1366 621 1480 643 Libani
1499 623 1556 643 etc.

226 675 391 710 Cernens,
413 673 538 717 inquit,
560 671 669 704 malos
690 671 845 704 homines
864 682 1029 716 prospere
1048 677 1202 714 agentes,
1225 670 1486 704 considerabam
1506 672 1685 716 quomodo
1705 673 1739 705 id
1759 673 1813 706 ad-

130 733 234 765 secuti
253 737 376 765 essent.
400 729 528 763 Deinde
546 728 630 761 dum
649 728 714 761 hoc
735 734 929 773 reputarem
951 739 1154 772 mecumque
1174 740 1336 763 nnrarer.
1360 728 1478 761 volens
1498 729 1613 763 denuo
1633 730 1711 763 illos
1731 732 1813 776 aspi-

130 802 226 827 cere,
255 789 374 822 oculos
400 787 538 824 sustuli,
568 787 630 831 ipsi
658 793 771 819 autem
799 787 954 831 nuspiam
982 787 1047 819 iam
1075 792 1183 819 erant.
1214 787 1290 819 Mox
1318 786 1521 819 eorumdem
1550 794 1811 821 monumentum

130 847 268 892 aliquod
297 844 555 890 deprehendere
582 843 741 879 studens.
765 855 806 876 ne
826 844 940 877 locum
961 844 1121 888 quidem,
1145 843 1203 877 uhi
1226 843 1360 889 pridem
1380 845 1565 877 consistere
1585 845 1809 881 xidehantur,

130 904 281 949 reperire
308 903 417 947 potui.
446 901 554 935 Viden
583 907 614 934 ut
644 902 833 947 impiorum
863 913 959 934 casus
986 907 1117 934 tantum
1146 913 1214 934 non
1242 901 1288 935 oh
1319 901 1439 934 oculos
1470 903 1625 935 oninium
1658 910 1813 947 prostare

130 961 230 997 (licit,
257 960 390 992 nemine
419 970 491 1004 proi
503 970 558 991 sus
577 970 635 991 cos
654 959 858 1003 ignorante?
884 960 970 992 Nam
996 958 1089 1003 quod
1113 960 1183 1004 ipse
1203 959 1422 1003 singulariter
1449 959 1550 996 (licit,
1576 959 1609 992 id
1630 972 1815 994 commune

130 1019 250 1053 ceteris
276 1018 373 1051 facit:
396 1029 465 1051 non
485 1029 519 1051 se
541 1029 647 1050 unum
674 1017 798 1051 vidisse
824 1019 888 1055 ait,
914 1017 973 1051 sed
999 1017 1145 1051 verbum
1170 1032 1183 1047 «
1209 1017 1277 1050 xidi
1301 1030 1317 1048 »
1340 1029 1411 1051 rem
1434 1019 1465 1050 in
1486 1019 1641 1051 omnium
1669 1030 1814 1064 conspe-

129 1082 183 1109 ctu
210 1076 355 1121 positam
383 1074 534 1108 denotat.
566 1075 688 1120 Aspexi
716 1086 818 1120 ergo,
848 1076 977 1119 inquit„
1006 1075 1151 1120 impium
1179 1075 1362 1107 cedrorum
1391 1076 1612 1120 proceritates
1638 1075 1814 1109 aemulan-

128 1141 214 1171 tem,
235 1132 487 1178 arboribusque
513 1133 686 1166 altissimis
712 1144 850 1178 parem,
875 1132 921 1166 ob
947 1132 1145 1178 superbiam
1172 1133 1318 1169 scilicet,
1343 1134 1546 1178 inanemque
1568 1140 1757 1171 tumorem,
1781 1141 1813 1168 et

128 1192 320 1225 mundanas
345 1191 528 1236 gloriolaS,
550 1201 587 1224 ac
613 1197 741 1224 ceteras
760 1191 937 1224 vanitates.
960 1191 1086 1223 Verum
1107 1191 1135 1223 is
1154 1190 1250 1223 brevi
1270 1196 1425 1236 tempore
1447 1197 1542 1236 post,
1565 1191 1607 1224 de
1626 1191 1742 1225 medio
1762 1204 1814 1225 re-

129 1250 245 1287 cessit,
267 1255 368 1294 atque
395 1249 428 1281 in
456 1254 583 1282 tantam
610 1249 702 1282 venit
728 1249 921 1285 miseriam,
941 1254 979 1281 ut
999 1260 1040 1281 ne
1060 1249 1156 1281 loeus
1180 1248 1321 1293 quidem
1348 1250 1418 1281 eius
1444 1256 1615 1294 superstes
1634 1249 1814 1295 dignosce-

130 1313 237 1340 retur.
267 1307 347 1339 Loci
374 1311 488 1339 autem
515 1306 654 1339 nomine
680 1306 883 1339 memoriam
911 1305 1076 1350 designat.

255 1372 384 1394 Custodi
401 1372 627 1398 innocentiam,
643 1372 747 1397 specta
764 1371 970 1397 aequitatem,
986 1371 1133 1397 quoniam
1150 1373 1224 1393 sunt
1240 1370 1396 1397 reliquiae
1412 1371 1531 1393 homiui
1549 1372 1686 1398 pacifico.

226 1423 265 1455 Et
290 1421 515 1467 supplicium,
536 1421 664 1465 inquit,
688 1421 891 1465 impiorum,
913 1426 945 1453 et
972 1420 1135 1464 reliquiae
1161 1420 1195 1453 id
1223 1426 1273 1453 est
1299 1421 1472 1454 hereditas
1497 1423 1652 1467 piorum,
1674 1434 1812 1456 morum

130 1479 191 1513 tibi
217 1478 467 1524 simplicitatem
493 1477 677 1511 suadeant:
700 1478 931 1511 innocentiam
957 1478 1049 1510 enim
1068 1478 1142 1511 heic
1162 1478 1414 1523 simplicitatem
1434 1479 1625 1524 intelligere
1650 1487 1807 1525 oportet,

129 1537 267 1581 quicum
294 1536 480 1572 sinceram,
504 1535 689 1580 integram,
711 1541 813 1580 atque
839 1535 933 1568 omni
960 1534 1152 1579 hypocrisi,
1177 1541 1208 1568 et
1236 1536 1331 1579 quasi
1352 1536 1571 1581 duplicitate,
1597 1537 1744 1571 alienam
1762 1538 1811 1571 vi-

130 1600 198 1627 tam
217 1593 451 1638 transigimus;
473 1592 665 1626 cuiusmodi
685 1599 757 1626 erat
777 1592 876 1626 divus
896 1592 1107 1626 Nathanahel
1122 1619 1129 1629 ,
1155 1592 1197 1625 de
1217 1604 1287 1637 quo
1306 1593 1460 1627 Christus
1478 1594 1563 1627 dixit
1584 1595 1614 1627 ⁶:
1636 1606 1712 1629 ecce
1731 1607 1812 1629 vere

128 1651 318 1688 israhelita,
340 1651 375 1684 in
401 1661 471 1695 quo
496 1649 599 1684 dolus
620 1662 687 1684 non
708 1656 770 1683 est.
800 1648 891 1683 Alibi
918 1650 1020 1684 etiam
1040 1661 1155 1683 sacrae
1180 1650 1313 1684 litterae
1335 1651 1453 1685 dicunt
1474 1652 1482 1660 '
1497 1678 1504 1689 ,
1527 1651 1689 1685 Iacobum
1710 1652 1813 1687 fuisse

129 1709 303 1743 hominem
323 1709 514 1754 simplicem
533 1715 564 1742 et
585 1709 817 1742 domisedum.
844 1710 935 1754 Ergo
955 1720 1093 1742 morum
1113 1709 1365 1754 simplicitatem
1385 1716 1418 1743 et
1437 1710 1587 1743 malitiae
1606 1711 1813 1756 inexperien-

128 1768 227 1803 tiam.
248 1767 336 1800 hanc
354 1766 500 1800 dicimus
519 1778 591 1800 esse
610 1767 854 1799 innocentiam.
877 1767 1091 1811 Aequitatem
1111 1777 1195 1800 vero
1216 1766 1298 1800 nihil
1320 1767 1413 1800 aliud
1432 1779 1505 1801 esse
1524 1767 1810 1807 existimabimus,

127 1836 231 1868 quam
256 1825 292 1857 in
318 1825 455 1858 scientia
483 1823 680 1857 divinorum
707 1824 909 1868 dogmatum
936 1830 1067 1857 rectum
1094 1826 1267 1857 tramitem
1288 1836 1325 1858 ac
1345 1826 1503 1870 nuspiam
1529 1826 1731 1859 distortum:
1755 1838 1814 1872 ge-

130 1882 231 1915 nuina
251 1882 343 1915 enim
362 1883 494 1915 ratione
513 1882 666 1915 veritatis
685 1882 841 1915 doctrina
863 1881 1026 1915 tradenda
1047 1888 1108 1916 est.
1133 1882 1190 1916 Vel
1212 1883 1314 1916 etiam
1334 1884 1528 1929 intelligere
1547 1884 1642 1921 licet,
1664 1885 1697 1917 in
1717 1896 1814 1918 exer-

130 1939 236 1972 cenda
256 1940 382 1972 xirtute
402 1939 534 1972 nullam
559 1938 812 1984 obliquitatem.
842 1940 977 1972 Dictum
998 1946 1049 1973 est
1071 1931 1159 1974 enini
1188 1940 1313 1974 alicubi
1340 1941 1383 1974 de
1410 1941 1648 1986 peccatoribus
1670 1943 1701 1975 ':
1724 1954 1813 1987 quo—

129 2008 206 2029 rum
225 1997 298 2029 viae
317 1995 479 2041 obliquae
498 2002 593 2033 suut,
616 2003 647 2029 et
669 1996 840 2030 flexuosae
858 1995 990 2030 orbitae
1009 2008 1144 2031 eorum.
1167 1998 1269 2031 Serva
1290 1999 1410 2043 igitur,
1433 1999 1562 2044 inquit,
1583 2000 1812 2033 innocentiam

129 2060 231 2098 atque
250 2054 469 2098 aequitatem.
487 2053 576 2094 Quid
595 2053 675 2087 inde
695 2054 824 2098 porro?
839 2054 1003 2098 quoniam
1021 2061 1100 2088 sunt
1119 2055 1284 2100 reliquiae
1303 2056 1433 2090 homini
1454 2056 1611 2101 pacifico.
1629 2058 1812 2102 Postquam

129 2112 219 2144 enim
247 2112 359 2156 perire
379 2111 533 2145 funditus
560 2112 702 2157 impium
723 2113 888 2149 narravit,
912 2119 950 2145 ut.
975 2124 1018 2145 ne
1044 2112 1140 2147 locus
1165 2113 1306 2158 quidem
1326 2115 1398 2147 eius
1418 2115 1628 2160 reperiatur;
1650 2116 1811 2161 reliquias

129 2167 198 2205 his.
218 2169 276 2213 qui
305 2169 412 2202 Deum
439 2180 553 2202 amare
576 2175 610 2202 et
636 2170 866 2203 innocentiam
892 2170 1064 2203 custodire
1091 2170 1334 2207 decreverunt,
1356 2179 1573 2206 conservatas
1598 2174 1655 2206 ait.
1686 2174 1812 2206 Huius-

130 2225 223 2259 modi
251 2238 333 2259 xero
359 2226 535 2259 hominem
562 2226 711 2271 appellat
739 2225 941 2272 pacificum,
964 2228 1022 2273 qui
1049 2239 1167 2273 pacem
1195 2240 1271 2261 eum
1298 2230 1369 2263 Deo
1397 2230 1588 2274 sanctisque
1615 2230 1811 2264 hominibus

130 2283 240 2319 fovet.
264 2285 322 2329 qni
350 2289 462 2317 rectus
488 2289 538 2316 est
564 2290 596 2317 et
624 2284 752 2318 insons.

627 2349 736 2376 Iniqui
754 2352 859 2372 autem
875 2350 1078 2373 destruentur
1096 2351 1128 2373 in
1148 2351 1179 2373 id
1198 2352 1310 2378 ipsum.

224 2400 469 2436 Destruentur,
494 2399 621 2443 inquit,
646 2400 771 2444 iniqui:
794 2405 896 2445 atque
922 2399 1001 2433 ideo
1026 2400 1156 2434 dictum
1182 2408 1267 2446 puto
1280 2395 1293 2439 ‚¹
1310 2413 1380 2435 non
1406 2403 1550 2436 inveniri
1578 2402 1692 2436 locum
1718 2403 1810 2448 ipso-

129 2469 217 2490 rum.
240 2458 349 2490 Dictio
368 2463 481 2490 autem
499 2471 514 2487 «
532 2458 565 2490 in
587 2457 621 2490 id
639 2458 750 2503 ipsum
770 2472 785 2489 »
804 2459 943 2503 ponitur
963 2470 1028 2504 pro
1046 2458 1125 2492 ilico
1143 2465 1173 2492 et
1193 2460 1323 2495 statim,
1341 2467 1377 2493 ut
1397 2472 1503 2493 unum
1522 2460 1683 2505 idemque
1699 2460 1811 2494 videa-

130 2521 185 2547 tur
211 2521 346 2560 tempus
365 2521 398 2548 et
417 2514 630 2548 exaltationis
648 2527 768 2548 eorum
789 2516 960 2560 simulque
978 2517 1013 2549 in
1034 2517 1167 2550 ruinam
1195 2520 1309 2550 casus:
1334 2528 1403 2551 non
1423 2518 1514 2550 enim
1534 2517 1676 2562 longum
1703 2519 1810 2551 inter-

128 2579 243 2607 curret
261 2579 412 2618 tempus,
429 2574 511 2618 quin
528 2573 635 2606 immo
654 2573 687 2606 id
706 2574 887 2607 minimum
906 2586 944 2608 ac
962 2573 1067 2608 breve
1086 2575 1161 2608 erit.
1180 2575 1286 2607 Simul
1303 2576 1393 2608 enim
1409 2575 1560 2608 elevatus
1576 2575 1639 2608 fuit
1653 2576 1805 2620 iniquus,

127 2637 160 2664 et
179 2630 318 2667 cecidit;
335 2631 427 2664 visus
446 2637 513 2667 est.
531 2642 635 2676 seque
653 2630 833 2668 subduxit:
851 2632 984 2669 floruit,
1001 2638 1034 2666 et
1052 2633 1230 2665 emarcuit.
1250 2633 1323 2666 Hoc
1338 2632 1477 2677 inquam
1497 2638 1565 2670 est,
1583 2633 1615 2665 in
1630 2632 1665 2665 id
1680 2630 1805 2678 ips‘um.

676 2696 770 2719 Salus
785 2699 890 2721 autem
907 2700 1061 2721 iustorum
1077 2705 1096 2720 a
1115 2698 1257 2720 Domino.

223 2747 359 2781 Liberat
377 2747 522 2781 devotos
539 2746 602 2781 sibi
621 2748 728 2787 Deus,
745 2755 779 2782 et
798 2749 902 2782 telum
921 2750 1078 2783 saevitiae
1096 2748 1339 2793 improborum
1358 2748 1455 2782 futile
1474 2749 1600 2783 reddit.
1622 2751 1698 2783 Non
1718 2751 1809 2783 enim

128 2805 204 2838 sinit
225 2811 357 2839 sanctos
377 2804 488 2841 feriri.
512 2805 571 2838 sed
591 2805 717 2839 horum
737 2806 922 2840 adversarii
942 2820 959 2841 a
980 2818 1084 2852 scopo
1105 2805 1285 2844 aberrant,
1310 2812 1340 2840 et
1361 2807 1474 2852 omnis
1493 2807 1648 2852 ipsorum
1668 2813 1809 2841 conatus

130 2863 161 2896 in
187 2863 390 2896 eorumdem
417 2869 519 2908 caput
545 2863 743 2897 reflectitur.
1399 2855 1405 2867 l

1854 1615 1858 1619 “
1877 1611 1916 1631 101]
1944 1612 1958 1631 1.
1977 1614 2005 1631 Π.

1853 1673 1858 1680 ’
1869 1670 1925 1690 Gen.
1935 1670 1988 1690 XX*
1999 1672 2043 1690 .*.'7.

1853 1963 1858 1968 '
1878 1959 1941 1980 Prox.
1959 1961 1985 1980 Π,
2005 1964 2033 1981 ιῑ.4
