2205 3177
213 769 217 773 ·
237 764 261 785 ιι.
279 764 330 789 avg.
345 763 391 784 xx.

220 1631 225 1635 ⁴
243 1627 290 1647 loli.
305 1627 344 1648 ΧΗ
369 1632 393 1648 2*

430 281 476 315 92
938 289 966 311 s.
995 289 1121 311 cvmma
1148 289 1368 312 mensumn
1396 289 1601 312 EXPLANATto

1104 387 1332 426 PSALMUS
1366 388 1431 426 lll.

987 471 1133 500 Domine,
1149 474 1224 499 qum
1241 473 1448 500 mumpncnu
1465 473 1554 495 sumt

526 526 580 558 Ait
607 526 736 569 itaque:
757 525 841 569 quid
867 525 1085 571 multiplicati
1110 527 1212 560 sunt?
1230 526 1439 560 vocabulum
1466 526 1571 573 quid,
1594 537 1658 571 pro
1676 525 1776 558 valde
1795 525 1923 559 dicens.
1952 527 2108 572 Expave-

431 585 488 617 scit
518 584 607 616 enim
636 583 833 616 innumeros
859 595 1001 617 cernens
1025 585 1083 629 qui
1109 584 1249 617 insidias
1272 584 1334 629 ipsi
1361 590 1510 618 struunt.
1540 584 1580 616 Et
1605 584 1725 616 metuit
1752 583 1892 628 quidem
1919 590 1955 617 ut
1982 584 2103 621 homo,

433 640 523 674 haud
545 647 657 673 tamen
677 639 764 673 cedit
786 639 996 678 terroribus:
1018 641 1077 674 sed
1098 640 1300 674 roboratum
1320 640 1450 675 habens
1469 652 1486 674 a
1506 642 1577 674 Deo
1599 651 1677 678 cor,
1699 646 1852 686 expectat
1877 652 1912 673 sc
1938 639 2106 675 rebellan-

431 698 521 732 tibus
541 697 612 731 tieri
633 698 858 743 superiorem.
882 699 988 731 Porro
1008 698 1173 732 Daxidem
1194 697 1397 744 premebant
1416 698 1652 744 multiplicati,
1673 698 1723 731 illi
1743 697 1898 732 videlicet
1920 697 2108 733 Absalomo

433 755 582 790 adiuncti
601 767 641 789 ex
668 755 882 788 Hierusalem
909 755 1047 789 ducenti
1074 756 1137 788 viri
1157 756 1167 764 '
1180 781 1188 794 ,
1210 767 1288 789 cum
1307 757 1337 789 ei
1356 756 1560 802 Achitophel
1588 757 1689 790 ctiam
1714 762 1748 789 et
1769 755 1905 789 Theron
1924 754 1970 800 (l)
1989 755 2110 789 adhae-

432 819 566 849 serunt.
589 812 790 857 validusque
809 812 1051 846 seditiosorum
1071 811 1195 857 globus
1213 818 1245 846 et
1267 812 1416 858 populus
1435 812 1564 846 multus
1583 824 1661 846 cum
1679 812 1803 846 eodem
1821 818 1906 846 erat.
1927 813 1971 845 Hi
1989 823 2110 847 omnes

431 870 589 905 videlicet
607 870 727 904 Daxidi
749 870 883 903 molesti
903 876 1016 908 erant,
1038 871 1073 903 in
1092 869 1218 915 quibus
1236 871 1338 903 etiam
1358 871 1466 903 Semei
1478 896 1486 908 ,
1507 871 1566 915 qui
1585 869 1722 904 abeunti
1740 870 1852 904 eidem
1870 869 2107 904 maledicebat.

947 934 996 957 Τῑι
1013 937 1118 957 autem
1135 935 1267 958 Domine
1284 937 1442 962 susceptor
1458 941 1543 958 meus
1559 942 1600 957 es.

529 986 709 1029 Postquam
736 996 813 1018 suas
839 996 879 1017 cx
905 985 1126 1018 inimicorum
1151 984 1319 1018 seditione
1345 975 1517 1030 angustias
1543 990 1575 1019 et
1601 986 1803 1019 anxietatem
1829 984 1961 1018 dixerat
1979 984 2108 1023 David,

431 1054 519 1075 nunc
547 1042 716 1075 canticum
735 1041 958 1087 diapsalmate
979 1041 1025 1087 (2)
1045 1043 1142 1086 quasi
1160 1042 1409 1087 interpungens
1433 1041 1631 1087 distinguit,
1651 1047 1684 1076 et
1710 1043 1739 1076 ei
1764 1041 1913 1076 confisus
1931 1053 1949 1075 a
1968 1053 2038 1087 quo
2057 1052 2112 1075 ar-

432 1110 514 1132 cane
542 1097 792 1143 inspirabatur,
814 1098 998 1132 salutarem
1024 1099 1112 1132 hanc
1138 1099 1348 1133 locutionem
1374 1100 1601 1144 pronunciat:
1628 1105 1665 1132 tu
1691 1105 1803 1132 autem
1829 1099 1974 1132 Domine
1998 1109 2113 1132 susce-

436 1163 514 1202 ptor
532 1168 628 1189 meus
647 1167 694 1189 cs.
726 1156 798 1193 llli,
820 1157 947 1201 inquit,
973 1168 1067 1190 arma
1087 1163 1327 1195 commovent,
1353 1162 1386 1190 et
1411 1168 1467 1190 me
1493 1157 1664 1202 potituros
1682 1162 1838 1202 sperant,
1859 1157 1955 1201 quasi
1973 1162 2030 1190 tua
2048 1156 2112 1189 sim

377 1236 387 1247 s
435 1215 541 1259 gratia
568 1213 736 1251 nudatus;
761 1219 1000 1248 verumtamen
1027 1221 1237 1248 servatorem
1265 1226 1379 1248 meum
1405 1213 1731 1260 redemptoremque
1758 1213 1866 1259 probe
1892 1213 1985 1246 novi.
2012 1213 2113 1247 Haud

433 1272 524 1305 arcui
552 1270 708 1309 confido,
732 1283 843 1316 neque
870 1283 966 1305 meus
992 1283 1047 1306 me
1073 1271 1208 1317 gladius
1234 1271 1403 1310 servabit,
1425 1271 1484 1305 sed
1511 1283 1575 1317 pro
1601 1270 1834 1317 inexpugabili
1859 1281 1980 1309 muro,
2001 1277 2035 1304 et
2059 1281 2115 1303 ar-

436 1335 608 1363 matorum
633 1330 757 1362 inxicta
784 1329 1024 1367 multitudine,
1053 1329 1284 1363 benivolentia
1312 1337 1369 1364 tua
1394 1331 1540 1364 Domine
1566 1329 1650 1363 mihi
1676 1335 1744 1367 est,
1772 1335 1898 1374 tuaque
1923 1328 2113 1374 susceptio:

436 1388 677 1431 neminemque
696 1392 864 1423 metuam.
885 1393 942 1420 tua
961 1387 1045 1420 mihi
1064 1387 1244 1421 clementia
1263 1387 1409 1432 gloriam
1428 1386 1618 1424 tribuente,
1640 1398 1823 1432 meumque
1842 1392 1943 1432 caput
1964 1386 2114 1424 levante,

438 1444 470 1477 id
498 1450 547 1478 est
573 1443 698 1476 illustri
726 1443 803 1476 loco
822 1455 994 1488 supraque
1013 1443 1129 1477 hostes
1146 1455 1201 1477 me
1221 1444 1424 1478 collocante.
1452 1444 1518 1477 Aut
1540 1444 1658 1489 capitis
1677 1442 1865 1481 vocabulo,
1888 1443 2118 1488 principatum

436 1515 536 1537 suum
555 1503 713 1540 denotat,
734 1514 838 1547 quem
858 1502 954 1536 brevi
974 1509 1130 1548 tempore
1155 1503 1377 1548 depressum,
1398 1514 1480 1537 mox
1505 1503 1695 1536 relevatum
1717 1509 1904 1548 receperat.
1934 1503 2043 1536 Immo
2068 1507 2117 1535 et-

438 1562 505 1594 iam
525 1562 683 1594 Servator
702 1560 815 1594 dicere
835 1566 945 1605 potest
965 1566 1132 1605 quatenus
1151 1559 1257 1594 homo
1277 1561 1382 1606 patri:
1401 1567 1438 1594 tu
1457 1567 1635 1605 susceptor
1653 1572 1750 1594 meus
1767 1571 1821 1598 es,
1839 1571 1949 1605 neque
1969 1561 2117 1593 animam

441 1630 552 1652 meam
572 1620 606 1652 in
626 1618 742 1651 inferis
766 1617 995 1663 derelinquis;
1016 1617 1076 1651 sed
1095 1618 1205 1663 gloria
1223 1630 1298 1652 mea
1319 1630 1354 1652 es
1374 1618 1420 1663 (3)
1433 1644 1440 1657 ‚
1462 1619 1520 1664 qui
1539 1617 1653 1652 dixisti
1674 1619 1704 1651 'z
1725 1623 1758 1652 et
1777 1616 1986 1664 glorificavi,
2007 1624 2040 1651 et
2057 1618 2118 1651 ite-

442 1688 518 1709 rum
544 1674 765 1721 glorificabo:
787 1681 819 1708 et
845 1681 946 1720 caput
971 1686 1105 1714 meum,
1125 1675 1338 1709 divinitatem
1365 1675 1511 1714 scilicet,
1533 1675 1700 1714 extulisti,
1723 1675 1756 1708 id
1784 1682 1833 1709 est
1859 1674 2025 1720 prodigiis
2049 1674 2119 1709 cla-

442 1744 514 1766 ram
542 1733 660 1767 fecisti.
690 1734 775 1766 Nam
802 1732 966 1766 miracula
991 1744 1079 1777 quae
1104 1733 1193 1766 circa
1218 1744 1356 1767 crucem
1382 1733 1596 1771 acciderunt.
1622 1733 1837 1779 perspicuam
1863 1733 2006 1766 omnino
2031 1731 2120 1765 divi-

440 1791 552 1824 nitatis
574 1791 743 1835 Unigeniti
770 1790 923 1824 fecerunt
950 1789 1292 1824 demonstrationem.
1320 1790 1459 1824 Extollit
1486 1797 1644 1824 nostrum
1669 1801 1809 1836 quoque
1835 1796 1937 1835 caput
1954 1790 2063 1828 Deus,
2084 1789 2120 1823 id

439 1854 487 1881 est
516 1854 664 1881 mentem
691 1854 792 1892 atque
818 1848 989 1887 animum,
1011 1859 1090 1881 cum
1116 1859 1251 1882 sursum
1277 1855 1490 1894 spectamus,
1518 1859 1622 1882 omne
1648 1859 1855 1894 corporeum
1881 1847 2117 1893 despicientes.

997 1912 1078 1936 Voce
1094 1919 1161 1936 mea
1178 1914 1218 1936 ad
1235 1913 1404 1936 nominum
1421 1913 1564 1936 clamavi.

535 1961 747 1996 Calamitatcs
766 1973 842 1995 suas
863 1974 1005 1995 narrans
1024 1963 1192 2008 propheta
1205 1989 1212 2001 ‚
1235 1969 1335 2008 atque
1354 1970 1391 1997 ut
1411 1963 1545 1997 fortiter
1564 1974 1660 1996 casus
1679 1963 1758 1997 illos
1785 1962 1983 2008 pertulerit,
2006 1972 2121 1996 exem—

440 2019 499 2064 plo
525 2030 588 2052 suo
614 2020 847 2065 magisterium
875 2018 974 2053 nobis
1000 2019 1225 2053 clarissimum
1252 2021 1433 2065 patientiae
1460 2020 1583 2059 tradit,
1604 2019 1773 2065 docetque
1795 2020 1930 2053 nonnisi
1949 2019 1991 2053 ad
2010 2020 2121 2053 Deum

440 2076 473 2110 in
501 2076 558 2109 ads
568 2076 763 2110 ersitatihus
789 2088 863 2110 esse
889 2075 1177 2122 confugiendum;
1199 2083 1231 2110 et
1250 2078 1344 2123 quod
1364 2078 1464 2112 liuius
1483 2078 1630 2124 perfugii
1659 2078 1789 2111 fructus
1815 2079 1875 2116 sit,
1897 2076 1940 2111 ab
1959 2088 2001 2112 eo
2019 2088 2122 2111 exau—

439 2134 518 2167 diri.
549 2135 645 2167 Nunc
672 2141 762 2167 certe
788 2145 955 2167 conxcrso
975 2134 1018 2168 ad
1037 2146 1100 2168 nos
1125 2134 1223 2168 vultu
1252 2136 1441 2181 psalmista,
1462 2135 1642 2181 quomodo
1667 2146 1770 2169 orans
1795 2135 1974 2169 exauditus
2000 2134 2117 2174 fuerit,

440 2198 555 2225 narrat
582 2191 716 2225 dicens:
739 2203 822 2225 voce
849 2203 924 2225 mea
943 2191 986 2225 ad
1006 2193 1192 2225 Dominum
1219 2192 1380 2231 clamavi,
1402 2200 1436 2227 et
1461 2193 1591 2227 audivit
1616 2204 1670 2226 me
1696 2193 1740 2227 de
1764 2199 1881 2227 monte
1907 2198 2024 2226 sancto
2042 2203 2117 2226 suo.

1013 2256 1078 2286 Ego
1095 2258 1244 2285 dormivi,
1259 2260 1289 2281 et
1306 2261 1470 2285 soporatus
1487 2265 1565 2281 sum.

538 2307 611 2339 Hoc
630 2306 707 2339 loco
727 2318 886 2339 somnum
906 2308 1029 2340 mentis
1055 2307 1155 2344 dicit.
1177 2308 1272 2340 cuius
1292 2319 1391 2341 causa
1411 2309 1445 2340 in
1466 2313 1642 2353 peccatum
1661 2319 1799 2353 quoque
1825 2307 2010 2341 deciderat.
2041 2306 2118 2351 (Al.

442 2363 520 2396 cod.
543 2364 566 2396 F
570 2369 679 2396 atetur
699 2369 895 2408 peccatun1;
917 2370 949 2396 et
969 2375 1109 2402 somno,
1130 2364 1188 2409 qui
1208 2365 1312 2397 menti
1334 2365 1494 2410 propriae
1512 2363 1731 2410 obrepserat,
1753 2365 1888 2410 culpam
1909 2376 2005 2398 casus
2023 2375 2122 2409 prae—

442 2420 545 2453 sentis
563 2419 717 2465 tribuit.)
736 2422 830 2453 Mens
847 2421 938 2454 enim
957 2421 1038 2465 vigil
1059 2421 1117 2453 dat
1136 2432 1275 2465 operam
1297 2422 1484 2466 satagitque
1504 2427 1539 2454 ut
1559 2422 1689 2455 malum
1709 2428 1836 2459 arceat,
1857 2428 1890 2455 et
1908 2432 1981 2454 rem
2001 2432 2123 2466 quam-

444 2476 525 2510 libet
553 2488 699 2511 nocuam
726 2477 870 2511 devitet:
893 2484 1010 2511 contra
1030 2488 1114 2511 vero
1136 2478 1256 2523 supina
1277 2489 1373 2511 mens
1392 2485 1423 2511 et
1444 2490 1544 2523 aegra
1571 2485 1702 2524 torpet,
1725 2485 1757 2512 et
1776 2490 1794 2512 a
1812 2477 2006 2512 carnalibus
2025 2489 2124 2524 prae-

444 2535 559 2568 sertim
587 2535 801 2581 passionibus
827 2542 1021 2581 superatur.
1051 2536 1167 2579 Itaque
1186 2536 1397 2569 mentionem
1417 2536 1516 2569 simul
1538 2536 1617 2570 facit
1637 2537 1764 2582 peccati
1790 2537 1860 2574 sui,
1882 2542 1915 2570 et
1937 2537 2123 2581 gratiarum

445 2593 613 2625 canticum
640 2593 711 2626 Deo
737 2592 839 2626 offert
864 2593 998 2626 dicens:
1021 2592 1181 2637 equidem
1209 2592 1366 2626 socordia
1385 2604 1459 2626 mea
1479 2593 1591 2627 decidi
1614 2595 1710 2639 quasi
1735 2593 1972 2628 somnolentus
1990 2593 2025 2626 in
2044 2603 2124 2638 pec-

445 2654 575 2685 catum.
598 2661 676 2683 cum
703 2649 868 2683 Bersabea
895 2661 968 2683 rem
995 2648 1142 2687 habens,
1164 2654 1196 2682 et
1224 2649 1340 2683 Uriam
1367 2650 1538 2684 occidens.
1568 2652 1685 2696 Neque
1704 2651 1747 2685 ad
1769 2651 2012 2696 paenitentiam
2034 2650 2124 2683 exci-

546 2768 577 2793 ’1,
599 2766 636 2791 lta
661 2774 770 2801 prorsus
790 2767 897 2801 legebat
917 2767 1051 2803 Cyrillus,
1071 2775 1127 2793 non
1149 2771 1239 2793 autem
1261 2767 1432 2802 ΛεΙιῑίορΙιεὶ
1454 2759 1629 2796 tlzeconitess

552 2812 572 2833 '2
602 2809 708 2837 'videsis
721 2820 790 2846 quae
803 2811 836 2839 de
850 2811 1029 2846 diapsalmate
1046 2811 1192 2838 traduntur
1206 2811 1234 2837 in
1251 2811 1416 2845 praefatione
1430 2813 1550 2840 Nicetae.
1572 2813 1709 2840 Nimirum
1729 2818 1770 2840 est
1788 2813 1946 2840 hebraicum
1961 2811 2031 2839 illud
2045 2820 2123 2839 voca-

447 2850 544 2877 bulum
571 2850 638 2890 ΠΞΕ
655 2871 662 2885 ,
685 2854 717 2880 de
738 2863 791 2889 quo
814 2855 926 2890 triginta
948 2856 1043 2883 saltem
1067 2855 1193 2882 feruntur
1214 2854 1385 2882 eruditorum
1409 2856 1528 2883 diversae
1551 2858 1710 2884 sententiae.
1733 2858 1826 2892 Itaque
1849 2864 1898 2883 nos
1918 2857 1944 2883 in
1967 2856 2017 2882 line
2037 2864 2124 2891 agone

449 2894 539 2921 oleum
560 2900 585 2921 et
607 2904 715 2930 operam
736 2906 790 2925 non
811 2898 964 2933 perdemus.
986 2900 1070 2934 Saepe
1092 2899 1206 2926 recurrit
1225 2898 1253 2925 in
1276 2899 1402 2933 psalmis,
1423 2899 1588 2935 quandoque
1608 2901 1689 2928 etiam
1710 2900 1783 2936 apud
1802 2900 1988 2928 Abbacucum.

550 2942 580 2966 ‘3‘
604 2940 768 2968 Exciderunt
788 2951 801 2969 a
823 2943 925 2977 graecis
946 2944 1017 2978 typis
1038 2943 1132 2970 verba:
1154 2944 1244 2973 εἰπών,
1264 2946 1306 2970 καί
1327 2945 1454 2976 ἐδόξκσα,
1476 2947 1518 2970 και·
1541 2947 1615 2971 πάλιν
1639 2947 1744 2978 Bagam).
