2205 3177
326 273 381 289 ill

258 2112 296 2131 or.
311 2116 331 2136 7¹<
351 2113 394 2131 101.

438 191 500 224 102
937 196 964 217 s.
992 196 1117 217 crium
1145 195 1364 217 mansonis!
1391 195 1595 218 Exrmmrio

1022 262 1213 285 Emi-exeant
1229 264 1259 285 et
1276 262 1514 285 conturbentur.

526 318 670 351 Malitiae
698 318 894 349 inventores
918 316 1137 360 magistrique
1163 316 1347 350 daemones
1373 321 1530 349 avertunt
1553 327 1588 349 se
1613 322 1643 349 et
1673 323 1859 351 retrorsum
1886 317 2027 354 cadunt.
2048 318 2101 351 in-

432 374 646 409 tolerabilem
680 374 827 418 perpessi
861 373 1006 406 cladem.
1035 374 1149 406 Primo
1177 373 1317 417 quidem
1348 379 1490 418 propter
1521 373 1580 406 Dei
1608 375 1790 408 serxatoris
1818 375 2097 420 repugnantiam:

358 452 381 465 «1
430 432 553 466 ‹lt-inde
579 432 658 477 quia
679 443 740 463 nos
765 442 942 474 resurgere
961 442 979 464 a
1005 431 1155 476 pristinis
1180 429 1310 464 morbis
1337 430 1516 468 xolumus,
1539 437 1639 475 atque
1666 430 1708 464 ad
1733 430 1944 465 domandum
1969 431 2101 465 fortiter

429 490 584 535 quemvis
603 489 713 522 carnis
732 488 891 522 allectum
913 489 1072 526 transire,
1094 488 1283 533 mundique
1303 488 1403 522 huius
1422 488 1604 522 colluviem
1625 487 1769 533 pedibus
1788 495 1979 534 proterere,
2000 495 2101 534 atque

431 548 526 580 unice
546 547 602 579 Dei
630 545 751 590 placita
774 551 942 590 spectare.
964 557 1070 590 eaque
1089 546 1160 579 sine
1182 556 1337 589 regressu
1361 546 1493 579 sectari.
1523 546 1576 578 Sic
1595 545 1738 579 viriliter
1757 545 1933 591 agentibus
1950 547 2102 580 Christus

430 603 555 638 aderit.
578 604 636 648 qui
664 601 764 636 nobis
789 604 944 636 omnium
969 601 1141 637 bonorum
1167 602 1268 636 dator
1295 609 1345 636 est
1369 609 1402 636 et
1427 609 1558 637 auctor.

1093 698 1325 736 PSALMUS
1353 699 1439 736 VII.

885 784 1017 806 Domino
1034 785 1162 810 propter
1181 784 1273 806 ver-lm
1291 783 1387 806 chusi
1405 783 1465 806 mii
1483 783 1595 806 lemini
1613 784 1654 813 (ι).

524 835 571 867 Τιι
598 846 680 868 vero
705 835 954 872 animadverte,
976 834 1069 879 quod
1099 840 1130 867 te
1155 840 1202 867 tot
1230 835 1381 867 victoriis
1409 841 1596 873 assuetum,
1619 846 1736 868 rursus
1761 834 1803 867 ad
1829 833 1893 868 alia
1919 834 2103 868 certamina
2149 851 2154 855 -

431 903 544 925 sermo
570 892 624 925 liic
643 893 783 928 emittit.
805 903 923 925 rursus
943 892 1089 925 eoncitat
1110 892 1337 925 tentationum
1355 892 1506 925 incursu.
1530 892 1623 925 ldem
1642 893 1733 925 enim
1757 892 1882 929 hostis,
1903 902 2027 937 nempe
2044 891 2104 925 ille

430 947 653 985 Absalomus,
676 955 849 993 tamquam
868 959 906 981 ex
929 946 1029 981 nobis
1055 948 1170 982 denuo
1196 955 1311 986 natus,
1332 947 1462 982 bellum
1482 954 1599 982 contra
1619 960 1680 983 nos
1699 948 1841 982 conssat:
1861 959 1965 994 quem
1990 954 2103 982 tamen

431 1006 524 1039 caedi
545 1012 680 1039 nostrae
700 1006 917 1039 anhelantem
929 1031 937 1043 ,
956 1011 1071 1040 nostra
1090 1006 1242 1051 dispellit
1261 1005 1382 1051 agendi
1401 1005 1582 1051 prudentia
1594 1031 1602 1043 ,
1619 1007 1726 1051 magis
1743 1018 1826 1040 vero
1844 1007 1905 1040 Dei
1923 1006 2101 1039 auxilium.

432 1064 528 1097 Certe
548 1063 642 1108 quod
667 1062 767 1097 nobis
786 1064 933 1096 salutare
955 1069 1004 1097 est
1024 1069 1155 1097 rectum
1173 1063 1317 1108 dogma,
1338 1062 1430 1096 idem
1449 1062 1487 1096 fit
1506 1063 1701 1097 adversario
1720 1063 1877 1109 laqueus:
1899 1063 2024 1109 dogma
2043 1074 2104 1097 au-

432 1126 498 1153 tem
526 1120 591 1153 hoc
610 1126 676 1158 est,
700 1127 735 1153 ut
755 1121 943 1165 nequitiam
962 1132 1080 1165 parem
1099 1126 1276 1166 putemus,
1298 1126 1371 1154 tum
1396 1120 1531 1154 laedere
1556 1126 1630 1154 tum
1654 1120 1846 1154 laedentem
1870 1120 1999 1154 ulcisci.
2028 1121 2104 1166 Ipse

430 1178 521 1210 enim
546 1176 609 1210 sibi
635 1189 783 1223 poenam
802 1178 922 1212 indicit
940 1178 1068 1216 David,
1091 1179 1117 1211 si
1146 1178 1234 1211 forte
1259 1179 1491 1224 comperiatur
1514 1177 1643 1211 malum
1668 1177 1778 1217 malo,
1802 1184 1976 1223 tamquam
2001 1178 2104 1212 alter-

432 1235 557 1271 natim.
580 1235 796 1280 rependisse.
818 1242 850 1269 et
878 1241 1051 1281 acceptam
1080 1236 1238 1269 iniuriam
1267 1236 1306 1269 iis
1332 1236 1530 1282 rependisse
1554 1236 1613 1281 qui
1640 1235 1801 1269 fecerant.

977 1300 1011 1323 Si
1029 1302 1075 1323 est
1091 1301 1245 1327 iniquitas
1263 1301 1297 1323 in
1313 1301 1458 1323 manibus
1473 1301 1560 1323 meis.

525 1351 601 1383 Non
627 1349 755 1384 idcirco
782 1350 940 1384 videatur
964 1351 1059 1383 omni
1087 1362 1122 1383 se
1150 1350 1312 1383 iniustitia
1342 1361 1467 1396 purum
1495 1349 1604 1384 David
1632 1348 1835 1388 adfirmare;
1862 1361 1943 1384 nam
1967 1350 2106 1394 iniquus

431 1407 491 1439 fuit
521 1407 554 1440 in
581 1407 714 1442 L'riam:
743 1407 803 1441 sed
831 1408 897 1442 hoc
924 1414 1056 1442 tantum
1083 1407 1182 1445 dicit,
1210 1407 1305 1452 quod
1331 1408 1364 1440 in
1390 1406 1452 1441 filii
1478 1408 1730 1453 conspiratione
1756 1408 1828 1453 ipse
1853 1418 1961 1453 purus
1984 1406 2102 1445 fuerit.

430 1475 491 1496 nec
521 1464 625 1498 ullam
649 1477 765 1499 ansam
792 1465 1008 1511 praebuerit:
1031 1476 1141 1510 neque
1160 1465 1251 1498 enim
1277 1464 1393 1503 illum,
1415 1465 1545 1509 inquit,
1566 1465 1690 1498 iniuria
1713 1464 1840 1504 adfeci,
1861 1476 1972 1510 neque
1996 1465 2105 1498 socios

430 1521 518 1557 eius,
540 1522 584 1555 ita
608 1528 645 1555 ut
672 1522 848 1556 honestam
876 1521 1041 1556 haberent
1068 1521 1296 1567 persequendi
1317 1522 1382 1555 mei
1401 1533 1550 1555 causam.
1578 1521 1709 1554 Deinde
1735 1533 1830 1555 suam
1853 1533 1991 1567 quoque
2015 1521 2106 1555 iniu-

430 1579 559 1612 riarum
584 1578 796 1613 oblivionem
822 1586 1008 1617 memorat,
1030 1585 1067 1613 ut
1093 1580 1152 1612 Dei
1179 1579 1214 1612 in
1242 1590 1277 1612 se
1301 1578 1571 1612 misericordiam
1597 1585 1773 1625 provocet.
1802 1580 1866 1613 Res
1884 1585 1977 1625 patet
1994 1590 2035 1613 ex
2053 1590 2106 1613 se-

432 1636 636 1681 quentibus,
658 1637 717 1671 ubi
746 1638 808 1671 ait:
829 1638 856 1671 si
886 1636 1021 1671 reddidi
1047 1635 1317 1670 retribuentibus
1343 1636 1427 1670 mihi
1454 1635 1556 1670 mala.

916 1703 1064 1725 Decidium
1082 1703 1190 1729 utique
1206 1702 1246 1724 ab
1262 1702 1400 1724 inimicis
1417 1702 1492 1724 meis
1509 1702 1624 1724 inanis.

526 1753 656 1798 Nempe
682 1752 725 1786 ab
752 1753 846 1787 omni
873 1752 1005 1787 honore
1029 1752 1206 1798 gloriaque
1231 1751 1406 1791 excidam,
1428 1750 1577 1797 fiamque
1604 1757 1642 1785 ut
1661 1751 1774 1797 pulvis
1799 1749 1864 1784 sub
1887 1751 2106 1785 inimicorum

432 1820 589 1844 meorum
616 1809 775 1856 pedibus.

1009 1875 1164 1904 Exsurge,
1180 1874 1330 1902 Domine,
1346 1875 1379 1896 in
1397 1875 1447 1897 ira
1464 1875 1530 1897 tua.

529 1925 662 1969 ltaque.
685 1931 721 1958 ut
747 1925 817 1958 dixi
843 1925 910 1970 (2),
939 1925 1059 1958 transit
1085 1936 1197 1958 sermo
1223 1924 1265 1958 ad
1291 1914 1481 1961 Christum',
1509 1924 1690 1969 ipsumque
1716 1929 1753 1956 ut
1780 1929 1963 1968 consurgat
1987 1933 2107 1968 preca-

434 1987 507 2020 tur,
530 1981 622 2015 haud
648 1994 727 2016 sane
753 1982 915 2016 adversus
933 1981 1175 2019 Absalomum;
1197 1992 1275 2015 nam
1302 1983 1360 2026 qui
1387 1981 1422 2014 id
1451 1980 1524 2014 fieri
1552 1986 1704 2026 poterat,
1725 1991 1832 2026 quum
1852 1991 1916 2026 pro
1942 1980 2004 2014 illo
2029 1991 2105 2014 ora-

435 2044 504 2071 ret:
533 2045 664 2072 servate
691 2039 774 2072 mihi
801 2051 947 2085 puerum
973 2038 1221 2073 Absalomum‘?
1247 2039 1306 2072 sed
1333 2050 1397 2084 pro
1424 2039 1584 2072 universo
1610 2038 1789 2072 hominum
1815 2048 1940 2083 genere
1965 2048 2105 2072 consur-

434 2107 514 2141 gere
541 2103 636 2141 rogat
660 2098 788 2135 Deum,
811 2103 984 2143 tamquam
1010 2108 1051 2131 ex
1077 2097 1235 2141 antiquae
1254 2097 1434 2142 patientiae
1459 2097 1573 2141 quiete
1601 2095 1643 2130 ad
1668 2096 1756 2129 iram
1781 2101 1814 2129 et
1838 2095 2106 2129 commotionem

432 2159 550 2188 contra
580 2154 664 2188 fines
692 2155 910 2188 inimicorum
937 2166 1092 2189 suorum.
1122 2154 1262 2188 Plurimi
1286 2154 1377 2187 enim
1403 2160 1482 2187 sunt
1507 2153 1647 2187 humani
1674 2153 1808 2199 generis
1833 2153 1968 2191 hostes,
1994 2152 2030 2186 id
2055 2158 2106 2187 est

432 2211 581 2258 improbi
613 2212 841 2258 flagitiosique
871 2213 1069 2246 daemones.
1099 2213 1196 2245 Fines
1222 2223 1305 2245 vero
1336 2211 1477 2245 illorum
1502 2211 1694 2256 intelligere
1726 2211 1803 2245 licet
1835 2212 1986 2256 potiores
2018 2211 2106 2244 inter

433 2270 524 2314 ipsos
543 2280 580 2303 ac
599 2269 847 2314 praesidentes,
868 2270 974 2303 veluti
999 2271 1155 2303 Satanam
1174 2281 1212 2303 ac
1231 2269 1416 2303 familiares
1440 2269 1530 2307 eius,
1552 2279 1675 2314 nempe
1695 2269 1866 2314 principes
1884 2267 2105 2302 tenebrarum

433 2327 533 2361 liuius
558 2327 691 2361 mundi.
720 2328 844 2361 Contra
872 2326 934 2361 hos
960 2327 1214 2372 expeditionem
1241 2327 1393 2360 Christus
1419 2327 1580 2372 suscepit.

739 2393 777 2416 Et
794 2399 939 2422 exsurge,
955 2393 1078 2416 domine
1095 2392 1177 2415 neus
1193 2399 1290 2420 metm,
1306 2393 1340 2415 in
1357 2394 1521 2420 praecepto
1537 2392 1620 2419 quod
1635 2392 1804 2414 mandasti.

530 2444 614 2477 Heic
639 2443 818 2477 manifeste
843 2444 902 2476 Dei
923 2444 1106 2477 servatoris
1129 2442 1314 2476 adventum
1339 2443 1478 2477 nunciat
1498 2442 1557 2487 (3).
1586 2442 1694 2476 Antea
1719 2442 1811 2476 enim
1835 2439 2106 2487 patriarcharum

436 2512 495 2535 ore
520 2502 665 2536 salutem
692 2499 791 2535 nohis
819 2501 1033 2547 promiserat.
1061 2501 1103 2533 Et
1129 2500 1269 2545 quidem
1295 2499 1466 2534 redundat
1493 2500 1608 2534 divina
1634 2501 1800 2545 scriptura
1829 2497 2037 2533 dictionibus
2062 2498 2106 2533 de

530 2595 565 2623 (1)
584 2594 687 2628 Nempe
705 2593 788 2621 Chusi
810 2593 943 2620 arachites
966 2591 1063 2619 Davidi
1085 2590 1200 2626 profuit,
1222 2591 1334 2627 decepto
1356 2591 1457 2619 dolosis
1483 2592 1605 2619 consiliis
1624 2591 1773 2619 rebellante
1793 2591 1956 2624 Absalomo,
1979 2591 2014 2617 ΙΙ.
2034 2592 2102 2626 Reg.

436 2636 521 2662 xvn.
543 2640 568 2663 7.
589 2638 666 2664 Certe
691 2638 847 2664 Araehitein
873 2636 1004 2672 intelligit
1026 2636 1164 2672 Cyrillus,
1189 2635 1289 2670 aliique
1312 2636 1445 2664 nonnulli
1469 2641 1578 2664 veteres.
1604 2636 1660 2663 Alii
1684 2640 1776 2663 tamen
1800 2636 1919 2671 cogitare
1944 2635 2050 2663 malunt
2072 2634 2106 2662 de

435 2680 518 2707 (Lliusi
538 2682 626 2708 Saulis
645 2682 723 2709 duce.

534 2728 567 2755 52]
587 2726 693 2753 Rursus
713 2726 792 2753 hians
811 2734 915 2758 serino,
936 2729 967 2753 ut
985 2726 1015 2752 fit
1035 2726 1065 2752 in
1086 2725 1202 2756 catenis,
1222 2724 1270 2751 uhi
1289 2728 1412 2752 auctores
1433 2733 1481 2759 pro
1501 2725 1629 2760 eclogarii
1650 2725 1728 2752 libito
1748 2728 1938 2759 excerpuntur.

535 2772 569 2799 (3)
589 2770 738 2804 Perpetuus
762 2778 820 2797 mos
843 2770 937 2805 Cyrilli
959 2774 986 2797 et
1007 2773 1115 2804 patrum
1138 2772 1258 2795 veterum
1281 2768 1446 2801 agnoscendi
1469 2769 1569 2803 passim
1593 2769 1622 2796 in
1646 2768 1758 2804 psalmis
1780 2768 1905 2795 vaticinia
1929 2766 1963 2794 de
1984 2767 2102 2795 Christo.

438 2812 520 2838 Porro
537 2812 594 2840 heic
612 2813 704 2841 breves
723 2815 827 2850 aliquot
847 2814 996 2849 particulae
1013 2814 1174 2842 tribuuntur
1190 2820 1330 2847 perperam
1347 2813 1374 2839 in
1392 2813 1471 2840 editis
1490 2813 1655 2846 Athanasio,
1671 2811 1873 2840 contradicente
1889 2811 1996 2847 egregio
2014 2811 2105 2839 codice

437 2858 570 2884 vaticano.
591 2857 663 2884 Alibi
683 2866 791 2893 quoque
809 2858 966 2891 interdum,
986 2857 1033 2886 sed
1052 2865 1129 2891 raro,
1149 2857 1215 2884 haee
1234 2856 1384 2884 observatio
1403 2856 1526 2884 facienda
1544 2861 1592 2884 est.
