2205 3177
731 170 763 192 15
788 168 953 191 PSALMUM.
984 168 1028 189 iv.
1059 168 1097 190 Er
1124 167 1157 189 v.
1738 155 1782 188 99

113 238 339 271 humanarum
365 245 482 267 rerum
509 232 791 279 perturbatione?
818 232 859 264 Et
885 230 968 263 dum
994 230 1050 263 alii
1076 229 1207 264 deliciis
1232 228 1414 267 diffluunt,
1442 239 1505 262 nos
1530 240 1614 263 vero
1639 235 1786 274 egestate

113 293 341 337 extremisque
367 291 465 324 malis
491 291 746 327 conflictamur,
767 287 943 333 quodnam
969 286 1104 320 divinae
1131 299 1231 321 curae
1256 287 1421 320 indicium
1447 286 1626 332 superest?

506 356 675 386 Signatum
691 357 735 377 est
752 359 845 381 super
861 358 916 374 nos
932 352 1037 374 lumen
1055 352 1159 374 vultus
1176 352 1241 379 tui,
1258 352 1400 374 nomine.

207 406 428 440 Abstrusiore.
449 407 660 451 mysticoque
679 415 776 437 sensu
799 402 864 447 (1),
884 401 1000 435 vultus
1018 402 1078 434 Dei
1097 401 1219 446 patris,
1241 401 1442 446 intelligitur
1462 401 1569 439 1111115ς
1590 402 1707 435 111111011
1727 412 1787 435 311-

113 472 182 499 tem
200 475 242 498 ex
260 465 335 509 ipso
355 463 397 497 ad
417 475 480 497 nos
499 465 657 499 missum,
675 461 836 506 Spiritus,
851 471 922 505 quo
941 458 1109 503 obsignati
1131 459 1273 496 suimus,
1290 459 1332 491 ad
1353 459 1589 503 primigeniam
1608 460 1789 504 imaginem

113 522 307 555 reformati:
330 533 347 555 a
366 532 436 566 quo
455 521 558 554 etiam
575 530 654 553 vera
672 517 763 551 bona
780 517 892 551 edocti
912 516 1038 549 fuimus
1050 541 1057 553 ‚
1074 515 1199 560 quibus
1220 515 1447 549 intellectuale
1466 516 1629 561 gaudium
1648 517 1682 549 in
1702 528 1790 550 men-

113 586 182 614 tem
207 585 240 613 et
267 591 326 613 cor
352 579 559 624 recepimus,
581 576 616 609 in
639 575 837 609 futurorum
862 572 1037 608 bonorum
1060 585 1119 618 spe
1145 571 1351 606 confirmati.
1379 593 1401 598 —
1426 573 1547 618 Angeli
1573 573 1713 618 quidem
1739 573 1790 607 fa-

112 638 199 671 ciem
218 637 278 671 Dei
297 647 432 682 semper
456 634 594 672 vident,
615 633 773 667 homines
792 638 904 665 autem
922 631 1019 665 faciei
1043 631 1115 664 eius
1141 630 1270 663 lumen.
1299 630 1414 664 Facies
1439 642 1545 676 porro
1569 632 1629 665 Dei
1654 638 1704 665 est
1723 638 1788 665 ter-

114 706 274 729 renarum
302 695 457 728 omnium
483 702 599 725 rerum
627 690 787 737 spiritalis
809 689 1072 735 contemplatio;
1094 689 1210 722 lumen
1234 699 1318 721 vero
1344 688 1460 726 faciei.
1490 689 1613 722 harum
1637 691 1788 735 ipsarum

114 753 266 799 partialis
292 751 453 797 cognitio.
481 749 672 795 Siquidem,
696 755 798 794 prout
823 748 966 794 sapienti
986 747 1036 781 illi
1063 747 1207 781 feminae
1232 746 1407 780 thecuitidi
1431 747 1613 781 videbatur
1633 749 1664 785 ⁹,
1687 760 1788 794 ange—

114 810 167 844 lus
185 811 245 844 Dei
272 816 343 843 erat
360 807 468 842 David
482 834 489 845 ‚
511 808 590 853 quia
610 813 729 841 cuncta
748 818 835 851 quae
855 805 982 839 fiebant
1001 806 1035 838 in
1055 805 1153 838 terris
1173 810 1326 837 noverat.
1354 824 1376 829 —
1402 804 1548 844 Quinam
1575 804 1714 839 demum
1741 812 1788 839 est

113 867 229 901 vultus
253 867 313 900 Dei
333 866 455 912 patris.
476 866 571 899 cuius
595 875 778 910 supernos
803 864 921 897 lumen
948 863 1118 908 signatum
1143 862 1217 895 est‘?
1243 863 1373 907 Nempe
1392 862 1451 895 Dei
1477 861 1585 900 filius,
1607 862 1719 907 imago
1745 863 1790 896 si-

114 924 274 958 millima:
296 930 546 969 proptereaque
572 922 688 956 dicens
710 923 739 955 ':
761 922 820 968 qui
846 921 930 955 vidit
949 932 1023 959 me,
1044 920 1129 953 xidit
1152 926 1284 965 patrem
1303 931 1432 953 meum.
1461 920 1510 953 Ita
1536 931 1618 954 vero
1638 920 1671 953 in
1692 918 1791 954 nobis

114 982 264 1026 signatus
289 986 360 1019 est,
389 986 427 1014 ut
451 980 647 1014 conformes
673 990 735 1012 nos
762 978 826 1014 sibi
853 978 989 1017 fecerit,
1018 984 1049 1011 ct
1077 978 1128 1011 sui
1154 978 1292 1023 spiritus
1317 977 1605 1012 illuminationem
1621 1003 1628 1017 ‚
1656 978 1792 1012 divinae

113 1039 219 1072 instar
243 1038 418 1082 imaginis,
440 1035 658 1071 credentibus
683 1037 905 1082 impresserit.

645 1102 769 1125 hedisti
785 1102 944 1125 laetitiam
959 1102 993 1124 in
1010 1102 1101 1124 corde
1117 1107 1183 1124 meo
1199 1103 1256 1124 etc.

209 1154 332 1199 Utique
358 1153 457 1192 illos,
478 1153 606 1198 inquit,
629 1153 737 1186 miror
762 1153 821 1197 qui
847 1152 959 1186 dicere
985 1152 1128 1185 audent:
1150 1152 1226 1198 quis
1251 1152 1407 1186 ostendet
1433 1151 1534 1186 nobis
1552 1151 1666 1186 bona?
1684 1164 1790 1198 quum

115 1222 234 1257 reapse
248 1217 376 1256 queant
394 1222 435 1244 ex
455 1209 689 1256 praesentibus
708 1210 871 1243 certiores
889 1209 963 1243 fieri
982 1209 1191 1243 futurorum.
1208 1210 1362 1255 Namque
1381 1209 1519 1243 arrham
1538 1209 1671 1243 futurae
1691 1209 1794 1244 abun-

115 1269 237 1303 danter
266 1268 428 1302 bonitatis
457 1269 648 1314 recepimus
679 1268 766 1302 hanc
796 1269 829 1301 in
861 1267 994 1301 mundo
1022 1268 1237 1301 clementiam
1267 1268 1431 1301 creatoris
1460 1279 1497 1301 30
1524 1267 1788 1313 providentiam.

115 1327 222 1372 Larga
249 1327 339 1360 enim
366 1338 467 1360 manu
493 1326 688 1372 suppeditat
708 1326 796 1359 vitae
815 1326 1002 1359 necessaria
1016 1351 1024 1363 ‚
1046 1325 1262 1370 demittitque
1288 1325 1383 1359 caelo
1409 1325 1558 1371 pluvias.
1579 1332 1612 1359 et
1631 1337 1793 1371 agrorum

116 1384 245 1418 fructus
272 1395 333 1429 per
359 1390 515 1429 tempora
541 1384 722 1429 germinat.
752 1383 817 1422 Qui
843 1394 926 1427 ergo
952 1383 1041 1415 11130
1068 1383 1168 1416 11111115
1195 1383 1332 1428 copiose
1359 1382 1518 1417 alimenta
1546 1382 1705 1429 praebet,
1734 1394 1795 1417 cur

115 1442 251 1475 mentiri
271 1441 430 1474 credatur
447 1452 526 1474 cum
545 1440 609 1474 alia
628 1446 705 1486 post
724 1440 813 1473 hanc
829 1440 937 1473 vitam
955 1440 1161 1484 largiturum
1181 1451 1215 1473 se
1235 1440 1427 1485 promittit?
1446 1440 1528 1474 Mihi
1555 1452 1638 1487 ergo
1664 1441 1697 1474 in
1717 1452 1795 1475 cor-

116 1498 159 1532 de
184 1498 309 1531 dedisti
335 1498 509 1531 laetitiam.

278 1562 317 1585 ln
334 1569 409 1590 paee
425 1563 459 1585 iu
476 1563 627 1590 idipsum
643 1563 797 1585 dormiam
813 1564 844 1585 et
861 1563 1044 1590 soporabor,
1060 1563 1135 1589 quia
1153 1564 1187 1585 tu
1204 1562 1336 1585 Domine
1352 1563 1562 1592 singulariter
1577 1566 1635 1587 etc.

209 1613 319 1648 Verba
342 1627 357 1645 «
379 1614 414 1647 in
439 1613 474 1647 id
500 1614 614 1660 ipsum
635 1628 651 1645 »
674 1612 884 1659 significant,
907 1624 974 1647 una
1000 1624 1079 1647 cum
1098 1613 1171 1647 aliis
1190 1615 1314 1648 sanctis
1339 1625 1461 1648 somno
1480 1615 1627 1649 similem
1646 1622 1795 1650 mortem

114 1672 299 1717 excipiam;
318 1678 556 1706 verumtamen
581 1672 617 1705 in
643 1683 725 1717 pace
746 1671 791 1716 (2)
805 1697 812 1709 ‚
835 1682 905 1705 non
931 1670 1063 1704 habens
1081 1671 1208 1705 scilicet
1227 1678 1423 1718 peccatum,
1444 1684 1532 1719 quae
1558 1679 1608 1707 est
1634 1673 1796 1707 adversus

114 1730 223 1763 Deum
241 1729 428 1763 inimicitia.
445 1730 558 1775 Atque.
577 1730 623 1763 ita
643 1728 710 1762 fine
729 1730 817 1763 vitae
836 1729 1015 1774 imposito,
1037 1729 1154 1762 mittar
1172 1740 1191 1763 a
1209 1730 1280 1763 Deo
1300 1730 1343 1763 ad
1362 1729 1588 1764 habitandum
1607 1742 1684 1765 cum
1703 1730 1796 1765 bona

114 1797 191 1832 spe,
217 1785 252 1819 id
278 1792 328 1820 est
354 1786 454 1820 firma
479 1787 691 1832 immotaque
717 1797 776 1832 spe
803 1786 910 1820 fruar.
939 1786 1154 1821 Vocabulum
1181 1793 1294 1821 autem
1320 1788 1537 1833 singulariter
1561 1789 1627 1834 (3),
1654 1789 1797 1822 innuere

115 1843 269 1882 videtur,
291 1844 499 1890 peculiarem
518 1844 592 1878 fore
611 1851 643 1878 et
663 1844 825 1878 selectam
843 1851 1040 1879 sanctorum
1066 1852 1207 1879 sortem.
1229 1847 1307 1880 Non
1326 1847 1417 1880 enim
1436 1847 1471 1879 in
1490 1847 1676 1892 impiorum
1695 1845 1797 1880 turba

114 1908 233 1941 erunt,
256 1902 316 1936 sed
342 1902 455 1936 selecti
474 1903 735 1948 quodammodo
762 1915 800 1937 ac
825 1915 992 1937 seorsum.
1022 1904 1094 1938 Illis
1112 1905 1241 1950 quippe
1260 1905 1367 1950 ignis,
1390 1905 1552 1951 sulphur,
1574 1911 1607 1938 et
1626 1904 1797 1950 procellae

114 1961 272 2006 spiritus.
295 1972 356 1994 ceu
379 1961 492 1995 calicis
519 1962 632 2007 portio
657 1968 830 2001 servatum
852 1962 903 1995 his
930 1969 1045 1996 autem
1070 1974 1215 2008 regnum
1240 1969 1399 2009 paratum
1425 1969 1492 2001 est,
1513 1969 1546 1997 et
1573 1963 1798 2009 sempiterna-

115 2029 192 2052 rum
217 2018 252 2051 in
277 2018 373 2052 caelo
399 2018 601 2053 deliciarum
627 2019 804 2065 gaudium.

798 2116 1028 2155 PSALMUS
1058 2117 1107 2155 V.

726 2202 878 2232 lnmluge
893 2202 1060 2225 clamorem
1076 2209 1186 2225 meum.

212 2251 367 2296 Intellige
393 2251 458 2285 1100
485 2251 562 2285 1000
589 2251 718 2285 dictum
744 2258 817 2290 est,
847 2264 911 2297 pro
941 2252 1096 2298 expende
1122 2259 1154 2286 et
1180 2252 1319 2299 explora
1352 2253 1511 2288 clamoris
1541 2255 1607 2288 mei
1633 2265 1793 2299 scopum.

117 2309 194 2342 Non
212 2309 304 2342 enim
322 2309 512 2343 humanum
531 2309 614 2355 quid
634 2321 758 2356 posco,
779 2310 831 2344 vel
854 2322 872 2344 a
891 2311 957 2344 tuis
979 2311 1146 2349 alienum.
1168 2312 1334 2349 Domine.
1352 2311 1506 2357 legibus;
1527 2312 1585 2345 sed
1605 2311 1662 2345 illa
1683 2312 1797 2356 potius

116 2377 204 2412 quae
229 2366 473 2411 accipientibus
491 2373 655 2413 prosunt,
679 2368 786 2402 immo
806 2374 837 2402 et
859 2369 1045 2402 necessaria
1071 2369 1171 2403 saluti
1197 2375 1293 2407 sunt,
1315 2376 1347 2403 et
1368 2381 1456 2415 quae
1483 2376 1575 2403 tuam
1602 2368 1719 2414 largiri
1737 2368 1796 2402 be-

118 2423 334 2458 neficentiam
359 2423 468 2458 decet.

707 2491 800 2515 nane
816 2493 962 2515 exaudies
979 2499 1079 2515 vocem
1095 2499 1205 2516 meam·

212 2540 310 2574 Mane
336 2540 413 2573 licet
432 2539 622 2585 intelligere
643 2548 777 2587 tempus
796 2542 963 2576 adventus
983 2544 1182 2577 Servatoris.
1211 2544 1303 2576 Tunc
1322 2544 1411 2576 enim
1433 2543 1587 2576 omnium
1606 2554 1723 2588 preces
1743 2554 1795 2577 30-

117 2597 302 2643 ceptabiles
327 2605 520 2632 evaserunt.
550 2618 574 2624 -
599 2599 706 2633 Valde
728 2600 868 2635 interest
894 2601 939 2635 ad
958 2602 1177 2636 castimoniae
1197 2601 1318 2640 decus,
1340 2603 1406 2635 iam
1426 2601 1506 2635 inde
1525 2613 1543 2635 3
1562 2601 1716 2635 (1111101110
1735 2601 1796 2635 ad-

216 2706 251 2735 (1)
272 2704 311 2730 lta
332 2703 412 2735 dicit,
432 2703 496 2738 quia
518 2703 589 2731 alius
608 2712 717 2739 quoque
737 2705 862 2732 versiculi
885 2714 982 2734 sensus
1003 2707 1188 2741 cognoscitur.

216 2751 251 2780 (2)
271 2749 344 2775 Hinc
364 2748 505 2775 sollemnis
528 2749 730 2783 epitapliiorum
753 2750 963 2779 christianorum
988 2751 1104 2779 formula
1131 2753 1156 2777 ἱη
1176 2759 1259 2785 pace.
1286 2752 1316 2778 ln
1340 2752 1527 2779 Hebraeorum
1553 2760 1659 2788 quoque
1681 2753 1796 2780 tumulis

119 2800 174 2820 non
196 2792 353 2828 infrequens
374 2797 414 2820 est
433 2793 577 2828 inscriptio
596 2794 620 2819 ἐν
642 2795 725 2829 nem-⁷7
745 2796 863 2830 κοίμησις
884 2797 968 2823 αὐτῆς.

216 2840 250 2869 Ὶχ3)
272 2840 439 2872 Καταμοπς,
459 2837 661 2872 simulat-iter,
681 2838 735 2866 alio
754 2840 885 2868 vocabulo
905 2843 984 2868 zcnz'ce
1002 2849 1115 2868 securus
1135 2839 1207 2876 apud
1231 2841 1325 2868 Horat.
1346 2840 1394 2867 lib.
1418 2841 1439 2868 1.
1460 2840 1504 2868 od.
1525 2844 1568 2869 26.

1829 760 1834 765 ·
1853 757 1878 778 ll.
1895 757 1948 782 Rog.
1962 758 2019 779 mv,

1828 789 1859 804 en.

1829 945 1836 950 “
1853 943 1901 963 1011.
1919 943 1976 964 xlv.
1992 947 2011 964 9.

1831 1231 1869 1251 Gr.
1885 1237 1905 1257 p.
1924 1234 1958 1252 17)ss
