2205 3177
797 189 828 212 IN
855 188 1007 211 rsALMmi
1034 189 1155 211 xxxvl.
1754 178 1818 211 169

427 259 560 283 Beelina
576 266 595 281 a
612 259 695 281 malo
712 260 743 280 et
760 259 809 280 rac
827 259 956 283 honum,
972 257 1002 279 c(
1020 257 1167 280 inhabita
1184 258 1217 279 in
1235 256 1391 279 saeculum
1408 255 1534 279 saeculi.

235 314 405 349 Perfectae
430 315 518 347 vitae
544 314 713 346 rationem
739 323 801 345 nos
827 310 948 347 docet,
978 311 1182 355 evangelicis
1215 310 1383 343 mandatis
1410 310 1501 343 haud
1528 309 1704 343 absonam.
1735 311 1820 343 Nam

140 373 249 420 prisca
275 372 329 406 lex
356 383 373 404 a
400 371 492 404 malo
517 370 657 416 quidem
683 367 895 405 deterrebat,
920 378 1031 411 neque
1059 358 1172 401 tamen
1199 368 1357 401 alumnos
1379 379 1459 401 suos
1480 368 1521 400 ad
1541 367 1731 413 perfectum
1757 367 1821 401 bo-

138 442 220 464 num
246 428 471 466 informabat,
494 428 528 461 id
555 434 603 461 est
622 427 663 460 ad
683 426 875 471 inculpatae
901 425 990 458 vitae
1017 426 1178 470 speciem.
1208 425 1309 465 Quod
1329 426 1548 471 perspicuum
1570 425 1670 459 nobis
1691 427 1773 462 erit,
1794 427 1819 459 si

136 488 324 522 Servatoris
349 485 454 519 verba
482 485 618 519 adtente
643 483 987 517 consideraverimus.
1018 484 1070 515 Sic
1096 483 1186 515 enim
1215 482 1343 518 aicbat,
1367 483 1450 516 dum
1470 483 1570 526 legali
1592 484 1680 516 vitae
1703 483 1822 517 fideles

137 557 218 579 suos
244 550 487 589 anteponeret:
513 557 528 574 «
549 542 679 575 dictum
704 547 754 574 est
780 541 946 585 antiquis,
968 551 1038 573 non
1064 540 1200 573 occides
1221 541 1244 573 '.
1271 554 1286 571 »
1312 541 1384 573 lloc
1404 540 1588 585 significat,
1612 541 1785 575 declinare
1804 553 1822 575 a
1864 552 1998 572 ·Μ;ιιιι..ν
2022 556 2042 572 ιι

137 603 247 637 malo:
267 614 345 636 nam
363 603 422 647 qui
442 600 603 635 caedibus
622 599 714 633 haud
732 598 858 637 inhiat,
877 610 946 632 non
964 598 1094 632 idcirco
1112 597 1195 630 boni
1216 598 1345 643 aliquid
1367 600 1432 643 agit
1446 624 1453 635 ,
1471 599 1528 631 sed
1550 605 1689 644 peccato
1709 601 1823 644 potius

138 660 298 695 abstinet.
328 660 423 693 Idem
448 665 516 692 est:
546 669 614 691 non
642 656 849 691 adulterium
876 656 997 695 facies,
1026 667 1096 690 non
1124 656 1312 701 peierabis,
1342 668 1411 689 non
1439 656 1562 690 falsum
1588 657 1822 691 testimonium

138 718 242 752 dices.
272 717 417 752 Ubinam
443 727 526 750 vero
552 722 602 749 est
629 715 680 748 fac
706 713 864 749 bonum?
882 726 1007 760 nempe
1032 715 1067 747 in
1086 725 1127 747 eo
1146 714 1238 747 dicto
1260 714 1290 746 'z
1313 714 1522 759 quicumque
1549 715 1703 747 irascitur
1726 714 1821 747 fratri
1862 731 1869 738 π
1886 727 1967 749 mann.
1982 728 2007 747 v.
2022 732 2054 749 -.·-;,

139 787 201 809 suo
220 777 292 809 sine
313 785 428 812 causa,
450 784 527 806 reus
553 773 617 806 erit
644 772 783 806 iudicio.
814 772 899 805 Item
918 772 953 804 in
979 771 1061 805 illo:
1082 772 1291 816 quicumque
1311 770 1493 804 mulierem
1511 772 1677 816 aspiciens
1690 797 1697 806 .
1719 778 1751 804 ct
1772 783 1824 805 ce-

139 839 222 866 tera.
251 833 364 872 Quum
390 841 492 875 ergo,
515 831 644 874 inquit,
666 840 683 862 a
709 829 802 863 malo
827 829 1071 867 declinaveris,
1095 834 1129 862 et
1148 828 1281 862 bonum
1300 827 1441 864 feceris,
1466 834 1546 861 tunc
1564 827 1771 861 inhabitabis
1791 830 1824 862 in

139 890 312 924 saeculum
337 887 480 926 saeculi,
506 886 711 932 firmamque
736 893 768 920 et
795 888 973 920 immotam
999 898 1095 932 spem
1121 887 1361 931 consequeris,
1383 887 1466 919 sicut
1490 886 1589 919 Isaias
1616 885 1662 918 ait
1681 886 1711 917 ἰ
1732 885 1822 919 oculi
1863 898 2053 920 -1s.xxx1n<-2w.

140 948 188 981 tui
206 947 369 993 aspicient
388 945 621 983 Hierusalem,
644 945 815 978 civitatem
833 944 1050 990 opulentam,
1072 943 1333 978 tabernaculum
1352 943 1445 988 quod
1467 944 1573 977 everti
1593 954 1663 976 non
1680 945 1819 988 poterit.

424 1010 506 1037 Quia
524 1010 677 1034 Dominus
694 1011 780 1033 amat
796 1010 964 1037 iudicium,
980 1011 1011 1032 et
1029 1011 1150 1032 sanctos
1166 1015 1236 1032 suos
1254 1015 1315 1031 non
1332 1009 1541 1036 derelinquet.
1862 1020 1882 1034 v,
1898 1017 1923 1034 2·-

234 1062 402 1096 Iudicium
428 1072 493 1107 pro
518 1062 604 1095 iusta
632 1063 796 1095 sententia
823 1060 924 1098 dicit;
947 1060 1136 1094 secundum
1163 1059 1250 1093 illud
1277 1059 1372 1105 quod
1399 1059 1480 1093 alibi
1507 1059 1607 1093 simul
1629 1061 1763 1093 canitur
1780 1059 1824 1093 de

139 1120 213 1166 lege
241 1131 389 1169 aequum
414 1119 466 1152 ius
491 1124 678 1152 statuente:
700 1118 866 1152 iudicium
892 1124 925 1151 et
950 1118 1113 1151 iustitiam
1139 1118 1173 1150 in
1201 1116 1302 1151 Iacob
1330 1123 1365 1150 tu
1393 1117 1500 1151 fecisti
1521 1117 1544 1149 '.
1571 1116 1687 1162 Diligit
1710 1117 1824 1162 itaque
1863 1128 2054 1150 ·i².<.xcv1u.4.

138 1179 300 1212 iustitiam
325 1178 512 1214 Dominus,
533 1182 567 1210 et
585 1176 687 1210 huius
706 1176 856 1210 adseclas
875 1174 1067 1210 incessabili
1094 1176 1202 1221 gratia
1222 1181 1341 1214 ornat,
1366 1187 1478 1220 neque
1498 1181 1632 1209 sanctos
1650 1186 1730 1208 suos
1749 1186 1822 1208 um-

138 1247 241 1281 quam
267 1234 445 1273 destituet,
470 1244 594 1280 nempe
620 1245 679 1268 eos
705 1234 763 1279 qui
791 1233 1056 1267 familiaritatem
1082 1234 1188 1279 ipsius
1214 1234 1490 1279 impetraverint,
1512 1232 1571 1266 sed
1592 1233 1732 1267 eosdem
1752 1240 1822 1267 tue-

140 1292 245 1326 bitur.
275 1293 368 1332 Quae
394 1290 499 1325 verba
525 1292 605 1325 satis
630 1290 841 1336 significant,
865 1291 959 1324 haud
983 1291 1126 1324 omnino
1150 1291 1185 1324 in
1212 1296 1390 1336 praesente
1408 1291 1477 1323 vita
1497 1290 1723 1335 tranquillum
1750 1290 1823 1324 fore

140 1356 338 1384 sanctorum
363 1349 526 1388 chorum,
554 1350 661 1382 immo
687 1348 951 1387 certaminibus,
980 1347 1179 1387 laboribus,
1204 1360 1241 1382 ac
1267 1347 1563 1394 persecutionibus
1590 1348 1824 1382 conflictatum

139 1408 203 1446 iri,
224 1408 343 1441 Satana
369 1418 448 1440 suos
474 1406 637 1440 satellites
663 1406 826 1440 adversus
851 1406 930 1440 illos
956 1407 1166 1443 concitante;
1187 1407 1233 1440 ita
1260 1412 1296 1439 ut
1322 1405 1365 1439 ad
1391 1407 1593 1451 sanguinem
1612 1417 1720 1451 usque
1744 1417 1824 1451 pec-

140 1471 217 1499 cato
234 1465 390 1498 resistere
409 1475 497 1510 opus
514 1464 569 1497 sit.
590 1464 717 1497 Verum
737 1463 771 1497 hi
791 1463 884 1497 haud
903 1464 1004 1498 inulti
1022 1463 1233 1502 manebunt;
1255 1464 1291 1497 id
1309 1465 1401 1498 enim
1421 1463 1585 1498 denotant
1605 1463 1710 1497 verba
1724 1490 1731 1502 ,
1752 1476 1822 1498 non
1863 1475 1892 1496 Gr
1916 1482 1936 1502 μ,
1955 1479 1992 1496 Μ,

140 1522 356 1566 derelinquet
381 1527 514 1555 sanctos
540 1532 640 1559 suos;
663 1520 724 1555 sed
750 1532 892 1555 manum
910 1522 1002 1556 Deus
1028 1521 1326 1567 oppugnatoribus
1352 1522 1507 1567 ipsorum
1532 1522 1670 1555 iniicict.
1701 1522 1771 1555 Iam
1790 1523 1825 1555 in

140 1585 318 1614 aeternum
335 1578 414 1612 illos
439 1578 649 1612 custoditum
675 1579 716 1612 iri
742 1578 844 1618 dicit,
868 1580 948 1624 quia
967 1591 1039 1613 non
1058 1585 1299 1613 momentanea
1325 1580 1389 1613 erit
1414 1579 1541 1623 gratia,
1565 1590 1678 1624 neque
1696 1578 1739 1612 ad
1764 1578 1822 1612 de-

140 1635 276 1679 finitum
295 1637 459 1682 temporis
478 1636 625 1682 spatium
644 1637 715 1682 spei
734 1635 872 1682 largitio
892 1648 910 1670 a
928 1637 1001 1670 Deo
1020 1636 1121 1671 bonis
1141 1635 1198 1670 fiet
1212 1663 1219 1675 ,
1241 1636 1301 1671 sed
1321 1636 1483 1670 diuturna
1503 1648 1541 1670 ac
1561 1637 1722 1682 perennis
1741 1638 1821 1675 erit,

140 1700 173 1728 et
199 1693 243 1728 ad
268 1694 403 1728 saecula
428 1693 562 1728 infinita
588 1695 804 1740 pertingens,
827 1706 864 1728 ac
890 1694 996 1728 veluti
1022 1706 1100 1728 cum
1126 1695 1206 1740 ipsis
1232 1694 1374 1728 sacculis
1400 1694 1600 1728 decurrens.

383 1759 568 1782 {annuentes
584 1761 689 1782 autem
705 1759 804 1782 inulti
822 1766 883 1782 uon
900 1761 1011 1788 erunt,
1026 1761 1058 1783 et
1075 1761 1259 1787 iniquorum
1275 1766 1377 1782 semen
1394 1760 1585 1783 destruetur·
1864 1769 1884 1784 v.
1900 1766 1932 1784 25.

233 1810 453 1854 Propositum
480 1809 675 1855 psalmistae
700 1815 770 1847 est,
793 1809 845 1843 his
870 1820 1011 1855 quoque
1037 1810 1214 1844 versiculis
1240 1806 1404 1848 suadere,
1426 1810 1577 1856 plurima
1596 1821 1669 1844 esse
1691 1817 1826 1845 sancto-

141 1878 219 1900 rum
245 1868 414 1912 praemia,
435 1878 584 1912 poenam
608 1877 693 1900 vero
718 1873 753 1900 et
777 1867 942 1912 quicquid
968 1868 1150 1901 exitiosum
1176 1874 1245 1907 est,
1270 1874 1491 1913 peccatorum
1511 1869 1612 1914 capiti
1632 1869 1823 1902 imminere.

140 1923 243 1957 Inulti
263 1935 333 1957 non
350 1930 469 1962 erunt,
485 1925 612 1970 inquit,
629 1925 727 1963 iusti;
743 1925 863 1958 ruinae
879 1936 964 1959 vero
982 1925 1097 1959 iniusti
1116 1925 1358 1965 succumbent,
1376 1925 1598 1971 funditusque
1618 1925 1824 1964 interibunt,

140 1982 184 2016 de
210 1993 318 2027 regno
344 1982 428 2015 trusi
453 1982 488 2015 in
513 1982 723 2027 gehennam,
748 1994 766 2016 a
792 1982 991 2028 regionibus
1017 1983 1102 2017 lucis
1122 1985 1155 2017 in
1177 1983 1336 2018 tenebras
1363 1985 1562 2018 exteriores.
1591 1984 1725 2018 Utiliter
1743 1996 1827 2018 vero

141 2039 266 2085 psaltes
291 2045 325 2073 et
350 2040 520 2073 iustorum
545 2039 715 2084 praemia,
737 2045 771 2073 et
795 2046 1017 2085 peccatorum
1036 2041 1137 2075 simul
1159 2052 1286 2087 poenas
1311 2043 1495 2088 proponitz
1519 2048 1555 2075 ut
1574 2042 1684 2076 malos
1703 2043 1827 2076 timore

140 2097 299 2142 supplicii
325 2108 343 2130 a
369 2097 540 2130 consuetis
558 2097 647 2130 vitiis
666 2103 824 2137 revocet,
847 2097 1021 2132 donorum
1040 2110 1122 2132 vero
1142 2099 1316 2133 desiderio
1342 2099 1385 2132 ad
1411 2100 1617 2133 vividiorem
1641 2098 1724 2133 boni
1745 2111 1827 2145 pro-

139 2154 350 2188 secutionem
368 2152 461 2187 belle
480 2164 538 2187 cos
557 2154 734 2199 pertrahat
751 2155 811 2199 qui
829 2161 922 2189 recte
939 2156 1055 2189 vivere
1075 2162 1344 2201 proposuerunt.
1375 2157 1445 2190 Iam
1466 2157 1666 2203 iniquorum
1691 2168 1805 2190 semen
1817 2183 1824 2195 ,

138 2211 234 2257 quod
253 2212 354 2245 etiam
374 2211 623 2245 destruendum
650 2211 830 2257 praedicit,
850 2213 904 2246 vel
931 2225 1038 2259 opera
1063 2214 1204 2248 illorum
1224 2214 1417 2260 intelligere
1442 2221 1599 2260 oportet:
1622 2226 1701 2248 nam
1729 2215 1823 2260 quod

139 2270 357 2303 seminaverit
384 2269 510 2307 homo,
535 2269 705 2315 scriptura
731 2270 842 2315 inquit
869 2270 897 2309 ⁶,
922 2270 989 2305 hoc
1013 2278 1047 2305 et
1072 2278 1198 2309 metet;
1223 2272 1275 2305 vel
1303 2272 1507 2306 eorumdem
1534 2272 1644 2310 tilios,
1672 2272 1824 2306 carnales

140 2325 302 2365 forsitan,
325 2326 378 2360 vel
406 2327 527 2372 quavis
553 2326 617 2360 alia
636 2327 767 2361 ratione
786 2328 831 2362 ita
851 2328 1059 2375 appellatos,
1082 2330 1109 2363 si
1136 2331 1317 2376 patrissare
1338 2329 1428 2364 forte
1446 2330 1636 2369 voluerint,
1658 2336 1689 2364 et
1716 2330 1825 2364 avitae
1866 2347 1873 2352 ·
1889 2343 2028 2366 Ga1.V1.s.

141 2383 214 2418 fieri
241 2385 418 2430 pravitatis
443 2384 644 2418 imitatores.

682 2449 765 2475 Iusti
781 2454 886 2476 nutem
903 2449 1129 2478 hereditabunt
1145 2457 1273 2478 terram.
1415 2449 1425 2456 ⁵
1860 2465 1879 2479 x.
1896 2463 1927 2480 ᾔει

235 2500 301 2534 Sed
328 2501 362 2534 hi
389 2500 530 2547 quidem
555 2501 637 2535 mali
665 2502 754 2545 male
779 2502 961 2549 peribunt,
984 2505 1062 2538 iusti
1082 2511 1197 2539 autem
1217 2512 1476 2539 mansuetorum
1505 2511 1631 2538 terram
1651 2504 1822 2539 heredita-

141 2557 245 2596 bunt,
268 2559 364 2592 cuius
383 2570 482 2604 saepe
502 2559 740 2599 meminimus,
763 2566 1010 2607 aeternumque
1027 2563 1063 2595 in
1082 2563 1155 2607 ipsa
1175 2562 1462 2599 diversabuntur;
1482 2562 1518 2594 id
1545 2567 1592 2595 est
1620 2561 1742 2596 stabile
1768 2574 1824 2596 ca-

141 2617 235 2661 pient
261 2627 423 2661 regnum,
446 2622 683 2662 perpetuoque
702 2619 859 2663 supernis
878 2619 1036 2653 fruentur
1062 2618 1162 2653 bonis
1187 2619 1222 2653 hi
1248 2621 1307 2664 qui
1327 2620 1453 2653 virtute
1477 2631 1537 2654 sua
1559 2618 1730 2653 iustificati
1750 2619 1824 2654 fue-

141 2674 227 2712 rint,
251 2674 545 2720 sempiternasque
571 2675 606 2708 in
633 2674 734 2708 caelis
759 2681 793 2709 et
818 2688 1006 2723 numquam
1033 2678 1202 2723 perituras
1227 2676 1442 2711 obtinuerint
1469 2677 1688 2711 hereditates.

642 2740 769 2770 Lingua
784 2742 851 2765 eius
867 2743 977 2772 (iusti)
994 2743 1141 2771 loquetur
1157 2743 1320 2766 iudicium.

237 2789 404 2823 Iudicium
423 2802 495 2825 esse
521 2790 667 2825 dicimus
686 2791 740 2825 vel
760 2792 803 2826 de
822 2804 1027 2839 unaquaque
1046 2805 1083 2827 re
1102 2793 1233 2838 agenda
1260 2799 1387 2827 rectam
1408 2793 1822 2840 inreprehensibilemque
1872 2781 1892 2793 'r

139 2846 351 2886 doctrinam,
375 2859 463 2893 quae
489 2848 531 2882 ad
557 2848 709 2883 officium
736 2850 890 2895 eruditos
915 2863 932 2885 a
959 2862 994 2885 se
1021 2850 1177 2884 homines
1202 2857 1293 2885 recta
1320 2850 1434 2890 ducit,
1464 2851 1498 2885 id
1524 2858 1574 2886 est
1600 2853 1660 2886 Dei
1687 2853 1819 2899 legem,

1673 2920 1705 2944 22
