2205 3177
719 158 749 180 m
777 155 928 179 rsALMUM
955 156 1004 177 111.
1034 155 1072 177 ET
1099 155 1145 176 lv.
1730 140 1774 172 97

102 230 301 272 interpretes
326 235 391 270 pro
414 237 429 255 «
452 224 486 256 in
514 222 617 257 finem
641 236 655 254 »
679 222 798 255 xic-tori
820 220 887 266 (1),
908 219 993 253 idest
1022 218 1229 265 triumphale
1253 218 1319 251 hoc
1345 216 1565 262 praetitulant
1591 215 1773 249 canticum.

101 283 301 319 lnscribitur
327 288 440 316 autem
463 296 478 313 «
501 283 535 315 in
562 280 667 314 finem
689 294 704 311 »
726 280 805 325 quia
831 277 877 311 ob
904 278 1094 322 tyrannidis
1118 276 1356 322 depulsionem
1381 274 1532 320 psalmus
1558 279 1607 306 est
1633 283 1776 317 compo-

99 343 195 376 situs.
225 342 331 374 Porro
358 340 484 373 (licitur
506 354 520 369 «
544 339 578 371 in
604 337 739 382 hymnis
761 351 776 367 »
798 336 878 380 quia
898 334 988 368 haud
1008 335 1074 367 iam
1098 335 1306 378 lacrymatur
1324 332 1450 370 David,
1472 331 1531 365 sed
1551 330 1707 364 datorem
1726 330 1778 362 xi-

101 399 228 434 ctoriae
247 399 356 431 Deum
375 396 561 431 collaudat.
585 396 667 428 ltem
688 393 838 439 psalmus
858 392 976 425 cantici
997 391 1209 437 appellatur,
1230 391 1308 435 quia
1329 390 1523 435 panegyrici
1543 400 1638 421 more
1659 379 1701 420 ac
1716 387 1778 420 lacL

104 458 189 491 tiore
216 462 315 490 cantu
344 455 556 500 triumphum
582 451 743 487 celebrat.

765 516 847 539 Deus
864 516 1006 538 iustitiae
1022 521 1116 537 mene.

199 572 276 606 Atio
304 573 380 606 loco
407 570 673 616 comperiemuS,
696 567 843 601 eundem
862 565 1027 599 Daxidem
1046 565 1104 609 qui
1126 575 1216 597 nunc
1242 569 1437 608 opportune
1464 564 1588 595 iustum
1617 574 1652 595 se
1677 561 1776 599 dicit,

103 637 323 677 peccatorum
349 635 455 663 semet
480 639 576 661 reum
603 626 712 659 fateri.
742 625 805 665 Qui
833 630 947 658 autem
968 622 1040 657 fieri
1068 628 1198 668 potest,
1220 627 1257 654 ut
1280 621 1372 654 idem
1398 627 1429 653 et
1458 621 1564 653 iustus
1590 620 1631 653 sit
1649 626 1681 653 et
1702 630 1780 664 pec-

103 694 259 721 catorum
280 688 380 721 reus?
399 688 527 731 Nempe
546 685 624 730 quia
645 684 739 717 iustis
757 694 895 728 quoque
915 680 1048 727 prolabi
1070 680 1253 724 contingit:
1274 679 1365 711 iuxta
1386 677 1473 711 illud
1490 678 1517 709 ἐ
1540 677 1663 722 septies
1682 676 1779 710 cadet

104 747 229 783 iustus,
252 747 418 789 totiesque
443 748 609 787 resurget.
640 740 741 774 Aliud
770 741 883 784 itaque
909 745 957 772 est
984 739 1192 771 incessanter
1219 746 1379 781 peccare;
1406 734 1498 768 aliud
1525 746 1607 767 vero
1633 735 1658 767 si
1684 734 1779 778 quis,

105 803 189 836 dum
217 803 376 836 iustitiam
402 800 521 835 sectari
548 800 684 835 nititur,
712 808 931 832 communem
958 794 1130 829 interdum
1157 794 1353 839 experiatur
1378 792 1624 825 infirmitatem.
1654 791 1781 823 Delicta

105 862 214 899 enim,
235 861 283 894 uti
303 859 467 904 scriptum
488 863 536 891 est
553 858 581 895 ⁶,
599 857 675 902 quis
695 855 885 900 intelliget?
904 855 986 895 Quis
1006 854 1086 886 item
1107 864 1233 898 purum
1252 863 1287 885 se
1306 850 1433 884 habere
1452 861 1511 883 cor
1529 848 1732 894 gloriabitur
1749 848 1783 881 '‘?

725 922 763 944 ln
782 927 927 948 pressura
944 920 1088 942 dilatasti
1106 925 1163 941 me.

200 976 284 1016 Quia
303 975 434 1008 dixerat
454 986 488 1007 se
507 972 706 1007 exauditum
726 984 744 1006 a
762 973 851 1010 Deo;
873 977 1047 1015 tamquam
1067 969 1092 1003 si
1113 968 1219 1002 modo
1240 968 1361 1013 aliquis
1380 979 1458 1000 eum
1476 967 1680 1010 interroget,
1701 976 1783 1010 qua-

106 1046 184 1068 nam
203 1034 237 1066 in
257 1044 293 1066 re
312 1031 491 1066 exauditus
510 1031 619 1068 fuisti,
641 1042 662 1063 o
682 1029 871 1075 propheta?
890 1027 1017 1073 quidve
1036 1025 1097 1060 tibi
1116 1025 1305 1060 iucundum
1325 1024 1468 1058 accidit?
1487 1023 1637 1057 declarat
1657 1023 1785 1067 accepti

105 1090 221 1125 auxilii
240 1091 425 1125 rationem,
448 1091 577 1134 aitque:
599 1089 679 1133 quia
698 1089 732 1120 in
753 1098 910 1133 pressura
929 1086 1090 1119 dilatatus
1110 1097 1203 1121 sum:
1225 1083 1259 1117 id
1278 1089 1328 1117 est
1347 1094 1417 1116 non
1436 1081 1543 1115 modo
1562 1080 1604 1114 ab
1624 1080 1786 1125 angustiis

104 1148 320 1193 molestoque
345 1148 484 1192 negotio
510 1146 690 1192 expeditus
717 1144 783 1183 fui,
806 1155 926 1177 verum
945 1144 1047 1177 etiam
1068 1142 1110 1175 ad
1130 1143 1233 1175 animi
1259 1140 1422 1175 laetitiam
1441 1140 1622 1173 relaxatus.
1652 1139 1786 1171 Etenim

106 1206 255 1239 exaudiit
276 1217 330 1238 me
349 1205 531 1239 Dominus.
549 1203 639 1237 haud
660 1215 743 1248 opes
762 1201 934 1239 tribuens,
953 1201 1004 1234 vel
1027 1200 1175 1234 hostium
1194 1200 1239 1244 (2)
1256 1209 1499 1244 oppressorem
1518 1208 1572 1230 me
1592 1202 1784 1242 praestans,

110 1275 219 1308 neque
246 1264 337 1296 enim
357 1263 439 1296 liaeo
458 1262 647 1308 postulavi,
668 1260 726 1294 sed
748 1272 801 1293 me
821 1260 863 1293 de
882 1259 993 1292 media
1020 1269 1177 1304 pressura
1204 1258 1393 1290 remittens.
1422 1275 1446 1280 —
1472 1256 1588 1300 ltaque
1611 1260 1643 1288 et
1663 1254 1786 1287 Paulus

108 1321 213 1354 audiit
234 1321 264 1353 ἐ
293 1320 415 1353 sufficit
442 1318 502 1352 tibi
529 1319 636 1363 gratia
663 1329 756 1353 mea:
778 1328 857 1350 nam
885 1328 957 1349 mea
985 1317 1092 1348 virtus
1119 1315 1316 1348 infirmitate
1338 1312 1528 1359 perficitur.
1559 1313 1679 1357 Utique
1705 1317 1738 1344 et
1764 1311 1786 1344 ii

107 1379 166 1424 qui
193 1379 322 1424 peccati
348 1377 478 1422 laqueis
503 1377 688 1413 exaserint,
715 1382 745 1408 et
773 1376 830 1419 qui
859 1374 926 1407 lide
953 1373 1112 1419 perfecti,
1135 1383 1310 1418 pressuras
1337 1383 1400 1417 pro
1424 1371 1559 1404 Christo
1586 1382 1623 1404 ae
1648 1370 1789 1404 dolores

108 1435 334 1481 pertulerint,
355 1432 557 1467 caelestibus
577 1433 799 1478 perfruentur
820 1431 932 1465 bonis.
955 1430 1019 1464 Sed
1038 1432 1129 1464 enim
1149 1430 1192 1463 ad
1211 1431 1427 1463 Servatorem
1445 1440 1585 1474 quoque
1604 1433 1716 1473 potest
1734 1427 1790 1460 hic

108 1503 222 1526 sermo
249 1492 440 1537 pertinere,
467 1490 643 1523 innuendo
669 1489 795 1523 scilicet
821 1490 934 1534 ipsum
960 1499 1099 1533 quoquc
1126 1488 1283 1533 passione
1309 1486 1411 1520 fuisse
1437 1492 1729 1523 consummatum,
1758 1491 1792 1518 et

109 1549 272 1595 patiendo
291 1548 417 1582 sactum
443 1547 696 1581 sublimiorem.
726 1548 901 1580 Praeterea
929 1545 1106 1579 sciendum
1125 1551 1194 1584 est,
1217 1556 1272 1578 eas
1297 1544 1437 1589 quidem
1456 1555 1543 1589 quae
1563 1544 1658 1577 iustis
1684 1541 1792 1576 obve-

107 1606 204 1639 niunt
230 1606 457 1643 calamitates,
479 1604 546 1638 diei
566 1616 584 1638 a
603 1604 719 1638 divina
737 1605 906 1649 scriptura
929 1614 1124 1649 pressuras,
1145 1602 1225 1648 quia
1245 1613 1344 1635 causa
1363 1601 1612 1635 exercitationis
1630 1601 1710 1646 ipsis
1735 1611 1788 1633 ac-

103 1664 244 1702 -cidunt;
261 1676 349 1709 quae
368 1669 482 1697 autem
501 1662 686 1708 improbis,
705 1662 838 1707 flagella
859 1661 1036 1708 appellari.
1059 1662 1101 1695 Ut
1120 1660 1207 1694 illud
1224 1660 1252 1693 ⁶:
1274 1659 1382 1694 multa
1402 1659 1535 1704 flagella
1554 1665 1786 1705 peccatorum.

108 1722 342 1768 Flagellantur
369 1722 477 1759 enim,
500 1727 532 1755 et
558 1720 604 1754 ob
631 1726 768 1766 peccata
794 1731 853 1753 sua
880 1720 1100 1765 castigantur.

706 1787 745 1810 1⁴21
762 1787 875 1810 exaudi
891 1787 1066 1809 orationem
1082 1792 1191 1808 meam.

203 1840 272 1873 Cur
297 1850 381 1872 vero
400 1839 458 1884 qui
478 1837 675 1872 exauditum
696 1849 730 1871 se
750 1837 900 1874 dixerat,
923 1848 1012 1870 nunc
1032 1837 1155 1870 iterum
1183 1836 1292 1870 audiri
1313 1847 1348 1868 se
1368 1835 1541 1881 postulat?
1560 1835 1707 1879 Tempus
1726 1845 1790 1879 pro

110 1904 266 1943 tempore
295 1897 454 1943 ponitur:
477 1908 557 1930 nam
585 1907 649 1942 pro
672 1910 686 1926 «
709 1897 868 1929 misertus
894 1907 928 1928 es
950 1896 1035 1933 mei,
1057 1901 1089 1928 et
1116 1894 1281 1928 exaudisti
1306 1909 1320 1926 »
1344 1893 1472 1927 dictum
1498 1900 1547 1926 est
1574 1893 1735 1926 miserere
1760 1898 1793 1925 et

108 1955 244 1989 exaudi.
259 1955 316 1989 Vel
338 1954 480 1988 fortasse
497 1955 599 1988 etiam
618 1960 786 1999 perpetuo
807 1953 917 1987 audiri
937 1965 971 1986 se
991 1953 1136 1998 flagitat3
1154 1958 1338 1998 propterea
1356 1952 1451 1996 quod
1470 1951 1544 1984 fieri
1563 1951 1697 1995 nequit,
1713 1960 1795 1994 quo-

110 2015 223 2048 minus
243 2014 264 2046 ii
277 2039 284 2051 ,
305 2014 365 2058 qui
387 2014 441 2059 pie
460 2014 576 2046 vivere
596 2012 716 2046 volunt
729 2038 737 2051 ,
759 2013 794 2045 in
814 2012 983 2058 pressuris
1003 2012 1146 2045 omnino
1170 2017 1361 2044 versentur.
1390 2011 1480 2055 Ergo
1504 2009 1634 2042 etiamsi
1655 2014 1794 2042 cunctae

109 2073 181 2106 eius
200 2083 318 2118 preces
337 2071 514 2105 exauditae
533 2071 686 2110 fuerant,
709 2070 818 2104 nihilo
844 2076 956 2103 tamen
984 2070 1097 2102 minus
1121 2069 1164 2103 de
1193 2069 1308 2102 futuro
1334 2067 1479 2101 laborat.
1509 2067 1607 2101 Unde
1626 2073 1659 2099 et
1678 2077 1795 2099 rursus

109 2137 203 2169 orat,
224 2142 329 2176 quam
349 2130 390 2163 sit
411 2129 503 2163 utilis
522 2129 633 2163 oratio
660 2128 769 2174 probe
789 2139 927 2173 gnarus.
956 2128 1170 2172 Quamquam
1190 2128 1281 2160 enim
1302 2138 1320 2160 a
1339 2124 1520 2160 doloribus
1539 2131 1571 2158 et
1593 2136 1720 2170 pavore
1738 2136 1796 2157 ex-

112 2188 246 2233 peditus
266 2188 391 2225 fuerat,
409 2193 556 2220 attamen
577 2187 625 2220 uti
646 2187 770 2223 homo,
787 2192 820 2219 et
840 2186 957 2219 futuro
978 2186 1124 2230 tempori
1144 2186 1283 2222 timens,
1300 2196 1342 2218 ne
1361 2184 1448 2217 sorte
1466 2182 1704 2229 ingruentibus
1723 2187 1795 2214 ten-

113 2244 300 2278 tationibus
325 2246 404 2278 satis
430 2256 498 2278 non
526 2245 676 2281 resistat,
699 2244 851 2289 expediri
876 2255 910 2277 se
937 2243 1100 2288 angustiis
1120 2243 1222 2288 petit,
1245 2248 1277 2275 et
1296 2241 1358 2275 has
1378 2243 1466 2287 ipsas
1491 2241 1654 2275 dolorum
1680 2250 1797 2273 causas

115 2302 340 2346 praetervehi.
357 2302 468 2342 Quare
484 2307 517 2335 et
532 2302 594 2334 ait:
611 2302 772 2334 miserere
788 2302 872 2339 mei;
888 2301 923 2334 id
939 2307 988 2334 est
1004 2307 1175 2334 certamen
1191 2300 1330 2338 dirime,
1348 2299 1390 2333 da
1407 2306 1441 2333 ut
1457 2310 1598 2345 prorsus
1612 2299 1675 2331 sim
1690 2295 1790 2330 liber.

609 2367 687 2389 Filii
705 2367 879 2395 bantinum,
897 2373 992 2394 usque
1001 2373 1068 2393 -quo
1087 2367 1176 2396 gravi
1193 2367 1301 2389 corde}

209 2418 332 2451 Sensus
357 2417 498 2462 quidem
526 2417 708 2451 historicus
734 2424 800 2456 est,
823 2424 859 2451 ut
886 2418 968 2451 baec
994 2418 1034 2450 iis
1059 2417 1236 2452 dicantur.
1258 2417 1317 2461 qui
1336 2416 1547 2450 exercituum
1575 2412 1794 2447 multitudine

115 2474 280 2520 putabant
306 2486 339 2508 se
360 2475 486 2508 iustum
507 2481 678 2520 capturos.
708 2476 862 2520 Namque
889 2475 961 2521 ipsa
987 2476 1195 2521 experientia
1221 2474 1364 2508 edoctus
1382 2473 1508 2510 David,
1530 2483 1633 2516 quam
1653 2470 1736 2504 utile
1754 2471 1795 2503 sit,

113 2534 186 2566 Deo
213 2532 406 2567 confidere.
428 2534 471 2566 ab
497 2537 606 2577 eoque
632 2545 702 2567 uno
730 2533 873 2567 salutem
903 2533 1101 2578 exquirere,
1125 2543 1343 2566 communem
1370 2531 1442 2564 vult
1469 2542 1540 2564 esse
1566 2529 1797 2563 eruditionem

113 2591 312 2636 exemplum
336 2602 454 2627 suum.
476 2591 607 2635 aitque:
630 2602 651 2623 o
678 2602 778 2624 caeco
805 2591 979 2625 intellectu
1005 2597 1039 2624 et
1066 2602 1175 2624 crassa
1202 2596 1315 2623 mente
1336 2588 1499 2634 praediti,
1520 2586 1686 2632 quamdiu
1706 2585 1796 2619 hunc

115 2647 275 2682 morbum
304 2659 373 2681 non
401 2647 605 2693 depelletis‘?
625 2648 789 2693 quamdiu
815 2647 1034 2693 ignorabitis,
1055 2659 1179 2681 vanam
1204 2658 1275 2680 esse
1303 2653 1334 2680 et
1361 2645 1561 2679 mendacem
1582 2644 1742 2677 fiduciam
1762 2644 1794 2676 in

115 2705 313 2740 hominibus
333 2706 576 2740 constitutam?
594 2706 693 2750 Gigas
712 2706 802 2739 enim
824 2717 892 2739 non
911 2706 1099 2740 salvabitur
1117 2716 1256 2738 suarum
1279 2705 1403 2737 virium
1425 2703 1534 2748 copia.
1564 2702 1694 2735 Diserte
1714 2712 1796 2735 vero

213 2789 248 2817 (1)
268 2787 370 2821 Nempe
391 2785 505 2821 Aquilas
525 2790 654 2819 νικεπειῷ,
675 2785 855 2820 Symmachus
876 2788 1008 2817 ἐπινίκιος,
1029 2784 1200 2812 Theodotiou
1223 2785 1257 2814 εἷς
1282 2786 1307 2809 τό
1330 2785 1414 2814 dmg,
1435 2782 1619 2818 Hieronymus
1640 2783 1748 2808 victori.

214 2834 248 2863 i2)
270 2832 300 2858 In
322 2839 418 2865 graeco
440 2835 511 2858 textu
535 2830 639 2865 corrige
659 2830 755 2866 ,ἐχθρῶν
777 2839 825 2866 pro
846 2831 942 2866 έχὲςῷ.

1650 2887 1681 2910 13

1818 675 1826 719 '¹
1844 672 1908 693 Prov.
1925 671 2004 692 XXIV.

1832 704 1842 717 ti

1824 842 1829 848 ·
1843 840 1877 860 Ps.
1890 838 1971 860 xvm.
1984 842 2013 859 13.

1825 870 1830 875 ·
1848 867 1913 888 Prox.
1929 866 1976 887 xx.
1995 870 2015 887 a.

1822 915 1876 931 L‘J.

1826 1320 1832 1326 ⁸
1846 1317 1933 1337 11.Cor.
1944 1316 2018 1336 ΚΗΛ.

1831 1669 1837 1675 '
1854 1666 1979 1687 P>.XXX1.
1994 1670 2021 1686 Ιυ.
