2205 3177
262 450 291 467 nr
315 455 335 473 p.
351 451 396 468 zia.

267 567 275 574 '
292 566 347 586 Atat.
366 568 395 584 13.

243 627 250 632 '
267 624 293 644 ls.
311 623 339 643 lll
366 625 396 642 ΙΙ,

228 1231 278 1277 ζὸἰε.
295 1230 404 1251 XXXVll⁴

354 1302 374 1316 v,
390 1298 408 1316 εἴ,

225 1474 230 1481 ”
253 1470 298 1492 loh.
314 1471 361 1492 ΧΠ.
376 1474 408 1492 ⁴6.

256 1583 262 1589 ¹
279 1580 307 1600 is.
322 1580 376 1601 th.
392 1584 410 1601 9.

278 1865 313 1884 nr.
330 1870 351 1890 ρ.
369 1868 413 1885 2η.

231 2156 236 2162 ’
254 2151 299 2171 loli.
314 2151 375 2172 Vlll.
390 2154 420 2170 ¹11¹..

235 2607 242 2612 ·
255 2604 278 2623 ΡΞ
306 2603 428 2624 Lxxtva„

373 2664 419 2680 uh*

444 244 506 276 152
938 254 964 275 s.
994 254 1119 276 evium
1146 254 1366 276 Ataxaxnmm
1393 254 1596 275 εΧΡιΛΝΑτιο

1055 321 1285 344 Convertuntur
1304 324 1484 344 retrorsum.

531 374 813 418 Quandoquidem
834 373 936 406 tidem
963 385 1030 407 nou
1058 374 1283 411 admiserunt,
1306 376 1411 407 immo
1431 380 1547 407 contra
1568 374 1819 418 exquisiverunt
1839 375 1985 407 animam
2004 375 2091 410 eius.

437 433 588 467 conversi
614 438 690 465 suut
718 437 920 464 retrorsum:
944 432 1056 464 reiecti
1083 432 1173 464 enim
1199 432 1352 467 fuerunt.
1374 438 1404 464 et
1432 430 1636 465 execrabiles
1659 431 1716 463 Dei
1744 432 1848 474 gratia
1874 432 2091 467 exciderunt,

435 490 567 523 nullum
593 501 632 522 ex
660 489 846 521 Servatoris
872 488 1019 521 adventu
1046 487 1175 522 bonum
1201 495 1447 534 perceperunt,
1471 495 1710 534 praetereaque
1729 499 1830 521 omne
1856 490 1977 521 atrocis
2002 489 2090 522 cala-

436 547 560 579 mitatis
578 557 682 591 genus
701 546 829 590 experti
850 551 939 578 suut.
964 546 1139 578 Peractum
1157 552 1222 583 est,
1244 546 1336 590 quod
1357 545 1399 579 de
1419 546 1498 591 ipsis
1517 546 1679 590 scriptum
1700 544 1803 578 fuerat
1827 545 1854 577 ‘:
1874 546 1957 578 sicut
1976 545 2089 590 egisti,

438 605 481 636 ita
508 603 569 635 crit
596 601 775 635 retributio
802 608 855 634 tua
882 613 969 646 quae
988 603 1021 635 in
1041 608 1138 647 caput
1161 609 1257 635 tuum
1276 601 1415 635 recidet.
1445 603 1482 635 Et
1503 613 1620 635 rursus
1641 602 1669 633 ':
1691 612 1752 634 vae
1776 601 1895 646 impio!
1916 601 2043 635 malum
2062 602 2091 634 ci

437 659 622 692 secundum
642 669 746 703 opera
767 670 929 691 manuum
948 659 1019 691 eius
1038 659 1180 692 eveniet.
1203 660 1287 691 Nam
1306 669 1393 702 quae
1415 658 1543 691 ludaeis
1562 658 1648 690 mala
1669 658 1797 702 perpeti
1817 658 1973 702 contigit,
1995 658 2095 690 scicn-

437 716 527 750 tibus
551 726 839 761 supervacaneum
859 722 942 760 puto
961 727 1111 749 narrare.
1140 715 1310 749 Confundi
1331 721 1442 748 autem
1463 722 1495 749 et
1514 716 1680 760 pudeticri
1707 715 1844 752 accidit,
1865 715 1970 747 immo
1989 721 2021 747 et
2041 724 2094 747 re·-

439 781 588 807 trorsum
613 774 763 805 converti
791 773 931 817 impuris
956 772 1147 817 spiritibus³
1170 779 1270 817 atque
1288 773 1319 805 iu
1340 773 1457 817 primis
1475 773 1633 809 Satanae,
1656 773 1750 805 cuius
1775 771 1933 805 ducatum
1954 783 2097 816 sequen—

439 837 488 864 tcs
515 829 625 862 ludaei
652 830 741 863 cruci
768 828 980 862 tradiderunt
1008 830 1094 862 vitae
1121 836 1307 862 auctorem.
1338 830 1446 866 Dicet,
1477 835 1508 861 ut
1537 840 1631 865 reor,
1659 829 1778 873 aliquis
1806 828 1893 861 liaud
1921 829 2097 874 proposito

440 886 617 921 aberrans.
638 886 812 919 haereticis
838 885 982 918 maxime
1009 886 1235 930 praesentium
1262 885 1508 919 versiculorum
1534 886 1731 918 sententiam
1759 896 1945 929 congruere
1965 885 2024 929 (l).

974 950 1012 973 Et
1029 950 1159 979 angelus
1177 951 1302 973 nomin}
1319 951 1495 977 opprimens
1511 957 1569 973 eos.

536 1001 702 1046 Quodque
727 1001 862 1045 gravius
888 1007 953 1037 cst,
976 1001 1098 1045 angelo
1116 1001 1150 1034 in
1169 1002 1260 1046 ipsos
1279 1002 1430 1035 irruente
1442 1027 1449 1039 ,
1472 1008 1504 1035 et
1523 1013 1624 1034 omne
1644 1001 1840 1035 calamitatis
1858 1012 1963 1045 genus
1982 1012 2100 1034 cumu-

443 1058 549 1093 lante.
571 1064 718 1091 extrema
739 1057 826 1090 mala
846 1058 1027 1102 patientur.
1048 1058 1099 1090 Sic
1118 1057 1312 1091 interfectos
1330 1058 1474 1091 dicimus
1501 1059 1746 1103 Aegyptiorum
1773 1058 2033 1102 primogenitos;
2055 1058 2100 1089 sic

442 1115 657 1159 Assyriorum
684 1120 818 1147 centum
845 1114 1014 1159 octoginta
1041 1115 1191 1158 quinque
1211 1114 1303 1147 milia
1316 1140 1323 1152 ‚
1348 1126 1424 1147 cum
1443 1114 1634 1159 Rliapsaccs
1653 1114 1815 1147 absurdas
1839 1114 1913 1147 illas
1932 1125 2032 1147 voces
2049 1115 2101 1146 in-

443 1171 619 1207 clamavit.
642 1177 672 1203 et
700 1170 860 1204 adversus
879 1170 1028 1203 divinam
1048 1171 1253 1204 maiestatem
1274 1171 1377 1216 impia
1398 1171 1534 1204 audacia
1563 1171 1696 1204 locutus
1719 1178 1778 1203 est.
1811 1171 1971 1204 Processit
1989 1171 2098 1205 enim.

444 1229 570 1273 inquit,
593 1227 732 1272 angelus
758 1228 911 1263 Domini.
937 1227 1171 1272 interfecitque
1196 1228 1230 1260 in
1257 1228 1372 1260 castris
1398 1228 1663 1272 alienigenarum
1690 1228 1782 1260 milia
1807 1228 1991 1261 CLXXXV.
2022 1227 2031 1236 ‘

1046 1292 1118 1314 Fiat
1139 1292 1187 1314 viu
1204 1292 1333 1314 illorum
1351 1293 1505 1315 tenebrae.

539 1342 795 1387 Comperiemus
820 1342 1013 1386 saepissime
1032 1340 1211 1374 dominum
1238 1347 1392 1374 nostrum
1412 1342 1523 1374 lesum
1547 1341 1716 1374 Christum
1735 1341 1767 1374 in
1787 1341 1987 1386 evangelicis
2006 1352 2104 1386 prae-

446 1397 687 1435 dicationibus,
709 1398 872 1431 adventus
891 1398 959 1434 sui,
982 1409 1104 1442 nempe
1124 1398 1157 1430 in
1176 1397 1267 1430 hunc
1285 1398 1470 1435 mundum,
1491 1398 1670 1431 utilitatem
1691 1397 1803 1442 palam
1822 1398 2036 1431 nunciantem
2056 1404 2105 1430 at-

447 1467 513 1500 que
538 1456 706 1489 dicentem
727 1454 757 1487 ἐ
781 1465 844 1499 ego
870 1454 926 1487 lux
945 1455 979 1487 in
999 1454 1088 1487 hunc
1107 1453 1275 1487 mundum
1295 1455 1383 1487 veni.
1412 1454 1646 1487 Discredentes
1664 1465 1746 1498 ergo
1766 1454 1876 1487 ludaei
1903 1455 2052 1492 veritati,
2073 1461 2106 1487 et

449 1524 527 1545 suae
554 1513 673 1545 mentis
699 1511 801 1544 oculo
826 1512 1063 1549 conniventes,
1084 1516 1281 1543 manserunt
1308 1511 1340 1543 in
1367 1510 1527 1544 tenebris.
1557 1512 1667 1555 Atque
1685 1511 1750 1544 hoc
1769 1510 1868 1544 nobis
1890 1511 2107 1556 propheticus

450 1569 533 1602 olim
558 1569 796 1603 inclamaverat
814 1579 928 1601 sermo
949 1569 977 1600 ‘z
999 1566 1244 1601 sustinentibus
1270 1568 1366 1613 ipsis,
1388 1568 1515 1613 inquit,
1538 1568 1595 1601 lux
1620 1580 1781 1601 conversa
1801 1569 1834 1601 in
1858 1567 2014 1601 tenebras
2038 1574 2104 1605 est:

452 1632 664 1671 expectantes
682 1625 762 1659 solis
782 1625 932 1664 radium,
954 1626 987 1658 in
1013 1625 1214 1671 crepusculo
1233 1624 1506 1658 ambulaverunt.
1536 1624 1782 1659 sustinentibus
1805 1631 1916 1659 autem
1942 1625 2025 1659 dixit
2046 1636 2107 1670 pro

451 1682 717 1729 expectantibus.

980 1747 1017 1769 m
1034 1747 1165 1776 angelus
1181 1747 1306 1769 nomini
1324 1753 1508 1773 persequens
1524 1753 1583 1769 eos-

547 1798 750 1843 Cespitantes
775 1798 877 1843 igitur
902 1798 936 1830 in
963 1797 1110 1831 tenebris
1137 1796 1332 1836 ambulant,
1361 1796 1483 1841 angelo
1508 1808 1645 1841 quoque
1670 1797 1803 1830 Domini
1829 1808 1887 1830 eos
1911 1797 2105 1830 insectante.

454 1855 570 1899 Neque
587 1855 676 1887 enim
693 1854 805 1887 favent
823 1855 879 1892 iis,
899 1861 933 1887 ut
953 1854 1039 1892 dixi,
1055 1854 1298 1887 intellectuales
1317 1860 1450 1886 sanctae
1466 1860 1663 1898 potestates,
1680 1854 1738 1887 sed
1757 1853 1978 1887 adversantur
1997 1854 2109 1899 potius

455 1922 515 1944 ceu
541 1910 672 1944 Christo
698 1911 831 1947 invisis,
853 1916 885 1943 et
911 1910 954 1943 ab
979 1911 1049 1943 eius
1076 1910 1300 1943 familiaritate
1327 1910 1482 1954 repulsis.

823 1975 905 2001 Quia
922 1976 1022 2004 gratis
1039 1975 1266 1997 absconderunt
1284 1975 1362 1996 mihi
1380 1975 1544 1997 interitum
1561 1975 1664 2001 laquei
1683 1976 1740 1997 sui.

548 2026 659 2065 Quum
683 2025 765 2058 nihil
786 2025 865 2058 dare
885 2025 1014 2057 crimini
1036 2031 1189 2069 possent,
1213 2026 1244 2057 in
1264 2031 1392 2057 tautam
1412 2024 1514 2057 animi
1535 2025 1736 2068 nequitiam.
1758 2024 1937 2063 ferociam,
1959 2025 2111 2070 impium-

453 2094 519 2127 quc
545 2093 664 2115 ausum
690 2088 873 2119 venerunt,
897 2088 931 2114 ut
956 2082 1114 2115 exitiosae
1141 2083 1260 2115 mortis
1281 2082 1439 2126 laqueum
1458 2082 1487 2115 ei
1508 2082 1731 2119 tetenderint;
1753 2082 1948 2126 ceteroquin
1967 2081 2107 2114 dicenti:

458 2139 534 2184 quis
552 2150 591 2171 ex
610 2138 706 2172 vobis
725 2145 841 2183 arguet
862 2150 914 2171 me
934 2138 976 2171 de
996 2144 1133 2183 peccato
1153 2139 1187 2171 'P
1211 2140 1241 2171 Si
1263 2139 1437 2172 veritatem
1457 2138 1533 2171 dico
1558 2137 1670 2173 vobis,
1693 2149 1752 2171 cur
1772 2138 1853 2170 mihi
1873 2149 1933 2171 vos
1953 2149 2021 2171 non
2039 2149 2112 2171 cre-

456 2195 558 2229 ditis?
584 2196 737 2228 lamvero
757 2194 814 2228 ubi
835 2195 969 2240 culpam
997 2196 1186 2240 comperire
1206 2207 1273 2228 non
1294 2195 1413 2232 datur,
1435 2194 1482 2228 ibi
1502 2195 1571 2227 sinc
1591 2194 1697 2227 (lubio
1722 2201 1976 2239 persecutorum
1994 2193 2110 2227 odium

458 2258 505 2285 est
533 2251 769 2285 inexcusabile.
799 2252 901 2285 Nullo
928 2252 1150 2285 fundamento
1177 2259 1230 2285 aut
1258 2252 1348 2289 basi,
1372 2252 1405 2285 id
1431 2259 1479 2285 est
1506 2263 1619 2290 causa,
1641 2251 1751 2285 caedis
1778 2262 1873 2285 amor
1897 2251 2062 2284 innititur.

937 2315 1012 2338 Siue
1028 2324 1119 2339 cansa
1136 2318 1297 2339 conviciati
1315 2319 1387 2339 sunt
1403 2317 1528 2339 animae
1545 2323 1637 2339 meae.

555 2368 674 2399 Nonne
700 2366 790 2398 cuim
816 2366 936 2409 gratis,
958 2377 1069 2399 nonne
1090 2365 1216 2410 absque
1241 2378 1338 2399 causa
1357 2367 1487 2399 animae
1506 2368 1577 2400 eius
1595 2366 1890 2403 conviciabantur,
1912 2365 2016 2399 modo
2035 2376 2112 2398 eum

458 2424 716 2459 samaritanum,
735 2421 838 2455 modo
856 2422 924 2454 vini
946 2428 1135 2466 potatoiem
1155 2422 1373 2455 adfirmantes
1386 2449 1393 2460 ‚
1412 2423 1516 2456 modo
1535 2424 1637 2456 etiam
1656 2423 1821 2456 daemone
1839 2421 2032 2460 obsessum,
2050 2421 2114 2467 ple-

461 2479 512 2513 bis
537 2480 770 2517 seductorem,
794 2479 899 2512 immo
924 2485 954 2512 et
983 2479 1170 2512 Beelzebuli
1198 2480 1322 2513 virtute
1349 2487 1536 2525 patrantem
1564 2481 1750 2514 miracula?
1776 2481 1864 2525 Ergo
1889 2491 1967 2513 vere
1992 2479 2112 2512 frustra

460 2542 492 2569 et
511 2537 580 2569 sine
600 2548 697 2569 causa
724 2535 839 2569 turbas
857 2535 1000 2581 agebant
1023 2535 1152 2573 ludaei,
1175 2542 1207 2568 et
1226 2536 1358 2569 Christo
1378 2536 1670 2573 conviciabantur,
1692 2535 1916 2581 obloquentes
1933 2536 2003 2569 Deo
2026 2536 2113 2569 iniu—

467 2599 533 2630 ste.
556 2604 729 2638 cornuque
754 2592 971 2629 extollentes,
992 2599 1029 2626 ut
1055 2593 1226 2637 psalmista
1252 2592 1403 2637 loquitur
1427 2594 1449 2626 '.

887 2658 927 2681 Et
943 2659 1046 2684 captio
1063 2664 1155 2684 quam
1171 2658 1395 2680 absconderunt
1411 2659 1623 2685 apprehendat
1639 2665 1697 2681 eos-

562 2707 679 2751 Captio
703 2719 805 2752 quam
828 2708 960 2741 Christo
979 2707 1121 2740 latenter
1141 2714 1357 2752 paraverant,
1379 2708 1635 2753 comprehcndit
1661 2719 1737 2743 eos.
1759 2714 1792 2741 et
1817 2709 1850 2740 in
1870 2707 2045 2752 proprium
2067 2706 2114 2739 la—

466 2773 591 2806 queum
614 2764 840 2797 incurrerunt.
861 2765 955 2809 Capti
975 2765 1064 2797 enim
1085 2764 1238 2801 fuerunt,
1260 2770 1295 2797 ut
1314 2764 1402 2801 dixi,
1424 2771 1453 2797 et
1476 2764 1642 2798 ultoribus
1661 2764 1791 2800 traditi,
1813 2770 1912 2808 atque
1930 2764 1963 2796 in
1982 2762 2114 2796 divinae

568 2847 586 2869 ’1
620 2845 720 2878 Nempe
740 2845 875 2871 infelicem
896 2845 1090 2872 haereticorum
1115 2846 1213 2872 exitum
1238 2850 1368 2872 memorat
1386 2845 1504 2881 cyrillus
1527 2846 1607 2872 etiam
1632 2846 1659 2871 in
1683 2853 1805 2872 sermone
1828 2852 1877 2871 suo
1898 2843 1931 2871 de
1952 2844 1980 2871 S.
2000 2844 2113 2878 Deipara

469 2894 550 2921 quem
570 2894 622 2913 nos
643 2895 672 2913 ex
691 2888 811 2914 vaticano
831 2888 922 2915 codice
941 2888 1083 2916 edidimus.
