<?xml version="1.0" encoding="UTF-8"?>
<!DOCTYPE html PUBLIC "-//W3C//DTD XHTML 1.0 Transitional//EN"
    "http://www.w3.org/TR/xhtml1/DTD/xhtml1-transitional.dtd">
<html xmlns="http://www.w3.org/1999/xhtml" xml:lang="en" lang="en">
 <head>
  <title>
</title>
<meta http-equiv="Content-Type" content="text/html;charset=utf-8" />
  <meta name='ocr-system' content='tesseract 3.04.00' />
  <meta name='ocr-capabilities' content='ocr_page ocr_carea ocr_par ocr_line ocrx_word'/>
</head>
<body>
  <div class='ocr_page' id='page_1' title='image "./novaepatrumbibli03maiauoft/novaepatrumbibli03maiauoft_0658.png"; bbox 0 0 2205 3177; ppageno 0'>
   <div class='ocr_carea' id='block_1_1' title="bbox 312 506 365 520">
    <p class='ocr_par' dir='ltr' id='par_1_1' title="bbox 312 506 365 520">
     <span class='ocr_line' id='line_1_1' title="bbox 312 506 365 520; baseline 0.038 -2"><span class='ocrx_word' id='word_1_1' title='bbox 312 506 365 520; x_wconf 54' lang='lat' dir='ltr'>ssu.</span> 
     </span>
    </p>
   </div>
   <div class='ocr_carea' id='block_1_2' title="bbox 172 607 367 654">
    <p class='ocr_par' dir='ltr' id='par_1_2' title="bbox 172 607 367 654">
     <span class='ocr_line' id='line_1_2' title="bbox 172 607 367 629; baseline -0.015 -1"><span class='ocrx_word' id='word_1_2' title='bbox 172 609 182 618; x_wconf 64' lang='lat'><em>⁵</em></span> <span class='ocrx_word' id='word_1_3' title='bbox 200 608 226 629; x_wconf 70' lang='grc' dir='ltr'>Ρς</span> <span class='ocrx_word' id='word_1_4' title='bbox 251 607 367 628; x_wconf 62' lang='lat' dir='ltr'>Lxxxtx,</span> 
     </span>
     <span class='ocr_line' id='line_1_3' title="bbox 176 642 183 654; baseline 0 0"><span class='ocrx_word' id='word_1_5' title='bbox 176 642 183 654; x_wconf 64' lang='grc' dir='ltr'><strong>ι</strong></span> 
     </span>
    </p>
   </div>
   <div class='ocr_carea' id='block_1_3' title="bbox 231 660 365 685">
    <p class='ocr_par' dir='ltr' id='par_1_3' title="bbox 231 660 365 685">
     <span class='ocr_line' id='line_1_4' title="bbox 231 660 365 685; baseline -0.007 -6"><span class='ocrx_word' id='word_1_6' title='bbox 231 660 267 680; x_wconf 70' lang='lat' dir='ltr'>Cr,</span> <span class='ocrx_word' id='word_1_7' title='bbox 284 666 304 685; x_wconf 67' lang='grc' dir='ltr'>ρ,</span> <span class='ocrx_word' id='word_1_8' title='bbox 321 662 365 679; x_wconf 64' lang='lat'>2¹57.</span> 
     </span>
    </p>
   </div>
   <div class='ocr_carea' id='block_1_4' title="bbox 209 903 366 923">
    <p class='ocr_par' dir='ltr' id='par_1_4' title="bbox 209 903 366 923">
     <span class='ocr_line' id='line_1_5' title="bbox 209 903 366 923; baseline -0.006 0"><span class='ocrx_word' id='word_1_9' title='bbox 209 905 216 914; x_wconf 77' lang='grc'><strong>”</strong></span> <span class='ocrx_word' id='word_1_10' title='bbox 235 904 266 923; x_wconf 51' lang='lat' dir='ltr'>P»</span> <span class='ocrx_word' id='word_1_11' title='bbox 284 903 318 923; x_wconf 66' lang='lat' dir='ltr'>til.</span> <span class='ocrx_word' id='word_1_12' title='bbox 334 905 366 923; x_wconf 57' lang='lat'>23,</span> 
     </span>
    </p>
   </div>
   <div class='ocr_carea' id='block_1_5' title="bbox 233 2135 368 2159">
    <p class='ocr_par' dir='ltr' id='par_1_5' title="bbox 233 2121 368 2159">
     <span class='ocr_line' id='line_1_6' title="bbox 233 2135 368 2159; baseline 0.007 -7"><span class='ocrx_word' id='word_1_13' title='bbox 233 2135 271 2153; x_wconf 57' lang='grc' dir='ltr'>ἣν.</span> <span class='ocrx_word' id='word_1_14' title='bbox 286 2139 307 2159; x_wconf 79' lang='lat' dir='ltr'>p.</span> <span class='ocrx_word' id='word_1_15' title='bbox 323 2136 368 2153; x_wconf 52' lang='lat'>⁴25«,</span> 
     </span>
    </p>
   </div>
   <div class='ocr_carea' id='block_1_6' title="bbox 409 187 1576 220">
    <p class='ocr_par' dir='ltr' id='par_1_6' title="bbox 409 187 1576 220">
     <span class='ocr_line' id='line_1_7' title="bbox 409 187 1576 220; baseline -0.003 -1"><span class='ocrx_word' id='word_1_16' title='bbox 409 187 474 220; x_wconf 59' lang='lat'>{80</span> <span class='ocrx_word' id='word_1_17' title='bbox 913 194 941 215; x_wconf 60' lang='lat' dir='ltr'>S„</span> <span class='ocrx_word' id='word_1_18' title='bbox 969 193 1096 215; x_wconf 76' lang='lat' dir='ltr'>cvntLu</span> <span class='ocrx_word' id='word_1_19' title='bbox 1123 192 1344 215; x_wconf 72' lang='lat' dir='ltr'>ALExANDMM</span> <span class='ocrx_word' id='word_1_20' title='bbox 1370 192 1576 215; x_wconf 70' lang='lat' dir='ltr'><strong>EXPLANA‘HO</strong></span> 
     </span>
    </p>
   </div>
   <div class='ocr_carea' id='block_1_7' title="bbox 405 256 2084 2768">
    <p class='ocr_par' dir='ltr' id='par_1_7' title="bbox 405 256 2082 465">
     <span class='ocr_line' id='line_1_8' title="bbox 405 256 2082 305; baseline -0.001 -11"><span class='ocrx_word' id='word_1_21' title='bbox 405 272 490 305; x_wconf 73' lang='lat' dir='ltr'>gnae</span> <span class='ocrx_word' id='word_1_22' title='bbox 516 266 611 294; x_wconf 81' lang='lat' dir='ltr'>motu</span> <span class='ocrx_word' id='word_1_23' title='bbox 638 257 789 291; x_wconf 74' lang='lat' dir='ltr'>aicham:</span> <span class='ocrx_word' id='word_1_24' title='bbox 811 268 833 289; x_wconf 86' lang='lat'>0</span> <span class='ocrx_word' id='word_1_25' title='bbox 859 257 1024 291; x_wconf 84' lang='lat' dir='ltr'>Domine,</span> <span class='ocrx_word' id='word_1_26' title='bbox 1047 262 1168 289; x_wconf 86' lang='lat' dir='ltr'>notum</span> <span class='ocrx_word' id='word_1_27' title='bbox 1194 256 1277 289; x_wconf 88' lang='lat' dir='ltr'>mihi</span> <span class='ocrx_word' id='word_1_28' title='bbox 1305 256 1356 290; x_wconf 85' lang='lat' dir='ltr'>sae</span> <span class='ocrx_word' id='word_1_29' title='bbox 1382 256 1470 289; x_wconf 69' lang='lat' dir='ltr'>vitae</span> <span class='ocrx_word' id='word_1_30' title='bbox 1496 267 1592 290; x_wconf 88' lang='lat' dir='ltr'>meae</span> <span class='ocrx_word' id='word_1_31' title='bbox 1617 258 1822 296; x_wconf 88' lang='lat' dir='ltr'>terminum,</span> <span class='ocrx_word' id='word_1_32' title='bbox 1844 269 2082 304; x_wconf 87' lang='lat' dir='ltr'>annorumque</span> 
     </span>
     <span class='ocr_line' id='line_1_9' title="bbox 405 313 2082 358; baseline -0.001 -7"><span class='ocrx_word' id='word_1_33' title='bbox 405 329 562 351; x_wconf 80' lang='lat' dir='ltr'>nieorum</span> <span class='ocrx_word' id='word_1_34' title='bbox 589 325 784 348; x_wconf 84' lang='lat' dir='ltr'>numerum.</span> <span class='ocrx_word' id='word_1_35' title='bbox 813 314 947 346; x_wconf 80' lang='lat' dir='ltr'>Etenim</span> <span class='ocrx_word' id='word_1_36' title='bbox 973 313 1228 357; x_wconf 81' lang='lat' dir='ltr'>comparatione</span> <span class='ocrx_word' id='word_1_37' title='bbox 1255 314 1321 350; x_wconf 84' lang='lat' dir='ltr'>tui,</span> <span class='ocrx_word' id='word_1_38' title='bbox 1343 313 1400 357; x_wconf 89' lang='lat' dir='ltr'>qni</span> <span class='ocrx_word' id='word_1_39' title='bbox 1427 324 1563 358; x_wconf 87' lang='lat' dir='ltr'>semper</span> <span class='ocrx_word' id='word_1_40' title='bbox 1588 324 1642 349; x_wconf 74' lang='lat' dir='ltr'>eS.</span> <span class='ocrx_word' id='word_1_41' title='bbox 1663 313 1747 358; x_wconf 87' lang='lat' dir='ltr'>quid</span> <span class='ocrx_word' id='word_1_42' title='bbox 1767 314 1853 348; x_wconf 90' lang='lat' dir='ltr'>desit</span> <span class='ocrx_word' id='word_1_43' title='bbox 1872 316 1955 349; x_wconf 89' lang='lat' dir='ltr'>mihi</span> <span class='ocrx_word' id='word_1_44' title='bbox 1981 316 2082 349; x_wconf 89' lang='lat' dir='ltr'>inno-</span> 
     </span>
     <span class='ocr_line' id='line_1_10' title="bbox 406 370 2081 418; baseline -0.001 -9"><span class='ocrx_word' id='word_1_45' title='bbox 406 381 526 409; x_wconf 74' lang='lat' dir='ltr'>tescet.</span> <span class='ocrx_word' id='word_1_46' title='bbox 557 373 590 406; x_wconf 90' lang='lat' dir='ltr'>id</span> <span class='ocrx_word' id='word_1_47' title='bbox 617 378 665 405; x_wconf 83' lang='lat' dir='ltr'>est</span> <span class='ocrx_word' id='word_1_48' title='bbox 691 377 905 417; x_wconf 78' lang='lat' dir='ltr'>quantopere</span> <span class='ocrx_word' id='word_1_49' title='bbox 932 370 1039 415; x_wconf 75' lang='lat' dir='ltr'>gloria</span> <span class='ocrx_word' id='word_1_50' title='bbox 1066 375 1098 402; x_wconf 79' lang='lat' dir='ltr'>et</span> <span class='ocrx_word' id='word_1_51' title='bbox 1125 370 1323 404; x_wconf 70' lang='lat' dir='ltr'>excellentia</span> <span class='ocrx_word' id='word_1_52' title='bbox 1350 376 1406 403; x_wconf 88' lang='lat' dir='ltr'>tna</span> <span class='ocrx_word' id='word_1_53' title='bbox 1433 370 1575 403; x_wconf 78' lang='lat' dir='ltr'>inferior</span> <span class='ocrx_word' id='word_1_54' title='bbox 1600 371 1664 403; x_wconf 89' lang='lat' dir='ltr'>sim</span> <span class='ocrx_word' id='word_1_55' title='bbox 1682 396 1690 408; x_wconf 93' lang='lat'>,</span> <span class='ocrx_word' id='word_1_56' title='bbox 1717 372 1776 416; x_wconf 94' lang='lat' dir='ltr'>qui</span> <span class='ocrx_word' id='word_1_57' title='bbox 1806 372 1912 406; x_wconf 88' lang='lat' dir='ltr'>instar</span> <span class='ocrx_word' id='word_1_58' title='bbox 1942 374 2081 418; x_wconf 77' lang='lat' dir='ltr'>agrestis</span> 
     </span>
     <span class='ocr_line' id='line_1_11' title="bbox 406 427 1480 465; baseline -0.005 0"><span class='ocrx_word' id='word_1_59' title='bbox 406 432 494 465; x_wconf 81' lang='lat' dir='ltr'>foeni</span> <span class='ocrx_word' id='word_1_60' title='bbox 523 430 617 464; x_wconf 65' lang='lat' dir='ltr'>brevi</span> <span class='ocrx_word' id='word_1_61' title='bbox 646 429 793 464; x_wconf 80' lang='lat' dir='ltr'>florens.</span> <span class='ocrx_word' id='word_1_62' title='bbox 815 440 894 462; x_wconf 67' lang='lat' dir='ltr'>mox</span> <span class='ocrx_word' id='word_1_63' title='bbox 923 428 1083 461; x_wconf 72' lang='lat' dir='ltr'>ssat-cidus</span> <span class='ocrx_word' id='word_1_64' title='bbox 1110 428 1142 460; x_wconf 89' lang='lat' dir='ltr'>in</span> <span class='ocrx_word' id='word_1_65' title='bbox 1170 434 1318 461; x_wconf 85' lang='lat' dir='ltr'>mortem</span> <span class='ocrx_word' id='word_1_66' title='bbox 1344 427 1480 461; x_wconf 81' lang='lat' dir='ltr'>decido.</span> 
     </span>
    </p>

    <p class='ocr_par' dir='ltr' id='par_1_8' title="bbox 876 493 1610 520">
     <span class='ocr_line' id='line_1_12' title="bbox 876 493 1610 520; baseline 0 -5"><span class='ocrx_word' id='word_1_67' title='bbox 876 493 915 516; x_wconf 68' lang='lat' dir='ltr'>E!</span> <span class='ocrx_word' id='word_1_68' title='bbox 933 494 1110 516; x_wconf 68' lang='lat' dir='ltr'>substantia</span> <span class='ocrx_word' id='word_1_69' title='bbox 1127 500 1192 516; x_wconf 77' lang='lat' dir='ltr'>men</span> <span class='ocrx_word' id='word_1_70' title='bbox 1211 494 1299 520; x_wconf 76' lang='lat' dir='ltr'>quusi</span> <span class='ocrx_word' id='word_1_71' title='bbox 1317 493 1401 515; x_wconf 75' lang='lat' dir='ltr'>nihil</span> <span class='ocrx_word' id='word_1_72' title='bbox 1417 495 1460 515; x_wconf 72' lang='lat' dir='ltr'>est</span> <span class='ocrx_word' id='word_1_73' title='bbox 1479 495 1553 516; x_wconf 69' lang='lat' dir='ltr'>ante</span> <span class='ocrx_word' id='word_1_74' title='bbox 1571 495 1610 516; x_wconf 66' lang='lat' dir='ltr'>te.</span> 
     </span>
    </p>

    <p class='ocr_par' dir='ltr' id='par_1_9' title="bbox 405 543 2084 983">
     <span class='ocr_line' id='line_1_13' title="bbox 504 543 2082 588; baseline 0 -10"><span class='ocrx_word' id='word_1_75' title='bbox 504 545 702 581; x_wconf 66' lang='lat' dir='ltr'>Existentia,</span> <span class='ocrx_word' id='word_1_76' title='bbox 726 545 855 588; x_wconf 82' lang='lat' dir='ltr'>inquit,</span> <span class='ocrx_word' id='word_1_77' title='bbox 879 555 952 576; x_wconf 81' lang='lat' dir='ltr'>mea</span> <span class='ocrx_word' id='word_1_78' title='bbox 977 543 1073 588; x_wconf 84' lang='lat' dir='ltr'>qnasi</span> <span class='ocrx_word' id='word_1_79' title='bbox 1094 543 1178 576; x_wconf 81' lang='lat' dir='ltr'>nihil</span> <span class='ocrx_word' id='word_1_80' title='bbox 1199 549 1246 576; x_wconf 82' lang='lat' dir='ltr'>est</span> <span class='ocrx_word' id='word_1_81' title='bbox 1268 549 1343 576; x_wconf 81' lang='lat' dir='ltr'>ante</span> <span class='ocrx_word' id='word_1_82' title='bbox 1370 549 1421 580; x_wconf 82' lang='lat' dir='ltr'>tc,</span> <span class='ocrx_word' id='word_1_83' title='bbox 1443 544 1521 587; x_wconf 87' lang='lat' dir='ltr'>quia</span> <span class='ocrx_word' id='word_1_84' title='bbox 1543 543 1637 576; x_wconf 76' lang='lat' dir='ltr'>mille</span> <span class='ocrx_word' id='word_1_85' title='bbox 1658 544 1735 576; x_wconf 88' lang='lat' dir='ltr'>anni</span> <span class='ocrx_word' id='word_1_86' title='bbox 1762 550 1839 577; x_wconf 87' lang='lat' dir='ltr'>ante</span> <span class='ocrx_word' id='word_1_87' title='bbox 1864 544 1983 578; x_wconf 90' lang='lat' dir='ltr'>oculos</span> <span class='ocrx_word' id='word_1_88' title='bbox 2005 550 2082 578; x_wconf 87' lang='lat' dir='ltr'>tuos</span> 
     </span>
     <span class='ocr_line' id='line_1_14' title="bbox 409 600 2080 647; baseline -0.001 -11"><span class='ocrx_word' id='word_1_89' title='bbox 409 611 581 647; x_wconf 86' lang='lat' dir='ltr'>tamquam</span> <span class='ocrx_word' id='word_1_90' title='bbox 602 602 673 634; x_wconf 74' lang='lat' dir='ltr'>‹lies</span> <span class='ocrx_word' id='word_1_91' title='bbox 694 602 850 634; x_wconf 78' lang='lat' dir='ltr'>hesterna</span> <span class='ocrx_word' id='word_1_92' title='bbox 870 613 957 646; x_wconf 85' lang='lat' dir='ltr'>quae</span> <span class='ocrx_word' id='word_1_93' title='bbox 979 601 1171 646; x_wconf 81' lang='lat' dir='ltr'>praeteriit.</span> <span class='ocrx_word' id='word_1_94' title='bbox 1194 600 1244 633; x_wconf 67' lang='lat' dir='ltr'>xel</span> <span class='ocrx_word' id='word_1_95' title='bbox 1274 600 1427 633; x_wconf 77' lang='lat' dir='ltr'>custodia</span> <span class='ocrx_word' id='word_1_96' title='bbox 1455 601 1488 633; x_wconf 92' lang='lat' dir='ltr'>in</span> <span class='ocrx_word' id='word_1_97' title='bbox 1516 607 1614 633; x_wconf 83' lang='lat' dir='ltr'>nocte</span> <span class='ocrx_word' id='word_1_98' title='bbox 1637 601 1645 608; x_wconf 90' lang='grc'><em>“</em></span> <span class='ocrx_word' id='word_1_99' title='bbox 1659 626 1667 638; x_wconf 83' lang='grc'>,</span> <span class='ocrx_word' id='word_1_100' title='bbox 1694 600 1728 633; x_wconf 93' lang='lat' dir='ltr'>id</span> <span class='ocrx_word' id='word_1_101' title='bbox 1748 607 1797 633; x_wconf 84' lang='lat' dir='ltr'>est</span> <span class='ocrx_word' id='word_1_102' title='bbox 1817 607 1885 634; x_wconf 90' lang='lat' dir='ltr'>tres</span> <span class='ocrx_word' id='word_1_103' title='bbox 1904 601 2008 635; x_wconf 87' lang='lat' dir='ltr'>horae</span> <span class='ocrx_word' id='word_1_104' title='bbox 2027 601 2080 635; x_wconf 85' lang='lat' dir='ltr'>vel</span> 
     </span>
     <span class='ocr_line' id='line_1_15' title="bbox 406 657 2083 706; baseline 0 -13"><span class='ocrx_word' id='word_1_105' title='bbox 406 667 566 706; x_wconf 82' lang='lat' dir='ltr'>quatuor.</span> <span class='ocrx_word' id='word_1_106' title='bbox 596 659 883 704; x_wconf 77' lang='lat' dir='ltr'>Quandoquidem</span> <span class='ocrx_word' id='word_1_107' title='bbox 905 659 1007 703; x_wconf 76' lang='lat' dir='ltr'>igitur</span> <span class='ocrx_word' id='word_1_108' title='bbox 1034 665 1068 691; x_wconf 88' lang='lat' dir='ltr'>tu</span> <span class='ocrx_word' id='word_1_109' title='bbox 1095 664 1253 691; x_wconf 84' lang='lat' dir='ltr'>aeternus</span> <span class='ocrx_word' id='word_1_110' title='bbox 1272 669 1307 690; x_wconf 72' lang='lat' dir='ltr'>es</span> <span class='ocrx_word' id='word_1_111' title='bbox 1321 683 1328 693; x_wconf 88' lang='lat'>,</span> <span class='ocrx_word' id='word_1_112' title='bbox 1351 668 1423 690; x_wconf 83' lang='lat' dir='ltr'>inea</span> <span class='ocrx_word' id='word_1_113' title='bbox 1445 669 1528 691; x_wconf 60' lang='lat' dir='ltr'>xero</span> <span class='ocrx_word' id='word_1_114' title='bbox 1554 658 1728 691; x_wconf 61' lang='lat' dir='ltr'>existentia</span> <span class='ocrx_word' id='word_1_115' title='bbox 1756 657 1869 691; x_wconf 77' lang='lat' dir='ltr'>brevis</span> <span class='ocrx_word' id='word_1_116' title='bbox 1887 659 2030 692; x_wconf 90' lang='lat' dir='ltr'>omnino</span> <span class='ocrx_word' id='word_1_117' title='bbox 2049 665 2083 693; x_wconf 76' lang='lat' dir='ltr'>et</span> 
     </span>
     <span class='ocr_line' id='line_1_16' title="bbox 406 715 2084 761; baseline -0.001 -10"><span class='ocrx_word' id='word_1_118' title='bbox 406 723 596 752; x_wconf 76' lang='lat' dir='ltr'>conti-aeta,</span> <span class='ocrx_word' id='word_1_119' title='bbox 619 728 656 750; x_wconf 81' lang='lat' dir='ltr'>ac</span> <span class='ocrx_word' id='word_1_120' title='bbox 682 716 787 750; x_wconf 65' lang='lat' dir='ltr'>veluti</span> <span class='ocrx_word' id='word_1_121' title='bbox 815 716 896 749; x_wconf 90' lang='lat' dir='ltr'>nihil</span> <span class='ocrx_word' id='word_1_122' title='bbox 921 716 1063 749; x_wconf 79' lang='lat' dir='ltr'>omnino</span> <span class='ocrx_word' id='word_1_123' title='bbox 1092 716 1123 747; x_wconf 93' lang='lat' dir='ltr'>in</span> <span class='ocrx_word' id='word_1_124' title='bbox 1151 721 1335 759; x_wconf 77' lang='lat' dir='ltr'>conspectu</span> <span class='ocrx_word' id='word_1_125' title='bbox 1356 720 1436 752; x_wconf 85' lang='lat' dir='ltr'>tuo,</span> <span class='ocrx_word' id='word_1_126' title='bbox 1459 726 1500 751; x_wconf 89' lang='lat' dir='ltr'>ne</span> <span class='ocrx_word' id='word_1_127' title='bbox 1519 726 1646 760; x_wconf 81' lang='lat' dir='ltr'>quaeso</span> <span class='ocrx_word' id='word_1_128' title='bbox 1666 715 1755 748; x_wconf 84' lang='lat' dir='ltr'>sinas</span> <span class='ocrx_word' id='word_1_129' title='bbox 1779 715 1838 748; x_wconf 88' lang='lat' dir='ltr'>diu</span> <span class='ocrx_word' id='word_1_130' title='bbox 1863 716 1976 761; x_wconf 88' lang='lat' dir='ltr'>puniri</span> <span class='ocrx_word' id='word_1_131' title='bbox 2003 727 2084 750; x_wconf 88' lang='lat' dir='ltr'>eum</span> 
     </span>
     <span class='ocr_line' id='line_1_17' title="bbox 405 771 2078 822; baseline -0.001 -13"><span class='ocrx_word' id='word_1_132' title='bbox 405 777 463 822; x_wconf 85' lang='lat' dir='ltr'>qni</span> <span class='ocrx_word' id='word_1_133' title='bbox 484 787 523 809; x_wconf 77' lang='lat' dir='ltr'>ex</span> <span class='ocrx_word' id='word_1_134' title='bbox 544 774 741 808; x_wconf 76' lang='lat' dir='ltr'>infirmitate</span> <span class='ocrx_word' id='word_1_135' title='bbox 761 775 907 819; x_wconf 64' lang='lat' dir='ltr'>peccavit</span> <span class='ocrx_word' id='word_1_136' title='bbox 922 799 929 808; x_wconf 84' lang='grc'>,</span> <span class='ocrx_word' id='word_1_137' title='bbox 955 785 1064 817; x_wconf 77' lang='lat' dir='ltr'>neque</span> <span class='ocrx_word' id='word_1_138' title='bbox 1084 784 1147 816; x_wconf 78' lang='lat' dir='ltr'>ego</span> <span class='ocrx_word' id='word_1_139' title='bbox 1170 773 1202 805; x_wconf 85' lang='lat' dir='ltr'>in</span> <span class='ocrx_word' id='word_1_140' title='bbox 1223 773 1379 805; x_wconf 63' lang='lat' dir='ltr'>universa</span> <span class='ocrx_word' id='word_1_141' title='bbox 1400 772 1467 805; x_wconf 64' lang='lat' dir='ltr'>vita</span> <span class='ocrx_word' id='word_1_142' title='bbox 1488 773 1647 806; x_wconf 90' lang='lat' dir='ltr'>comitem</span> <span class='ocrx_word' id='word_1_143' title='bbox 1675 771 1819 806; x_wconf 89' lang='lat' dir='ltr'>habeam</span> <span class='ocrx_word' id='word_1_144' title='bbox 1839 773 2078 807; x_wconf 74' lang='lat' dir='ltr'>calamitatem.</span> 
     </span>
     <span class='ocr_line' id='line_1_18' title="bbox 407 829 2082 875; baseline -0.001 -9"><span class='ocrx_word' id='word_1_145' title='bbox 407 835 471 866; x_wconf 81' lang='lat' dir='ltr'>Pro</span> <span class='ocrx_word' id='word_1_146' title='bbox 497 831 705 867; x_wconf 84' lang='lat' dir='ltr'>substantia,</span> <span class='ocrx_word' id='word_1_147' title='bbox 727 830 850 875; x_wconf 70' lang='lat' dir='ltr'>Aquila</span> <span class='ocrx_word' id='word_1_148' title='bbox 876 831 1009 875; x_wconf 79' lang='lat' dir='ltr'>scripsit</span> <span class='ocrx_word' id='word_1_149' title='bbox 1036 829 1308 866; x_wconf 85' lang='lat' dir='ltr'>demersionem,</span> <span class='ocrx_word' id='word_1_150' title='bbox 1332 829 1555 873; x_wconf 66' lang='lat' dir='ltr'>Symmachus</span> <span class='ocrx_word' id='word_1_151' title='bbox 1580 830 1696 863; x_wconf 88' lang='lat' dir='ltr'>vitam.</span> <span class='ocrx_word' id='word_1_152' title='bbox 1727 831 1884 864; x_wconf 86' lang='lat' dir='ltr'>llumana</span> <span class='ocrx_word' id='word_1_153' title='bbox 1905 831 1996 863; x_wconf 89' lang='lat' dir='ltr'>enim</span> <span class='ocrx_word' id='word_1_154' title='bbox 2014 831 2082 864; x_wconf 87' lang='lat' dir='ltr'>vita</span> 
     </span>
     <span class='ocr_line' id='line_1_19' title="bbox 406 886 2083 934; baseline -0.001 -11"><span class='ocrx_word' id='word_1_155' title='bbox 406 890 488 923; x_wconf 86' lang='lat' dir='ltr'>nihil</span> <span class='ocrx_word' id='word_1_156' title='bbox 518 897 566 923; x_wconf 90' lang='lat' dir='ltr'>est</span> <span class='ocrx_word' id='word_1_157' title='bbox 595 901 675 934; x_wconf 86' lang='lat' dir='ltr'>prae</span> <span class='ocrx_word' id='word_1_158' title='bbox 702 889 761 921; x_wconf 87' lang='lat' dir='ltr'>Dei</span> <span class='ocrx_word' id='word_1_159' title='bbox 788 889 1002 924; x_wconf 81' lang='lat' dir='ltr'>aeternitate.</span> <span class='ocrx_word' id='word_1_160' title='bbox 1026 887 1214 920; x_wconf 84' lang='lat' dir='ltr'>secundum</span> <span class='ocrx_word' id='word_1_161' title='bbox 1234 886 1319 920; x_wconf 87' lang='lat' dir='ltr'>illud</span> <span class='ocrx_word' id='word_1_162' title='bbox 1342 887 1371 919; x_wconf 75' lang='lat'>⁹:</span> <span class='ocrx_word' id='word_1_163' title='bbox 1397 893 1433 920; x_wconf 94' lang='lat' dir='ltr'>tu</span> <span class='ocrx_word' id='word_1_164' title='bbox 1461 886 1550 919; x_wconf 88' lang='lat' dir='ltr'>idem</span> <span class='ocrx_word' id='word_1_165' title='bbox 1577 887 1648 932; x_wconf 88' lang='lat' dir='ltr'>ipse</span> <span class='ocrx_word' id='word_1_166' title='bbox 1668 899 1715 921; x_wconf 85' lang='lat' dir='ltr'>es.</span> <span class='ocrx_word' id='word_1_167' title='bbox 1745 887 1808 921; x_wconf 85' lang='lat' dir='ltr'>Sed</span> <span class='ocrx_word' id='word_1_168' title='bbox 1827 893 1861 921; x_wconf 89' lang='lat' dir='ltr'>et</span> <span class='ocrx_word' id='word_1_169' title='bbox 1877 899 1996 922; x_wconf 90' lang='lat' dir='ltr'>omnes</span> <span class='ocrx_word' id='word_1_170' title='bbox 2018 888 2083 922; x_wconf 91' lang='lat' dir='ltr'>ho-</span> 
     </span>
     <span class='ocr_line' id='line_1_20' title="bbox 406 945 1059 983; baseline -0.008 -2"><span class='ocrx_word' id='word_1_171' title='bbox 406 949 537 981; x_wconf 87' lang='lat' dir='ltr'>minum</span> <span class='ocrx_word' id='word_1_172' title='bbox 564 958 681 983; x_wconf 80' lang='lat' dir='ltr'>curae,</span> <span class='ocrx_word' id='word_1_173' title='bbox 702 947 832 979; x_wconf 61' lang='lat' dir='ltr'>xanitas</span> <span class='ocrx_word' id='word_1_174' title='bbox 858 945 1059 978; x_wconf 69' lang='lat' dir='ltr'>vanitatum.</span> 
     </span>
    </p>

    <p class='ocr_par' dir='ltr' id='par_1_10' title="bbox 967 1010 1523 1037">
     <span class='ocr_line' id='line_1_21' title="bbox 967 1010 1523 1037; baseline -0.002 -5"><span class='ocrx_word' id='word_1_175' title='bbox 967 1010 1014 1032; x_wconf 80' lang='lat' dir='ltr'>En</span> <span class='ocrx_word' id='word_1_176' title='bbox 1032 1010 1188 1037; x_wconf 73' lang='lat' dir='ltr'>palmares</span> <span class='ocrx_word' id='word_1_177' title='bbox 1204 1010 1335 1037; x_wconf 70' lang='lat' dir='ltr'>posuisti</span> <span class='ocrx_word' id='word_1_178' title='bbox 1351 1010 1417 1032; x_wconf 72' lang='lat' dir='ltr'>«lies</span> <span class='ocrx_word' id='word_1_179' title='bbox 1433 1015 1523 1032; x_wconf 75' lang='lat' dir='ltr'>meos.</span> 
     </span>
    </p>

    <p class='ocr_par' dir='ltr' id='par_1_11' title="bbox 407 1058 2082 1163">
     <span class='ocr_line' id='line_1_22' title="bbox 502 1058 2082 1105; baseline -0.001 -11"><span class='ocrx_word' id='word_1_180' title='bbox 502 1062 567 1094; x_wconf 83' lang='lat' dir='ltr'>Pro</span> <span class='ocrx_word' id='word_1_181' title='bbox 593 1072 660 1105; x_wconf 87' lang='lat' dir='ltr'>qna</span> <span class='ocrx_word' id='word_1_182' title='bbox 687 1060 832 1093; x_wconf 87' lang='lat' dir='ltr'>lectione</span> <span class='ocrx_word' id='word_1_183' title='bbox 859 1059 1082 1104; x_wconf 68' lang='lat' dir='ltr'>Symmachus</span> <span class='ocrx_word' id='word_1_184' title='bbox 1108 1060 1169 1092; x_wconf 87' lang='lat' dir='ltr'>ait:</span> <span class='ocrx_word' id='word_1_185' title='bbox 1193 1071 1235 1092; x_wconf 90' lang='lat' dir='ltr'>en</span> <span class='ocrx_word' id='word_1_186' title='bbox 1263 1065 1300 1092; x_wconf 92' lang='lat' dir='ltr'>ut</span> <span class='ocrx_word' id='word_1_187' title='bbox 1326 1058 1479 1104; x_wconf 91' lang='lat' dir='ltr'>palmum</span> <span class='ocrx_word' id='word_1_188' title='bbox 1505 1058 1627 1092; x_wconf 89' lang='lat' dir='ltr'>dedisti</span> <span class='ocrx_word' id='word_1_189' title='bbox 1647 1058 1719 1092; x_wconf 87' lang='lat' dir='ltr'>dies</span> <span class='ocrx_word' id='word_1_190' title='bbox 1737 1070 1844 1092; x_wconf 89' lang='lat' dir='ltr'>meos.</span> <span class='ocrx_word' id='word_1_191' title='bbox 1865 1059 1925 1093; x_wconf 84' lang='lat' dir='ltr'>Vel</span> <span class='ocrx_word' id='word_1_192' title='bbox 1951 1059 2082 1105; x_wconf 86' lang='lat' dir='ltr'>palma-</span> 
     </span>
     <span class='ocr_line' id='line_1_23' title="bbox 407 1115 1584 1163; baseline -0.003 -11"><span class='ocrx_word' id='word_1_193' title='bbox 407 1131 460 1152; x_wconf 85' lang='lat' dir='ltr'>res</span> <span class='ocrx_word' id='word_1_194' title='bbox 485 1117 651 1163; x_wconf 80' lang='lat' dir='ltr'>significat</span> <span class='ocrx_word' id='word_1_195' title='bbox 678 1117 819 1162; x_wconf 87' lang='lat' dir='ltr'>plenum</span> <span class='ocrx_word' id='word_1_196' title='bbox 846 1128 880 1149; x_wconf 89' lang='lat' dir='ltr'>se</span> <span class='ocrx_word' id='word_1_197' title='bbox 906 1128 978 1149; x_wconf 87' lang='lat' dir='ltr'>esse</span> <span class='ocrx_word' id='word_1_198' title='bbox 1005 1117 1231 1150; x_wconf 67' lang='lat' dir='ltr'>munitionum</span> <span class='ocrx_word' id='word_1_199' title='bbox 1257 1115 1501 1149; x_wconf 76' lang='lat' dir='ltr'>certaminibus</span> <span class='ocrx_word' id='word_1_200' title='bbox 1525 1116 1584 1160; x_wconf 76' lang='lat'>(1).</span> 
     </span>
    </p>

    <p class='ocr_par' dir='ltr' id='par_1_12' title="bbox 601 1181 1892 1212">
     <span class='ocr_line' id='line_1_24' title="bbox 601 1181 1892 1212; baseline 0 -7"><span class='ocrx_word' id='word_1_201' title='bbox 601 1183 822 1206; x_wconf 62' lang='lat' dir='ltr'>Verumtamen</span> <span class='ocrx_word' id='word_1_202' title='bbox 840 1184 872 1205; x_wconf 79' lang='grc' dir='ltr'>ἰιι</span> <span class='ocrx_word' id='word_1_203' title='bbox 891 1183 1029 1212; x_wconf 72' lang='lat' dir='ltr'>imagine</span> <span class='ocrx_word' id='word_1_204' title='bbox 1045 1182 1218 1209; x_wconf 72' lang='lat' dir='ltr'>pei-transit</span> <span class='ocrx_word' id='word_1_205' title='bbox 1236 1182 1340 1207; x_wconf 77' lang='lat' dir='ltr'>lnomo;</span> <span class='ocrx_word' id='word_1_206' title='bbox 1357 1181 1408 1203; x_wconf 70' lang='lat' dir='ltr'>secl</span> <span class='ocrx_word' id='word_1_207' title='bbox 1425 1183 1454 1204; x_wconf 71' lang='lat' dir='ltr'>et</span> <span class='ocrx_word' id='word_1_208' title='bbox 1474 1181 1595 1204; x_wconf 68' lang='lat' dir='ltr'>frustra</span> <span class='ocrx_word' id='word_1_209' title='bbox 1611 1182 1820 1204; x_wconf 61' lang='lat' dir='ltr'>conturbatur</span> <span class='ocrx_word' id='word_1_210' title='bbox 1836 1183 1892 1205; x_wconf 66' lang='lat' dir='ltr'>etc-</span> 
     </span>
    </p>

    <p class='ocr_par' dir='ltr' id='par_1_13' title="bbox 405 1231 2083 2078">
     <span class='ocr_line' id='line_1_25' title="bbox 500 1231 2082 1277; baseline -0.001 -11"><span class='ocrx_word' id='word_1_211' title='bbox 500 1235 703 1277; x_wconf 79' lang='lat' dir='ltr'>Magnorum</span> <span class='ocrx_word' id='word_1_212' title='bbox 722 1239 836 1266; x_wconf 89' lang='lat' dir='ltr'>autem</span> <span class='ocrx_word' id='word_1_213' title='bbox 855 1232 1029 1265; x_wconf 75' lang='lat' dir='ltr'>Athanasii</span> <span class='ocrx_word' id='word_1_214' title='bbox 1048 1237 1082 1264; x_wconf 90' lang='lat' dir='ltr'>et</span> <span class='ocrx_word' id='word_1_215' title='bbox 1100 1231 1218 1276; x_wconf 76' lang='lat' dir='ltr'>Cyritli</span> <span class='ocrx_word' id='word_1_216' title='bbox 1238 1231 1403 1264; x_wconf 86' lang='lat' dir='ltr'>sententia</span> <span class='ocrx_word' id='word_1_217' title='bbox 1423 1237 1492 1270; x_wconf 85' lang='lat' dir='ltr'>est,</span> <span class='ocrx_word' id='word_1_218' title='bbox 1515 1237 1551 1264; x_wconf 90' lang='lat' dir='ltr'>ut</span> <span class='ocrx_word' id='word_1_219' title='bbox 1570 1232 1734 1277; x_wconf 87' lang='lat' dir='ltr'>qnoniam</span> <span class='ocrx_word' id='word_1_220' title='bbox 1754 1232 1952 1277; x_wconf 85' lang='lat' dir='ltr'>imaginarie</span> <span class='ocrx_word' id='word_1_221' title='bbox 1969 1233 2082 1277; x_wconf 90' lang='lat' dir='ltr'>potius</span> 
     </span>
     <span class='ocr_line' id='line_1_26' title="bbox 406 1287 2083 1336; baseline -0.001 -13"><span class='ocrx_word' id='word_1_222' title='bbox 406 1301 510 1336; x_wconf 89' lang='lat' dir='ltr'>quam</span> <span class='ocrx_word' id='word_1_223' title='bbox 534 1301 614 1323; x_wconf 68' lang='lat' dir='ltr'>vere</span> <span class='ocrx_word' id='word_1_224' title='bbox 641 1301 731 1323; x_wconf 87' lang='lat' dir='ltr'>nune</span> <span class='ocrx_word' id='word_1_225' title='bbox 750 1289 857 1322; x_wconf 89' lang='lat' dir='ltr'>homo</span> <span class='ocrx_word' id='word_1_226' title='bbox 876 1288 1077 1334; x_wconf 78' lang='lat' dir='ltr'>pertransit,</span> <span class='ocrx_word' id='word_1_227' title='bbox 1099 1299 1178 1321; x_wconf 90' lang='lat' dir='ltr'>nam</span> <span class='ocrx_word' id='word_1_228' title='bbox 1201 1299 1280 1321; x_wconf 59' lang='lat' dir='ltr'>vera</span> <span class='ocrx_word' id='word_1_229' title='bbox 1299 1288 1368 1321; x_wconf 54' lang='lat' dir='ltr'>rita</span> <span class='ocrx_word' id='word_1_230' title='bbox 1387 1287 1493 1321; x_wconf 88' lang='lat' dir='ltr'>futuri</span> <span class='ocrx_word' id='word_1_231' title='bbox 1520 1287 1643 1322; x_wconf 86' lang='lat' dir='ltr'>saeculi</span> <span class='ocrx_word' id='word_1_232' title='bbox 1670 1295 1738 1327; x_wconf 86' lang='lat' dir='ltr'>est,</span> <span class='ocrx_word' id='word_1_233' title='bbox 1760 1289 1884 1322; x_wconf 90' lang='lat' dir='ltr'>merito</span> <span class='ocrx_word' id='word_1_234' title='bbox 1908 1288 2083 1334; x_wconf 88' lang='lat' dir='ltr'>psalmista</span> 
     </span>
     <span class='ocr_line' id='line_1_27' title="bbox 405 1345 2083 1391; baseline -0.001 -11"><span class='ocrx_word' id='word_1_235' title='bbox 405 1346 576 1381; x_wconf 58' lang='lat' dir='ltr'>xocabulo</span> <span class='ocrx_word' id='word_1_236' title='bbox 594 1347 752 1391; x_wconf 80' lang='lat' dir='ltr'>imaginis</span> <span class='ocrx_word' id='word_1_237' title='bbox 770 1346 910 1380; x_wconf 79' lang='lat' dir='ltr'>denotet</span> <span class='ocrx_word' id='word_1_238' title='bbox 929 1346 1125 1379; x_wconf 65' lang='lat' dir='ltr'>vanitatem.</span> <span class='ocrx_word' id='word_1_239' title='bbox 1147 1346 1223 1378; x_wconf 88' lang='lat' dir='ltr'>Non</span> <span class='ocrx_word' id='word_1_240' title='bbox 1242 1345 1333 1378; x_wconf 90' lang='lat' dir='ltr'>enim</span> <span class='ocrx_word' id='word_1_241' title='bbox 1353 1356 1444 1378; x_wconf 86' lang='lat' dir='ltr'>nune</span> <span class='ocrx_word' id='word_1_242' title='bbox 1462 1356 1578 1378; x_wconf 78' lang='lat' dir='ltr'>veram</span> <span class='ocrx_word' id='word_1_243' title='bbox 1598 1345 1743 1378; x_wconf 66' lang='lat' dir='ltr'>vivimus</span> <span class='ocrx_word' id='word_1_244' title='bbox 1759 1346 1882 1385; x_wconf 81' lang='lat' dir='ltr'>vitam,</span> <span class='ocrx_word' id='word_1_245' title='bbox 1900 1345 1960 1379; x_wconf 87' lang='lat' dir='ltr'>sed</span> <span class='ocrx_word' id='word_1_246' title='bbox 1978 1346 2083 1391; x_wconf 86' lang='lat' dir='ltr'>ipsius</span> 
     </span>
     <span class='ocr_line' id='line_1_28' title="bbox 407 1401 2083 1449; baseline -0.002 -11"><span class='ocrx_word' id='word_1_247' title='bbox 407 1405 512 1438; x_wconf 66' lang='lat' dir='ltr'>veluti</span> <span class='ocrx_word' id='word_1_248' title='bbox 538 1405 737 1449; x_wconf 78' lang='lat' dir='ltr'>imaginem,</span> <span class='ocrx_word' id='word_1_249' title='bbox 760 1415 870 1448; x_wconf 85' lang='lat' dir='ltr'>neque</span> <span class='ocrx_word' id='word_1_250' title='bbox 898 1409 1040 1448; x_wconf 80' lang='lat' dir='ltr'>propter</span> <span class='ocrx_word' id='word_1_251' title='bbox 1066 1414 1147 1436; x_wconf 66' lang='lat' dir='ltr'>vera</span> <span class='ocrx_word' id='word_1_252' title='bbox 1167 1401 1256 1435; x_wconf 89' lang='lat' dir='ltr'>bona</span> <span class='ocrx_word' id='word_1_253' title='bbox 1276 1413 1367 1435; x_wconf 89' lang='lat' dir='ltr'>nunc</span> <span class='ocrx_word' id='word_1_254' title='bbox 1386 1401 1596 1435; x_wconf 78' lang='lat' dir='ltr'>laboramus.</span> <span class='ocrx_word' id='word_1_255' title='bbox 1626 1402 1758 1436; x_wconf 80' lang='lat' dir='ltr'>Idcirco</span> <span class='ocrx_word' id='word_1_256' title='bbox 1784 1401 2029 1448; x_wconf 84' lang='lat' dir='ltr'>perturbamur</span> <span class='ocrx_word' id='word_1_257' title='bbox 2047 1403 2083 1436; x_wconf 90' lang='lat' dir='ltr'>in</span> 
     </span>
     <span class='ocr_line' id='line_1_29' title="bbox 406 1459 2083 1506; baseline -0.001 -11"><span class='ocrx_word' id='word_1_258' title='bbox 406 1473 538 1495; x_wconf 84' lang='lat' dir='ltr'>cassum</span> <span class='ocrx_word' id='word_1_259' title='bbox 564 1462 598 1494; x_wconf 88' lang='lat' dir='ltr'>in</span> <span class='ocrx_word' id='word_1_260' title='bbox 626 1461 807 1494; x_wconf 87' lang='lat' dir='ltr'>mundanis</span> <span class='ocrx_word' id='word_1_261' title='bbox 826 1459 1070 1506; x_wconf 75' lang='lat' dir='ltr'>cupiditatibus</span> <span class='ocrx_word' id='word_1_262' title='bbox 1089 1471 1152 1493; x_wconf 90' lang='lat' dir='ltr'>nos</span> <span class='ocrx_word' id='word_1_263' title='bbox 1172 1459 1381 1497; x_wconf 65' lang='lat' dir='ltr'>volutantes,</span> <span class='ocrx_word' id='word_1_264' title='bbox 1404 1459 1582 1493; x_wconf 72' lang='lat' dir='ltr'>thesauros</span> <span class='ocrx_word' id='word_1_265' title='bbox 1601 1459 1833 1499; x_wconf 87' lang='lat' dir='ltr'>cumulantes,</span> <span class='ocrx_word' id='word_1_266' title='bbox 1854 1471 2004 1505; x_wconf 88' lang='lat' dir='ltr'>quorum</span> <span class='ocrx_word' id='word_1_267' title='bbox 2022 1460 2083 1494; x_wconf 90' lang='lat' dir='ltr'>he·-</span> 
     </span>
     <span class='ocr_line' id='line_1_30' title="bbox 406 1515 2083 1563; baseline -0.001 -10"><span class='ocrx_word' id='word_1_268' title='bbox 406 1519 504 1553; x_wconf 90' lang='lat' dir='ltr'>redes</span> <span class='ocrx_word' id='word_1_269' title='bbox 529 1530 599 1553; x_wconf 90' lang='lat' dir='ltr'>non</span> <span class='ocrx_word' id='word_1_270' title='bbox 625 1520 795 1552; x_wconf 69' lang='lat' dir='ltr'>nox-imus.</span> <span class='ocrx_word' id='word_1_271' title='bbox 824 1538 847 1543; x_wconf 97' lang='lat'>—</span> <span class='ocrx_word' id='word_1_272' title='bbox 873 1518 1030 1551; x_wconf 77' lang='lat' dir='ltr'>Viventes</span> <span class='ocrx_word' id='word_1_273' title='bbox 1056 1517 1212 1551; x_wconf 89' lang='lat' dir='ltr'>homines</span> <span class='ocrx_word' id='word_1_274' title='bbox 1237 1527 1255 1549; x_wconf 91' lang='lat' dir='ltr'>a</span> <span class='ocrx_word' id='word_1_275' title='bbox 1282 1516 1380 1561; x_wconf 87' lang='lat' dir='ltr'>pictis</span> <span class='ocrx_word' id='word_1_276' title='bbox 1406 1517 1440 1549; x_wconf 92' lang='lat' dir='ltr'>in</span> <span class='ocrx_word' id='word_1_277' title='bbox 1467 1515 1583 1550; x_wconf 89' lang='lat' dir='ltr'>tabula</span> <span class='ocrx_word' id='word_1_278' title='bbox 1609 1516 1693 1550; x_wconf 83' lang='lat' dir='ltr'>nihil</span> <span class='ocrx_word' id='word_1_279' title='bbox 1713 1517 1896 1557; x_wconf 86' lang='lat' dir='ltr'>differunt,</span> <span class='ocrx_word' id='word_1_280' title='bbox 1917 1524 2020 1563; x_wconf 88' lang='lat' dir='ltr'>atque</span> <span class='ocrx_word' id='word_1_281' title='bbox 2045 1524 2083 1552; x_wconf 88' lang='lat' dir='ltr'>ut</span> 
     </span>
     <span class='ocr_line' id='line_1_31' title="bbox 406 1573 2083 1623; baseline -0.001 -14"><span class='ocrx_word' id='word_1_282' title='bbox 406 1576 539 1610; x_wconf 89' lang='lat' dir='ltr'>colores</span> <span class='ocrx_word' id='word_1_283' title='bbox 564 1576 705 1621; x_wconf 88' lang='lat' dir='ltr'>quidam</span> <span class='ocrx_word' id='word_1_284' title='bbox 731 1576 875 1623; x_wconf 81' lang='lat' dir='ltr'>florent:</span> <span class='ocrx_word' id='word_1_285' title='bbox 904 1574 963 1608; x_wconf 84' lang='lat' dir='ltr'>sed</span> <span class='ocrx_word' id='word_1_286' title='bbox 989 1575 1081 1608; x_wconf 92' lang='lat' dir='ltr'>enim</span> <span class='ocrx_word' id='word_1_287' title='bbox 1108 1580 1176 1607; x_wconf 90' lang='lat' dir='ltr'>tam</span> <span class='ocrx_word' id='word_1_288' title='bbox 1204 1574 1330 1606; x_wconf 88' lang='lat' dir='ltr'>horum</span> <span class='ocrx_word' id='word_1_289' title='bbox 1355 1584 1458 1617; x_wconf 89' lang='lat' dir='ltr'>quam</span> <span class='ocrx_word' id='word_1_290' title='bbox 1484 1574 1586 1606; x_wconf 88' lang='lat' dir='ltr'>etiam</span> <span class='ocrx_word' id='word_1_291' title='bbox 1611 1573 1752 1607; x_wconf 90' lang='lat' dir='ltr'>illorum</span> <span class='ocrx_word' id='word_1_292' title='bbox 1780 1580 1900 1608; x_wconf 87' lang='lat' dir='ltr'>natura</span> <span class='ocrx_word' id='word_1_293' title='bbox 1927 1580 2083 1620; x_wconf 89' lang='lat' dir='ltr'>tempore</span> 
     </span>
     <span class='ocr_line' id='line_1_32' title="bbox 406 1629 2082 1677; baseline -0.001 -11"><span class='ocrx_word' id='word_1_294' title='bbox 406 1632 525 1666; x_wconf 81' lang='lat' dir='ltr'>defluit</span> <span class='ocrx_word' id='word_1_295' title='bbox 551 1639 581 1666; x_wconf 89' lang='lat' dir='ltr'>et</span> <span class='ocrx_word' id='word_1_296' title='bbox 609 1633 855 1677; x_wconf 84' lang='lat' dir='ltr'>corrumpitur.</span> <span class='ocrx_word' id='word_1_297' title='bbox 885 1633 978 1672; x_wconf 82' lang='lat' dir='ltr'>Quae</span> <span class='ocrx_word' id='word_1_298' title='bbox 1003 1642 1112 1676; x_wconf 88' lang='lat' dir='ltr'>quum</span> <span class='ocrx_word' id='word_1_299' title='bbox 1138 1631 1182 1663; x_wconf 89' lang='lat' dir='ltr'>ita</span> <span class='ocrx_word' id='word_1_300' title='bbox 1209 1642 1244 1663; x_wconf 89' lang='lat' dir='ltr'>se</span> <span class='ocrx_word' id='word_1_301' title='bbox 1269 1629 1439 1668; x_wconf 85' lang='lat' dir='ltr'>habeant,</span> <span class='ocrx_word' id='word_1_302' title='bbox 1462 1630 1684 1664; x_wconf 88' lang='lat' dir='ltr'>nihilominus</span> <span class='ocrx_word' id='word_1_303' title='bbox 1709 1631 1881 1675; x_wconf 83' lang='lat' dir='ltr'>agitantur</span> <span class='ocrx_word' id='word_1_304' title='bbox 1906 1631 2082 1665; x_wconf 85' lang='lat' dir='ltr'>aemulan-</span> 
     </span>
     <span class='ocr_line' id='line_1_33' title="bbox 407 1687 2083 1734; baseline -0.001 -11"><span class='ocrx_word' id='word_1_305' title='bbox 407 1696 472 1728; x_wconf 87' lang='lat' dir='ltr'>tes,</span> <span class='ocrx_word' id='word_1_306' title='bbox 491 1689 750 1726; x_wconf 84' lang='lat' dir='ltr'>contendentes,</span> <span class='ocrx_word' id='word_1_307' title='bbox 769 1689 859 1722; x_wconf 87' lang='lat' dir='ltr'>bella</span> <span class='ocrx_word' id='word_1_308' title='bbox 879 1694 1052 1734; x_wconf 76' lang='lat' dir='ltr'>gerentes,</span> <span class='ocrx_word' id='word_1_309' title='bbox 1074 1693 1300 1721; x_wconf 84' lang='lat' dir='ltr'>mercaturam</span> <span class='ocrx_word' id='word_1_310' title='bbox 1320 1693 1531 1725; x_wconf 79' lang='lat' dir='ltr'>exercentes,</span> <span class='ocrx_word' id='word_1_311' title='bbox 1549 1687 1719 1732; x_wconf 88' lang='lat' dir='ltr'>plenaque</span> <span class='ocrx_word' id='word_1_312' title='bbox 1738 1687 1995 1733; x_wconf 86' lang='lat' dir='ltr'>tempestatibus</span> <span class='ocrx_word' id='word_1_313' title='bbox 2014 1689 2083 1722; x_wconf 83' lang='lat' dir='ltr'>vita</span> 
     </span>
     <span class='ocr_line' id='line_1_34' title="bbox 407 1744 2083 1792; baseline 0 -12"><span class='ocrx_word' id='word_1_314' title='bbox 407 1753 473 1785; x_wconf 87' lang='lat' dir='ltr'>est,</span> <span class='ocrx_word' id='word_1_315' title='bbox 497 1754 597 1792; x_wconf 78' lang='lat' dir='ltr'>atque</span> <span class='ocrx_word' id='word_1_316' title='bbox 623 1749 658 1781; x_wconf 90' lang='lat' dir='ltr'>in</span> <span class='ocrx_word' id='word_1_317' title='bbox 684 1753 833 1781; x_wconf 86' lang='lat' dir='ltr'>mortem</span> <span class='ocrx_word' id='word_1_318' title='bbox 858 1747 994 1780; x_wconf 80' lang='lat' dir='ltr'>desinit.</span> <span class='ocrx_word' id='word_1_319' title='bbox 1024 1746 1206 1790; x_wconf 85' lang='lat' dir='ltr'>Quumque</span> <span class='ocrx_word' id='word_1_320' title='bbox 1231 1756 1358 1789; x_wconf 85' lang='lat' dir='ltr'>magno</span> <span class='ocrx_word' id='word_1_321' title='bbox 1385 1744 1504 1778; x_wconf 87' lang='lat' dir='ltr'>labore</span> <span class='ocrx_word' id='word_1_322' title='bbox 1530 1756 1567 1778; x_wconf 90' lang='lat' dir='ltr'>ac</span> <span class='ocrx_word' id='word_1_323' title='bbox 1593 1745 1718 1778; x_wconf 91' lang='lat' dir='ltr'>sudore</span> <span class='ocrx_word' id='word_1_324' title='bbox 1743 1745 1879 1779; x_wconf 62' lang='lat' dir='ltr'>divitias</span> <span class='ocrx_word' id='word_1_325' title='bbox 1902 1756 2083 1791; x_wconf 82' lang='lat' dir='ltr'>congesse-</span> 
     </span>
     <span class='ocr_line' id='line_1_35' title="bbox 407 1801 2082 1847; baseline -0.001 -10"><span class='ocrx_word' id='word_1_326' title='bbox 407 1804 492 1840; x_wconf 85' lang='lat' dir='ltr'>rint.</span> <span class='ocrx_word' id='word_1_327' title='bbox 514 1804 669 1838; x_wconf 86' lang='lat' dir='ltr'>futurum</span> <span class='ocrx_word' id='word_1_328' title='bbox 693 1804 848 1837; x_wconf 83' lang='lat' dir='ltr'>nesciunt</span> <span class='ocrx_word' id='word_1_329' title='bbox 866 1803 1042 1837; x_wconf 84' lang='lat' dir='ltr'>heredem.</span> <span class='ocrx_word' id='word_1_330' title='bbox 1073 1803 1125 1835; x_wconf 78' lang='lat' dir='ltr'>Sic</span> <span class='ocrx_word' id='word_1_331' title='bbox 1148 1802 1307 1847; x_wconf 88' lang='lat' dir='ltr'>equidem</span> <span class='ocrx_word' id='word_1_332' title='bbox 1326 1801 1446 1835; x_wconf 88' lang='lat' dir='ltr'>beatus</span> <span class='ocrx_word' id='word_1_333' title='bbox 1465 1802 1568 1835; x_wconf 87' lang='lat' dir='ltr'>etiam</span> <span class='ocrx_word' id='word_1_334' title='bbox 1586 1802 1694 1835; x_wconf 67' lang='lat' dir='ltr'>David</span> <span class='ocrx_word' id='word_1_335' title='bbox 1713 1803 1847 1847; x_wconf 84' lang='lat' dir='ltr'>scripsit</span> <span class='ocrx_word' id='word_1_336' title='bbox 1864 1801 1996 1836; x_wconf 83' lang='lat' dir='ltr'>vicibus</span> <span class='ocrx_word' id='word_1_337' title='bbox 2013 1803 2082 1836; x_wconf 89' lang='lat' dir='ltr'>suis</span> 
     </span>
     <span class='ocr_line' id='line_1_36' title="bbox 407 1857 2082 1906; baseline -0.001 -11"><span class='ocrx_word' id='word_1_338' title='bbox 407 1868 597 1906; x_wconf 89' lang='lat' dir='ltr'>permotus.</span> <span class='ocrx_word' id='word_1_339' title='bbox 625 1862 739 1902; x_wconf 88' lang='lat' dir='ltr'>Quum</span> <span class='ocrx_word' id='word_1_340' title='bbox 765 1861 857 1894; x_wconf 89' lang='lat' dir='ltr'>enim</span> <span class='ocrx_word' id='word_1_341' title='bbox 883 1860 965 1894; x_wconf 88' lang='lat' dir='ltr'>belli</span> <span class='ocrx_word' id='word_1_342' title='bbox 993 1859 1182 1898; x_wconf 87' lang='lat' dir='ltr'>manubiis,</span> <span class='ocrx_word' id='word_1_343' title='bbox 1205 1866 1237 1893; x_wconf 87' lang='lat' dir='ltr'>et</span> <span class='ocrx_word' id='word_1_344' title='bbox 1266 1859 1533 1903; x_wconf 82' lang='lat' dir='ltr'>alienigenarum</span> <span class='ocrx_word' id='word_1_345' title='bbox 1559 1857 1695 1892; x_wconf 85' lang='lat' dir='ltr'>tributis</span> <span class='ocrx_word' id='word_1_346' title='bbox 1719 1860 1905 1893; x_wconf 77' lang='lat' dir='ltr'>maximum</span> <span class='ocrx_word' id='word_1_347' title='bbox 1929 1859 2082 1905; x_wconf 88' lang='lat' dir='ltr'>splendi-</span> 
     </span>
     <span class='ocr_line' id='line_1_37' title="bbox 408 1916 2081 1964; baseline 0.001 -13"><span class='ocrx_word' id='word_1_348' title='bbox 408 1919 559 1964; x_wconf 88' lang='lat' dir='ltr'>dumque</span> <span class='ocrx_word' id='word_1_349' title='bbox 586 1930 728 1964; x_wconf 84' lang='lat' dir='ltr'>regnum</span> <span class='ocrx_word' id='word_1_350' title='bbox 755 1930 854 1952; x_wconf 80' lang='lat' dir='ltr'>suum</span> <span class='ocrx_word' id='word_1_351' title='bbox 881 1917 1063 1955; x_wconf 76' lang='lat' dir='ltr'>effecisset,</span> <span class='ocrx_word' id='word_1_352' title='bbox 1085 1916 1266 1963; x_wconf 78' lang='lat' dir='ltr'>ignorabat</span> <span class='ocrx_word' id='word_1_353' title='bbox 1292 1917 1352 1950; x_wconf 80' lang='lat' dir='ltr'>filii</span> <span class='ocrx_word' id='word_1_354' title='bbox 1379 1917 1519 1962; x_wconf 89' lang='lat' dir='ltr'>impiam</span> <span class='ocrx_word' id='word_1_355' title='bbox 1545 1916 1788 1962; x_wconf 85' lang='lat' dir='ltr'>scelestamque</span> <span class='ocrx_word' id='word_1_356' title='bbox 1813 1923 1974 1951; x_wconf 88' lang='lat' dir='ltr'>mentem.</span> <span class='ocrx_word' id='word_1_357' title='bbox 2004 1919 2081 1952; x_wconf 80' lang='lat' dir='ltr'>Mox</span> 
     </span>
     <span class='ocr_line' id='line_1_38' title="bbox 408 1974 2082 2022; baseline -0.001 -12"><span class='ocrx_word' id='word_1_358' title='bbox 408 1976 467 2010; x_wconf 90' lang='lat' dir='ltr'>ubi</span> <span class='ocrx_word' id='word_1_359' title='bbox 485 1988 563 2010; x_wconf 90' lang='lat' dir='ltr'>eum</span> <span class='ocrx_word' id='word_1_360' title='bbox 582 1976 665 2010; x_wconf 76' lang='lat' dir='ltr'>vidit</span> <span class='ocrx_word' id='word_1_361' title='bbox 686 1977 786 2022; x_wconf 80' lang='lat' dir='ltr'>regiis</span> <span class='ocrx_word' id='word_1_362' title='bbox 806 1976 938 2021; x_wconf 89' lang='lat' dir='ltr'>palatiis</span> <span class='ocrx_word' id='word_1_363' title='bbox 958 1976 1147 2020; x_wconf 82' lang='lat' dir='ltr'>occupatis,</span> <span class='ocrx_word' id='word_1_364' title='bbox 1167 1975 1332 2020; x_wconf 86' lang='lat' dir='ltr'>repositas</span> <span class='ocrx_word' id='word_1_365' title='bbox 1350 1974 1420 2007; x_wconf 88' lang='lat' dir='ltr'>illic</span> <span class='ocrx_word' id='word_1_366' title='bbox 1439 1985 1619 2019; x_wconf 71' lang='lat' dir='ltr'>usurpasse</span> <span class='ocrx_word' id='word_1_367' title='bbox 1639 1986 1739 2020; x_wconf 88' lang='lat' dir='ltr'>opes,</span> <span class='ocrx_word' id='word_1_368' title='bbox 1758 1975 1880 2008; x_wconf 86' lang='lat' dir='ltr'>miram</span> <span class='ocrx_word' id='word_1_369' title='bbox 1899 1974 1986 2008; x_wconf 90' lang='lat' dir='ltr'>hanc</span> <span class='ocrx_word' id='word_1_370' title='bbox 2004 1975 2082 2008; x_wconf 87' lang='lat' dir='ltr'>emi-</span> 
     </span>
     <span class='ocr_line' id='line_1_39' title="bbox 406 2032 2078 2078; baseline 0 -11"><span class='ocrx_word' id='word_1_371' title='bbox 406 2035 447 2067; x_wconf 84' lang='lat' dir='ltr'>sit</span> <span class='ocrx_word' id='word_1_372' title='bbox 473 2046 533 2068; x_wconf 89' lang='lat' dir='ltr'>ore</span> <span class='ocrx_word' id='word_1_373' title='bbox 559 2046 697 2067; x_wconf 72' lang='lat' dir='ltr'>vocem:</span> <span class='ocrx_word' id='word_1_374' title='bbox 719 2034 779 2067; x_wconf 86' lang='lat' dir='ltr'>sed</span> <span class='ocrx_word' id='word_1_375' title='bbox 799 2040 831 2067; x_wconf 85' lang='lat' dir='ltr'>et</span> <span class='ocrx_word' id='word_1_376' title='bbox 851 2034 975 2067; x_wconf 85' lang='lat' dir='ltr'>frustra</span> <span class='ocrx_word' id='word_1_377' title='bbox 999 2033 1245 2071; x_wconf 60' lang='lat' dir='ltr'>conturbatum</span> <span class='ocrx_word' id='word_1_378' title='bbox 1268 2033 1488 2070; x_wconf 88' lang='lat' dir='ltr'>thesaurizat,</span> <span class='ocrx_word' id='word_1_379' title='bbox 1510 2038 1542 2065; x_wconf 88' lang='lat' dir='ltr'>et</span> <span class='ocrx_word' id='word_1_380' title='bbox 1560 2033 1696 2077; x_wconf 80' lang='lat' dir='ltr'>ignorat</span> <span class='ocrx_word' id='word_1_381' title='bbox 1714 2034 1767 2066; x_wconf 86' lang='lat' dir='ltr'>cui</span> <span class='ocrx_word' id='word_1_382' title='bbox 1787 2032 2008 2078; x_wconf 84' lang='lat' dir='ltr'>congregabit</span> <span class='ocrx_word' id='word_1_383' title='bbox 2026 2044 2078 2067; x_wconf 84' lang='lat' dir='ltr'>ea.</span> 
     </span>
    </p>

    <p class='ocr_par' dir='ltr' id='par_1_14' title="bbox 523 2097 1969 2126">
     <span class='ocr_line' id='line_1_40' title="bbox 523 2097 1969 2126; baseline -0.001 -5"><span class='ocrx_word' id='word_1_384' title='bbox 523 2099 563 2121; x_wconf 70' lang='lat' dir='ltr'>Et</span> <span class='ocrx_word' id='word_1_385' title='bbox 581 2106 663 2121; x_wconf 79' lang='lat' dir='ltr'>nnuc</span> <span class='ocrx_word' id='word_1_386' title='bbox 680 2106 761 2126; x_wconf 81' lang='lat' dir='ltr'>quae</span> <span class='ocrx_word' id='word_1_387' title='bbox 777 2101 821 2121; x_wconf 74' lang='lat' dir='ltr'>est</span> <span class='ocrx_word' id='word_1_388' title='bbox 839 2099 1010 2126; x_wconf 73' lang='lat' dir='ltr'>expectatio</span> <span class='ocrx_word' id='word_1_389' title='bbox 1027 2099 1112 2120; x_wconf 61' lang='lat' dir='ltr'>mea?</span> <span class='ocrx_word' id='word_1_390' title='bbox 1128 2105 1230 2120; x_wconf 84' lang='lat' dir='ltr'>noune</span> <span class='ocrx_word' id='word_1_391' title='bbox 1247 2098 1416 2120; x_wconf 62' lang='lat' dir='ltr'>Dominus?</span> <span class='ocrx_word' id='word_1_392' title='bbox 1432 2097 1472 2120; x_wconf 79' lang='lat' dir='ltr'>Et</span> <span class='ocrx_word' id='word_1_393' title='bbox 1488 2098 1664 2119; x_wconf 67' lang='lat' dir='ltr'>substantia</span> <span class='ocrx_word' id='word_1_394' title='bbox 1682 2103 1749 2119; x_wconf 78' lang='lat' dir='ltr'>mea</span> <span class='ocrx_word' id='word_1_395' title='bbox 1766 2097 1849 2124; x_wconf 78' lang='lat' dir='ltr'>apud</span> <span class='ocrx_word' id='word_1_396' title='bbox 1867 2099 1898 2120; x_wconf 66' lang='lat' dir='ltr'>te</span> <span class='ocrx_word' id='word_1_397' title='bbox 1913 2098 1969 2120; x_wconf 68' lang='lat' dir='ltr'>est.</span> 
     </span>
    </p>

    <p class='ocr_par' dir='ltr' id='par_1_15' title="bbox 405 2141 2082 2768">
     <span class='ocr_line' id='line_1_41' title="bbox 503 2141 2078 2193; baseline -0.001 -12"><span class='ocrx_word' id='word_1_398' title='bbox 503 2149 623 2181; x_wconf 82' lang='lat' dir='ltr'>Merito</span> <span class='ocrx_word' id='word_1_399' title='bbox 641 2149 676 2181; x_wconf 89' lang='lat' dir='ltr'>in</span> <span class='ocrx_word' id='word_1_400' title='bbox 696 2148 829 2181; x_wconf 85' lang='lat' dir='ltr'>Christo</span> <span class='ocrx_word' id='word_1_401' title='bbox 848 2159 943 2193; x_wconf 88' lang='lat' dir='ltr'>spem</span> <span class='ocrx_word' id='word_1_402' title='bbox 963 2159 1059 2181; x_wconf 88' lang='lat' dir='ltr'>suam</span> <span class='ocrx_word' id='word_1_403' title='bbox 1078 2147 1262 2181; x_wconf 88' lang='lat' dir='ltr'>collocasse</span> <span class='ocrx_word' id='word_1_404' title='bbox 1281 2147 1379 2183; x_wconf 83' lang='lat' dir='ltr'>dicit,</span> <span class='ocrx_word' id='word_1_405' title='bbox 1402 2146 1521 2180; x_wconf 90' lang='lat' dir='ltr'>mundi</span> <span class='ocrx_word' id='word_1_406' title='bbox 1542 2145 1789 2179; x_wconf 82' lang='lat' dir='ltr'>sollicitudines</span> <span class='ocrx_word' id='word_1_407' title='bbox 1808 2141 1887 2179; x_wconf 88' lang='lat' dir='ltr'>satis</span> <span class='ocrx_word' id='word_1_408' title='bbox 1906 2152 2078 2192; x_wconf 82' lang='lat' dir='ltr'>expertus.</span> 
     </span>
     <span class='ocr_line' id='line_1_42' title="bbox 406 2203 2082 2249; baseline 0 -12"><span class='ocrx_word' id='word_1_409' title='bbox 406 2205 489 2245; x_wconf 88' lang='lat' dir='ltr'>Quis</span> <span class='ocrx_word' id='word_1_410' title='bbox 513 2205 617 2242; x_wconf 89' lang='lat' dir='ltr'>mihi,</span> <span class='ocrx_word' id='word_1_411' title='bbox 639 2205 768 2249; x_wconf 81' lang='lat' dir='ltr'>inquit,</span> <span class='ocrx_word' id='word_1_412' title='bbox 791 2204 926 2243; x_wconf 86' lang='lat' dir='ltr'>tribuit,</span> <span class='ocrx_word' id='word_1_413' title='bbox 949 2211 986 2238; x_wconf 88' lang='lat' dir='ltr'>ut</span> <span class='ocrx_word' id='word_1_414' title='bbox 1012 2205 1236 2238; x_wconf 86' lang='lat' dir='ltr'>constantiam</span> <span class='ocrx_word' id='word_1_415' title='bbox 1263 2205 1368 2242; x_wconf 89' lang='lat' dir='ltr'>tueri,</span> <span class='ocrx_word' id='word_1_416' title='bbox 1389 2204 1591 2249; x_wconf 82' lang='lat' dir='ltr'>fortiterque</span> <span class='ocrx_word' id='word_1_417' title='bbox 1614 2215 1669 2237; x_wconf 88' lang='lat' dir='ltr'>me</span> <span class='ocrx_word' id='word_1_418' title='bbox 1695 2214 1813 2248; x_wconf 82' lang='lat' dir='ltr'>gerere</span> <span class='ocrx_word' id='word_1_419' title='bbox 1833 2204 1867 2237; x_wconf 92' lang='lat' dir='ltr'>in</span> <span class='ocrx_word' id='word_1_420' title='bbox 1894 2203 2082 2237; x_wconf 82' lang='lat' dir='ltr'>calamitate</span> 
     </span>
     <span class='ocr_line' id='line_1_43' title="bbox 408 2260 2081 2307; baseline 0 -12"><span class='ocrx_word' id='word_1_421' title='bbox 408 2263 599 2307; x_wconf 86' lang='lat' dir='ltr'>potuerim,</span> <span class='ocrx_word' id='word_1_422' title='bbox 627 2274 736 2306; x_wconf 86' lang='lat' dir='ltr'>neque</span> <span class='ocrx_word' id='word_1_423' title='bbox 763 2274 927 2307; x_wconf 89' lang='lat' dir='ltr'>umquam</span> <span class='ocrx_word' id='word_1_424' title='bbox 953 2263 1066 2295; x_wconf 87' lang='lat' dir='ltr'>animo</span> <span class='ocrx_word' id='word_1_425' title='bbox 1092 2263 1136 2295; x_wconf 90' lang='lat' dir='ltr'>ita</span> <span class='ocrx_word' id='word_1_426' title='bbox 1163 2261 1373 2295; x_wconf 76' lang='lat' dir='ltr'>conciderint</span> <span class='ocrx_word' id='word_1_427' title='bbox 1398 2268 1433 2294; x_wconf 90' lang='lat' dir='ltr'>ut</span> <span class='ocrx_word' id='word_1_428' title='bbox 1459 2261 1638 2306; x_wconf 86' lang='lat' dir='ltr'>quidpiam</span> <span class='ocrx_word' id='word_1_429' title='bbox 1664 2271 1798 2305; x_wconf 81' lang='lat' dir='ltr'>agerem</span> <span class='ocrx_word' id='word_1_430' title='bbox 1824 2260 2016 2294; x_wconf 87' lang='lat' dir='ltr'>diceremve</span> <span class='ocrx_word' id='word_1_431' title='bbox 2041 2272 2081 2295; x_wconf 79' lang='lat' dir='ltr'>ex</span> 
     </span>
     <span class='ocr_line' id='line_1_44' title="bbox 406 2318 2078 2359; baseline -0.001 -6"><span class='ocrx_word' id='word_1_432' title='bbox 406 2320 554 2353; x_wconf 88' lang='lat' dir='ltr'>humana</span> <span class='ocrx_word' id='word_1_433' title='bbox 582 2319 837 2353; x_wconf 71' lang='lat' dir='ltr'>imbecillitate?</span> <span class='ocrx_word' id='word_1_434' title='bbox 864 2331 979 2353; x_wconf 87' lang='lat' dir='ltr'>nonne</span> <span class='ocrx_word' id='word_1_435' title='bbox 1005 2320 1196 2353; x_wconf 71' lang='lat' dir='ltr'>Dominus?</span> <span class='ocrx_word' id='word_1_436' title='bbox 1221 2320 1394 2359; x_wconf 88' lang='lat' dir='ltr'>Quaenam</span> <span class='ocrx_word' id='word_1_437' title='bbox 1422 2331 1505 2353; x_wconf 67' lang='lat' dir='ltr'>xero</span> <span class='ocrx_word' id='word_1_438' title='bbox 1531 2324 1581 2352; x_wconf 91' lang='lat' dir='ltr'>est</span> <span class='ocrx_word' id='word_1_439' title='bbox 1606 2318 1794 2353; x_wconf 90' lang='lat' dir='ltr'>substantia</span> <span class='ocrx_word' id='word_1_440' title='bbox 1819 2320 1919 2353; x_wconf 77' lang='lat' dir='ltr'>mea?</span> <span class='ocrx_word' id='word_1_441' title='bbox 1945 2318 1983 2352; x_wconf 94' lang='lat' dir='ltr'>ld</span> <span class='ocrx_word' id='word_1_442' title='bbox 2009 2325 2078 2357; x_wconf 88' lang='lat' dir='ltr'>est,</span> 
     </span>
     <span class='ocr_line' id='line_1_45' title="bbox 405 2375 2081 2423; baseline 0 -14"><span class='ocrx_word' id='word_1_443' title='bbox 405 2378 481 2421; x_wconf 88' lang='lat' dir='ltr'>quis</span> <span class='ocrx_word' id='word_1_444' title='bbox 501 2377 584 2410; x_wconf 88' lang='lat' dir='ltr'>mihi</span> <span class='ocrx_word' id='word_1_445' title='bbox 603 2378 692 2410; x_wconf 74' lang='lat' dir='ltr'>vires</span> <span class='ocrx_word' id='word_1_446' title='bbox 712 2377 923 2423; x_wconf 83' lang='lat' dir='ltr'>suppeditat,</span> <span class='ocrx_word' id='word_1_447' title='bbox 946 2383 982 2410; x_wconf 88' lang='lat' dir='ltr'>ut</span> <span class='ocrx_word' id='word_1_448' title='bbox 1001 2388 1039 2410; x_wconf 88' lang='lat' dir='ltr'>ca</span> <span class='ocrx_word' id='word_1_449' title='bbox 1059 2378 1227 2421; x_wconf 84' lang='lat' dir='ltr'>patienter</span> <span class='ocrx_word' id='word_1_450' title='bbox 1246 2376 1372 2414; x_wconf 89' lang='lat' dir='ltr'>seram,</span> <span class='ocrx_word' id='word_1_451' title='bbox 1393 2388 1480 2421; x_wconf 88' lang='lat' dir='ltr'>quae</span> <span class='ocrx_word' id='word_1_452' title='bbox 1500 2387 1648 2422; x_wconf 88' lang='lat' dir='ltr'>superna</span> <span class='ocrx_word' id='word_1_453' title='bbox 1666 2377 1715 2410; x_wconf 87' lang='lat' dir='ltr'>ira</span> <span class='ocrx_word' id='word_1_454' title='bbox 1734 2376 1817 2409; x_wconf 89' lang='lat' dir='ltr'>mihi</span> <span class='ocrx_word' id='word_1_455' title='bbox 1837 2377 1976 2422; x_wconf 85' lang='lat' dir='ltr'>ingerit,</span> <span class='ocrx_word' id='word_1_456' title='bbox 1997 2375 2081 2409; x_wconf 90' lang='lat' dir='ltr'>dum</span> 
     </span>
     <span class='ocr_line' id='line_1_46' title="bbox 405 2433 2082 2479; baseline -0.001 -12"><span class='ocrx_word' id='word_1_457' title='bbox 405 2446 460 2467; x_wconf 89' lang='lat' dir='ltr'>me</span> <span class='ocrx_word' id='word_1_458' title='bbox 479 2436 585 2471; x_wconf 75' lang='lat' dir='ltr'>Deus,</span> <span class='ocrx_word' id='word_1_459' title='bbox 604 2441 779 2479; x_wconf 85' lang='lat' dir='ltr'>tamquam</span> <span class='ocrx_word' id='word_1_460' title='bbox 801 2445 917 2467; x_wconf 81' lang='lat' dir='ltr'>amans</span> <span class='ocrx_word' id='word_1_461' title='bbox 938 2433 997 2467; x_wconf 80' lang='lat' dir='ltr'>filii</span> <span class='ocrx_word' id='word_1_462' title='bbox 1018 2439 1131 2479; x_wconf 82' lang='lat' dir='ltr'>pater,</span> <span class='ocrx_word' id='word_1_463' title='bbox 1152 2433 1194 2467; x_wconf 86' lang='lat' dir='ltr'>ad</span> <span class='ocrx_word' id='word_1_464' title='bbox 1214 2434 1393 2467; x_wconf 85' lang='lat' dir='ltr'>meliorem</span> <span class='ocrx_word' id='word_1_465' title='bbox 1412 2433 1524 2466; x_wconf 85' lang='lat' dir='ltr'>erudit</span> <span class='ocrx_word' id='word_1_466' title='bbox 1544 2433 1702 2478; x_wconf 77' lang='lat' dir='ltr'>frugem?</span> <span class='ocrx_word' id='word_1_467' title='bbox 1716 2433 1949 2474; x_wconf 85' lang='lat' dir='ltr'>Quamobrem</span> <span class='ocrx_word' id='word_1_468' title='bbox 1968 2433 2082 2467; x_wconf 90' lang='lat' dir='ltr'>etiam-</span> 
     </span>
     <span class='ocr_line' id='line_1_47' title="bbox 406 2491 2081 2537; baseline 0 -12"><span class='ocrx_word' id='word_1_469' title='bbox 406 2493 431 2525; x_wconf 87' lang='lat' dir='ltr'>si</span> <span class='ocrx_word' id='word_1_470' title='bbox 452 2493 541 2526; x_wconf 88' lang='lat' dir='ltr'>Deus</span> <span class='ocrx_word' id='word_1_471' title='bbox 561 2504 711 2537; x_wconf 76' lang='lat' dir='ltr'>congrua</span> <span class='ocrx_word' id='word_1_472' title='bbox 731 2492 952 2525; x_wconf 80' lang='lat' dir='ltr'>concussione</span> <span class='ocrx_word' id='word_1_473' title='bbox 971 2492 1128 2536; x_wconf 89' lang='lat' dir='ltr'>corrigit,</span> <span class='ocrx_word' id='word_1_474' title='bbox 1149 2491 1241 2525; x_wconf 90' lang='lat' dir='ltr'>idem</span> <span class='ocrx_word' id='word_1_475' title='bbox 1264 2491 1365 2524; x_wconf 80' lang='lat' dir='ltr'>simul</span> <span class='ocrx_word' id='word_1_476' title='bbox 1386 2492 1609 2525; x_wconf 86' lang='lat' dir='ltr'>constantiam</span> <span class='ocrx_word' id='word_1_477' title='bbox 1630 2491 1773 2536; x_wconf 86' lang='lat' dir='ltr'>largitur</span> <span class='ocrx_word' id='word_1_478' title='bbox 1791 2491 1961 2536; x_wconf 83' lang='lat' dir='ltr'>percussis</span> <span class='ocrx_word' id='word_1_479' title='bbox 1979 2497 2081 2537; x_wconf 86' lang='lat' dir='ltr'>atque</span> 
     </span>
     <span class='ocr_line' id='line_1_48' title="bbox 407 2547 2078 2594; baseline 0.001 -13"><span class='ocrx_word' id='word_1_480' title='bbox 407 2550 620 2594; x_wconf 87' lang='lat' dir='ltr'>patientiam:</span> <span class='ocrx_word' id='word_1_481' title='bbox 644 2550 677 2583; x_wconf 93' lang='lat' dir='ltr'>id</span> <span class='ocrx_word' id='word_1_482' title='bbox 704 2550 795 2583; x_wconf 83' lang='lat' dir='ltr'>enim</span> <span class='ocrx_word' id='word_1_483' title='bbox 822 2549 1004 2583; x_wconf 87' lang='lat' dir='ltr'>denotatur</span> <span class='ocrx_word' id='word_1_484' title='bbox 1030 2548 1138 2582; x_wconf 60' lang='lat' dir='ltr'>verbo</span> <span class='ocrx_word' id='word_1_485' title='bbox 1160 2562 1176 2579; x_wconf 87' lang='lat'>«</span> <span class='ocrx_word' id='word_1_486' title='bbox 1199 2547 1397 2581; x_wconf 88' lang='lat' dir='ltr'>substantia.</span> <span class='ocrx_word' id='word_1_487' title='bbox 1424 2562 1438 2579; x_wconf 71' lang='grc' dir='ltr'>υ</span> <span class='ocrx_word' id='word_1_488' title='bbox 1463 2549 1519 2581; x_wconf 86' lang='lat' dir='ltr'>Sin</span> <span class='ocrx_word' id='word_1_489' title='bbox 1538 2560 1621 2582; x_wconf 74' lang='lat' dir='ltr'>vero</span> <span class='ocrx_word' id='word_1_490' title='bbox 1640 2549 1716 2594; x_wconf 92' lang='lat' dir='ltr'>quis</span> <span class='ocrx_word' id='word_1_491' title='bbox 1735 2548 1832 2582; x_wconf 89' lang='lat' dir='ltr'>malit</span> <span class='ocrx_word' id='word_1_492' title='bbox 1849 2549 2078 2587; x_wconf 76' lang='lat' dir='ltr'>existentiam,</span> 
     </span>
     <span class='ocr_line' id='line_1_49' title="bbox 409 2605 2080 2651; baseline 0 -13"><span class='ocrx_word' id='word_1_493' title='bbox 409 2611 548 2639; x_wconf 89' lang='lat' dir='ltr'>naturae</span> <span class='ocrx_word' id='word_1_494' title='bbox 574 2613 710 2640; x_wconf 86' lang='lat' dir='ltr'>nostrae</span> <span class='ocrx_word' id='word_1_495' title='bbox 736 2606 949 2644; x_wconf 79' lang='lat' dir='ltr'>machinam,</span> <span class='ocrx_word' id='word_1_496' title='bbox 977 2606 1030 2639; x_wconf 65' lang='lat' dir='ltr'>vel</span> <span class='ocrx_word' id='word_1_497' title='bbox 1058 2606 1159 2639; x_wconf 87' lang='lat' dir='ltr'>etiam</span> <span class='ocrx_word' id='word_1_498' title='bbox 1184 2605 1289 2638; x_wconf 86' lang='lat' dir='ltr'>futuri</span> <span class='ocrx_word' id='word_1_499' title='bbox 1315 2606 1604 2650; x_wconf 62' lang='lat' dir='ltr'>expectationem,</span> <span class='ocrx_word' id='word_1_500' title='bbox 1631 2607 1847 2651; x_wconf 87' lang='lat' dir='ltr'>interpretari</span> <span class='ocrx_word' id='word_1_501' title='bbox 1874 2605 2080 2640; x_wconf 85' lang='lat' dir='ltr'>substantiae.</span> 
     </span>
     <span class='ocr_line' id='line_1_50' title="bbox 408 2663 2076 2711; baseline 0.001 -15"><span class='ocrx_word' id='word_1_502' title='bbox 408 2663 614 2697; x_wconf 59' lang='lat' dir='ltr'>vocabulum</span> <span class='ocrx_word' id='word_1_503' title='bbox 627 2691 635 2703; x_wconf 87' lang='lat'>‚</span> <span class='ocrx_word' id='word_1_504' title='bbox 659 2676 701 2698; x_wconf 88' lang='lat' dir='ltr'>ne</span> <span class='ocrx_word' id='word_1_505' title='bbox 720 2665 754 2698; x_wconf 92' lang='lat' dir='ltr'>id</span> <span class='ocrx_word' id='word_1_506' title='bbox 774 2665 914 2709; x_wconf 84' lang='lat' dir='ltr'>quidem</span> <span class='ocrx_word' id='word_1_507' title='bbox 939 2664 1028 2698; x_wconf 84' lang='lat' dir='ltr'>male</span> <span class='ocrx_word' id='word_1_508' title='bbox 1047 2676 1081 2698; x_wconf 90' lang='lat' dir='ltr'>se</span> <span class='ocrx_word' id='word_1_509' title='bbox 1100 2663 1256 2697; x_wconf 90' lang='lat' dir='ltr'>habebit:</span> <span class='ocrx_word' id='word_1_510' title='bbox 1280 2675 1425 2709; x_wconf 88' lang='lat' dir='ltr'>namque</span> <span class='ocrx_word' id='word_1_511' title='bbox 1451 2670 1483 2698; x_wconf 87' lang='lat' dir='ltr'>et</span> <span class='ocrx_word' id='word_1_512' title='bbox 1503 2676 1520 2698; x_wconf 90' lang='lat' dir='ltr'>a</span> <span class='ocrx_word' id='word_1_513' title='bbox 1539 2665 1610 2698; x_wconf 88' lang='lat' dir='ltr'>Deo</span> <span class='ocrx_word' id='word_1_514' title='bbox 1629 2665 1840 2698; x_wconf 76' lang='lat' dir='ltr'>existentiam</span> <span class='ocrx_word' id='word_1_515' title='bbox 1866 2666 2076 2711; x_wconf 88' lang='lat' dir='ltr'>accepimus,</span> 
     </span>
     <span class='ocr_line' id='line_1_51' title="bbox 409 2721 1153 2768; baseline 0.003 -16"><span class='ocrx_word' id='word_1_516' title='bbox 409 2725 441 2752; x_wconf 92' lang='lat' dir='ltr'>et</span> <span class='ocrx_word' id='word_1_517' title='bbox 467 2721 538 2765; x_wconf 89' lang='lat' dir='ltr'>ipse</span> <span class='ocrx_word' id='word_1_518' title='bbox 564 2724 752 2767; x_wconf 75' lang='lat' dir='ltr'>expectatio</span> <span class='ocrx_word' id='word_1_519' title='bbox 778 2734 923 2768; x_wconf 86' lang='lat' dir='ltr'>spesque</span> <span class='ocrx_word' id='word_1_520' title='bbox 950 2728 1065 2755; x_wconf 87' lang='lat' dir='ltr'>nostra</span> <span class='ocrx_word' id='word_1_521' title='bbox 1091 2727 1153 2755; x_wconf 88' lang='lat' dir='ltr'>est.</span> 
     </span>
    </p>
   </div>
   <div class='ocr_carea' id='block_1_8' title="bbox 405 2801 2078 2883">
    <p class='ocr_par' dir='ltr' id='par_1_16' title="bbox 405 2801 2078 2883">
     <span class='ocr_line' id='line_1_52' title="bbox 508 2801 2078 2838; baseline -0.001 -7"><span class='ocrx_word' id='word_1_522' title='bbox 508 2804 541 2833; x_wconf 59' lang='grc'>(1)</span> <span class='ocrx_word' id='word_1_523' title='bbox 563 2803 635 2837; x_wconf 59' lang='lat' dir='ltr'>virg.</span> <span class='ocrx_word' id='word_1_524' title='bbox 657 2812 717 2831; x_wconf 85' lang='lat' dir='ltr'>aen.</span> <span class='ocrx_word' id='word_1_525' title='bbox 738 2805 788 2829; x_wconf 83' lang='grc' dir='ltr'>ΙΙΙ.</span> <span class='ocrx_word' id='word_1_526' title='bbox 810 2807 868 2830; x_wconf 83' lang='lat'>705.</span> <span class='ocrx_word' id='word_1_527' title='bbox 889 2803 1019 2838; x_wconf 77' lang='lat' dir='ltr'>palmosa</span> <span class='ocrx_word' id='word_1_528' title='bbox 1038 2803 1160 2836; x_wconf 77' lang='lat' dir='ltr'>Selinus,</span> <span class='ocrx_word' id='word_1_529' title='bbox 1180 2801 1252 2837; x_wconf 89' lang='lat' dir='ltr'>quod</span> <span class='ocrx_word' id='word_1_530' title='bbox 1276 2802 1410 2838; x_wconf 86' lang='lat' dir='ltr'>interpres</span> <span class='ocrx_word' id='word_1_531' title='bbox 1434 2804 1642 2838; x_wconf 86' lang='lat' dir='ltr'>antiquissimus</span> <span class='ocrx_word' id='word_1_532' title='bbox 1660 2812 1675 2831; x_wconf 91' lang='lat' dir='ltr'>a</span> <span class='ocrx_word' id='word_1_533' title='bbox 1695 2811 1738 2831; x_wconf 86' lang='lat' dir='ltr'>me</span> <span class='ocrx_word' id='word_1_534' title='bbox 1761 2803 1850 2831; x_wconf 86' lang='lat' dir='ltr'>editus</span> <span class='ocrx_word' id='word_1_535' title='bbox 1868 2802 1998 2838; x_wconf 83' lang='lat' dir='ltr'>intelligit</span> <span class='ocrx_word' id='word_1_536' title='bbox 2017 2801 2078 2829; x_wconf 85' lang='lat' dir='ltr'>ideo</span> 
     </span>
     <span class='ocr_line' id='line_1_53' title="bbox 405 2844 1263 2883; baseline 0.001 -11"><span class='ocrx_word' id='word_1_537' title='bbox 405 2844 530 2876; x_wconf 72' lang='lat' dir='ltr'>dictum,</span> <span class='ocrx_word' id='word_1_538' title='bbox 550 2846 614 2880; x_wconf 75' lang='lat' dir='ltr'>quia</span> <span class='ocrx_word' id='word_1_539' title='bbox 634 2847 711 2874; x_wconf 82' lang='lat' dir='ltr'>multi</span> <span class='ocrx_word' id='word_1_540' title='bbox 731 2848 880 2875; x_wconf 83' lang='lat' dir='ltr'>extiterunt</span> <span class='ocrx_word' id='word_1_541' title='bbox 896 2848 1096 2883; x_wconf 83' lang='lat' dir='ltr'>olympionicae</span> <span class='ocrx_word' id='word_1_542' title='bbox 1114 2846 1263 2875; x_wconf 82' lang='lat' dir='ltr'>selinuntii.</span> 
     </span>
    </p>
   </div>
  </div>
 </body>
</html>
