<?xml version="1.0" encoding="UTF-8"?>
<!DOCTYPE html PUBLIC "-//W3C//DTD XHTML 1.0 Transitional//EN"
    "http://www.w3.org/TR/xhtml1/DTD/xhtml1-transitional.dtd">
<html xmlns="http://www.w3.org/1999/xhtml" xml:lang="en" lang="en">
 <head>
  <title>
</title>
<meta http-equiv="Content-Type" content="text/html;charset=utf-8" />
  <meta name='ocr-system' content='tesseract 3.04.00' />
  <meta name='ocr-capabilities' content='ocr_page ocr_carea ocr_par ocr_line ocrx_word'/>
</head>
<body>
  <div class='ocr_page' id='page_1' title='image "./novaepatrumbibli03maiauoft/novaepatrumbibli03maiauoft_0700.png"; bbox 0 0 2205 3177; ppageno 0'>
   <div class='ocr_carea' id='block_1_1' title="bbox 186 506 375 636">
    <p class='ocr_par' dir='ltr' id='par_1_1' title="bbox 186 506 375 636">
     <span class='ocr_line' id='line_1_1' title="bbox 209 506 374 526; baseline 0.006 -1"><span class='ocrx_word' id='word_1_1' title='bbox 209 511 212 516; x_wconf 89' lang='grc'><strong>’</strong></span> <span class='ocrx_word' id='word_1_2' title='bbox 233 510 285 526; x_wconf 62' lang='grc'>«1-111</span> <span class='ocrx_word' id='word_1_3' title='bbox 312 506 326 526; x_wconf 68' lang='lat' dir='ltr'>l⁴</span> <span class='ocrx_word' id='word_1_4' title='bbox 343 508 374 526; x_wconf 54' lang='lat'>23.</span> 
     </span>
     <span class='ocr_line' id='line_1_2' title="bbox 186 563 374 584; baseline -0.011 0"><span class='ocrx_word' id='word_1_5' title='bbox 186 569 192 574; x_wconf 91' lang='grc'><em>“</em></span> <span class='ocrx_word' id='word_1_6' title='bbox 211 565 244 584; x_wconf 61' lang='grc' dir='ltr'>ΓΕ.</span> <span class='ocrx_word' id='word_1_7' title='bbox 261 563 329 584; x_wconf 61' lang='grc' dir='ltr'>ᾸΥΙΙ.</span> <span class='ocrx_word' id='word_1_8' title='bbox 343 565 374 584; x_wconf 65' lang='lat' dir='ltr'>tc»,</span> 
     </span>
     <span class='ocr_line' id='line_1_3' title="bbox 186 615 375 636; baseline -0.011 0"><span class='ocrx_word' id='word_1_9' title='bbox 186 618 193 626; x_wconf 70' lang='lat'><em>⁶</em></span> <span class='ocrx_word' id='word_1_10' title='bbox 204 617 219 636; x_wconf 77' lang='grc' dir='ltr'><strong><em>Η</em></strong></span> <span class='ocrx_word' id='word_1_11' title='bbox 230 616 286 636; x_wconf 74' lang='lat' dir='ltr'>‹l=:tc.</span> <span class='ocrx_word' id='word_1_12' title='bbox 298 615 375 636; x_wconf 71' lang='lat' dir='ltr'>{ll-17.</span> 
     </span>
    </p>
   </div>
   <div class='ocr_carea' id='block_1_2' title="bbox 412 190 1568 223">
    <p class='ocr_par' dir='ltr' id='par_1_2' title="bbox 412 190 1568 223">
     <span class='ocr_line' id='line_1_4' title="bbox 412 190 1568 223; baseline -0.007 0"><span class='ocrx_word' id='word_1_13' title='bbox 412 190 480 223; x_wconf 68' lang='lat'>222</span> <span class='ocrx_word' id='word_1_14' title='bbox 914 196 940 218; x_wconf 76' lang='lat' dir='ltr'>S.</span> <span class='ocrx_word' id='word_1_15' title='bbox 969 196 1093 217; x_wconf 71' lang='lat' dir='ltr'>cmeLt</span> <span class='ocrx_word' id='word_1_16' title='bbox 1120 194 1336 216; x_wconf 67' lang='lat' dir='ltr'>ALExANmuNt</span> <span class='ocrx_word' id='word_1_17' title='bbox 1365 193 1568 216; x_wconf 71' lang='lat' dir='ltr'>EXPLANA&#39;HO</span> 
     </span>
    </p>
   </div>
   <div class='ocr_carea' id='block_1_3' title="bbox 410 255 2073 1214">
    <p class='ocr_par' dir='ltr' id='par_1_3' title="bbox 410 255 2073 1214">
     <span class='ocr_line' id='line_1_5' title="bbox 413 255 2070 302; baseline -0.004 -5"><span class='ocrx_word' id='word_1_18' title='bbox 413 264 557 297; x_wconf 66' lang='lat' dir='ltr'>contexit</span> <span class='ocrx_word' id='word_1_19' title='bbox 586 270 775 293; x_wconf 75' lang='lat' dir='ltr'>sermonem</span> <span class='ocrx_word' id='word_1_20' title='bbox 802 265 837 292; x_wconf 91' lang='lat' dir='ltr'>ut</span> <span class='ocrx_word' id='word_1_21' title='bbox 865 259 969 292; x_wconf 62' lang='lat' dir='ltr'>dix-ini</span> <span class='ocrx_word' id='word_1_22' title='bbox 995 259 1075 291; x_wconf 88' lang='lat' dir='ltr'>doni</span> <span class='ocrx_word' id='word_1_23' title='bbox 1102 258 1367 302; x_wconf 69' lang='lat' dir='ltr'>magnitudinem</span> <span class='ocrx_word' id='word_1_24' title='bbox 1394 256 1572 293; x_wconf 79' lang='lat' dir='ltr'>ostendat:</span> <span class='ocrx_word' id='word_1_25' title='bbox 1600 267 1706 300; x_wconf 88' lang='lat' dir='ltr'>quum</span> <span class='ocrx_word' id='word_1_26' title='bbox 1734 257 1823 290; x_wconf 84' lang='lat' dir='ltr'>Deus</span> <span class='ocrx_word' id='word_1_27' title='bbox 1848 255 2005 290; x_wconf 78' lang='lat' dir='ltr'>videlicet</span> <span class='ocrx_word' id='word_1_28' title='bbox 2030 267 2070 290; x_wconf 83' lang='lat' dir='ltr'>ex</span> 
     </span>
     <span class='ocr_line' id='line_1_6' title="bbox 414 313 2073 362; baseline -0.004 -9"><span class='ocrx_word' id='word_1_29' title='bbox 414 327 480 353; x_wconf 82' lang='lat' dir='ltr'>tam</span> <span class='ocrx_word' id='word_1_30' title='bbox 507 320 610 362; x_wconf 72' lang='lat' dir='ltr'>longo</span> <span class='ocrx_word' id='word_1_31' title='bbox 636 317 816 350; x_wconf 76' lang='lat' dir='ltr'>maledicto</span> <span class='ocrx_word' id='word_1_32' title='bbox 838 328 897 361; x_wconf 86' lang='lat' dir='ltr'>pcr</span> <span class='ocrx_word' id='word_1_33' title='bbox 917 315 1180 360; x_wconf 70' lang='lat' dir='ltr'>regenerationis</span> <span class='ocrx_word' id='word_1_34' title='bbox 1206 315 1387 347; x_wconf 65' lang='lat' dir='ltr'>laxacrum.</span> <span class='ocrx_word' id='word_1_35' title='bbox 1405 325 1467 346; x_wconf 84' lang='lat' dir='ltr'>nos</span> <span class='ocrx_word' id='word_1_36' title='bbox 1492 313 1667 357; x_wconf 85' lang='lat' dir='ltr'>eripuerit.</span> <span class='ocrx_word' id='word_1_37' title='bbox 1698 314 1766 346; x_wconf 90' lang='lat' dir='ltr'>lam</span> <span class='ocrx_word' id='word_1_38' title='bbox 1793 313 1857 347; x_wconf 85' lang='lat' dir='ltr'>hoc</span> <span class='ocrx_word' id='word_1_39' title='bbox 1880 314 1956 347; x_wconf 84' lang='lat' dir='ltr'>loco</span> <span class='ocrx_word' id='word_1_40' title='bbox 1975 324 2073 347; x_wconf 78' lang='lat' dir='ltr'>voca-</span> 
     </span>
     <span class='ocr_line' id='line_1_7' title="bbox 413 370 2072 417; baseline -0.004 -7"><span class='ocrx_word' id='word_1_41' title='bbox 413 377 496 410; x_wconf 86' lang='lat' dir='ltr'>bulo</span> <span class='ocrx_word' id='word_1_42' title='bbox 518 391 532 405; x_wconf 86' lang='lat'>«</span> <span class='ocrx_word' id='word_1_43' title='bbox 555 376 677 407; x_wconf 65' lang='lat' dir='ltr'>veritas</span> <span class='ocrx_word' id='word_1_44' title='bbox 699 389 714 405; x_wconf 87' lang='lat'>»</span> <span class='ocrx_word' id='word_1_45' title='bbox 736 374 870 406; x_wconf 63' lang='lat' dir='ltr'>videtur</span> <span class='ocrx_word' id='word_1_46' title='bbox 896 383 1092 417; x_wconf 83' lang='lat' dir='ltr'>nuncupare</span> <span class='ocrx_word' id='word_1_47' title='bbox 1117 373 1282 405; x_wconf 84' lang='lat' dir='ltr'>sinceram</span> <span class='ocrx_word' id='word_1_48' title='bbox 1308 382 1385 404; x_wconf 86' lang='lat' dir='ltr'>cum</span> <span class='ocrx_word' id='word_1_49' title='bbox 1405 371 1545 403; x_wconf 66' lang='lat' dir='ltr'>veritate</span> <span class='ocrx_word' id='word_1_50' title='bbox 1564 376 1595 402; x_wconf 83' lang='lat' dir='ltr'>ct</span> <span class='ocrx_word' id='word_1_51' title='bbox 1616 370 1740 403; x_wconf 85' lang='lat' dir='ltr'>iustitia</span> <span class='ocrx_word' id='word_1_52' title='bbox 1766 371 1882 404; x_wconf 78' lang='lat' dir='ltr'>vitam.</span> <span class='ocrx_word' id='word_1_53' title='bbox 1911 372 1996 404; x_wconf 91' lang='lat' dir='ltr'>Nam</span> <span class='ocrx_word' id='word_1_54' title='bbox 2014 371 2072 415; x_wconf 89' lang='lat' dir='ltr'>qui</span> 
     </span>
     <span class='ocr_line' id='line_1_8' title="bbox 415 426 2070 472; baseline -0.004 -6"><span class='ocrx_word' id='word_1_55' title='bbox 415 434 457 466; x_wconf 89' lang='lat' dir='ltr'>ita</span> <span class='ocrx_word' id='word_1_56' title='bbox 483 433 596 465; x_wconf 62' lang='lat' dir='ltr'>vivere</span> <span class='ocrx_word' id='word_1_57' title='bbox 624 442 690 463; x_wconf 89' lang='lat' dir='ltr'>uon</span> <span class='ocrx_word' id='word_1_58' title='bbox 718 430 810 468; x_wconf 67' lang='lat' dir='ltr'>vult,</span> <span class='ocrx_word' id='word_1_59' title='bbox 832 430 902 462; x_wconf 73' lang='lat' dir='ltr'>Deo</span> <span class='ocrx_word' id='word_1_60' title='bbox 928 429 1100 462; x_wconf 80' lang='lat' dir='ltr'>mentitur.</span> <span class='ocrx_word' id='word_1_61' title='bbox 1130 429 1244 461; x_wconf 85' lang='lat' dir='ltr'>llomo</span> <span class='ocrx_word' id='word_1_62' title='bbox 1269 428 1359 460; x_wconf 86' lang='lat' dir='ltr'>euim</span> <span class='ocrx_word' id='word_1_63' title='bbox 1386 427 1463 460; x_wconf 87' lang='lat' dir='ltr'>ideo</span> <span class='ocrx_word' id='word_1_64' title='bbox 1483 427 1516 459; x_wconf 94' lang='lat' dir='ltr'>iu</span> <span class='ocrx_word' id='word_1_65' title='bbox 1536 426 1646 459; x_wconf 83' lang='lat' dir='ltr'>lucem</span> <span class='ocrx_word' id='word_1_66' title='bbox 1672 426 1782 459; x_wconf 87' lang='lat' dir='ltr'>editus</span> <span class='ocrx_word' id='word_1_67' title='bbox 1808 433 1844 460; x_wconf 87' lang='lat' dir='ltr'>ut</span> <span class='ocrx_word' id='word_1_68' title='bbox 1869 426 1956 460; x_wconf 84' lang='lat' dir='ltr'>bene</span> <span class='ocrx_word' id='word_1_69' title='bbox 1975 433 2070 472; x_wconf 83' lang='lat' dir='ltr'>agat,</span> 
     </span>
     <span class='ocr_line' id='line_1_9' title="bbox 415 483 2072 533; baseline -0.004 -10"><span class='ocrx_word' id='word_1_70' title='bbox 415 497 448 523; x_wconf 89' lang='lat' dir='ltr'>ut</span> <span class='ocrx_word' id='word_1_71' title='bbox 476 491 518 522; x_wconf 91' lang='lat' dir='ltr'>ait</span> <span class='ocrx_word' id='word_1_72' title='bbox 547 488 810 533; x_wconf 79' lang='lat' dir='ltr'>sapientissimus</span> <span class='ocrx_word' id='word_1_73' title='bbox 835 486 956 519; x_wconf 87' lang='lat' dir='ltr'>Paulus</span> <span class='ocrx_word' id='word_1_74' title='bbox 977 486 1007 521; x_wconf 82' lang='lat'>‘.</span> <span class='ocrx_word' id='word_1_75' title='bbox 1029 485 1055 518; x_wconf 87' lang='lat' dir='ltr'>si</span> <span class='ocrx_word' id='word_1_76' title='bbox 1082 484 1138 518; x_wconf 84' lang='lat' dir='ltr'>liat</span> <span class='ocrx_word' id='word_1_77' title='bbox 1164 483 1359 529; x_wconf 81' lang='lat' dir='ltr'>improbus.</span> <span class='ocrx_word' id='word_1_78' title='bbox 1382 484 1543 516; x_wconf 78' lang='lat' dir='ltr'>mentitur</span> <span class='ocrx_word' id='word_1_79' title='bbox 1562 484 1704 516; x_wconf 74' lang='lat' dir='ltr'>creatori</span> <span class='ocrx_word' id='word_1_80' title='bbox 1723 495 1803 521; x_wconf 83' lang='lat' dir='ltr'>suo,</span> <span class='ocrx_word' id='word_1_81' title='bbox 1824 484 1902 528; x_wconf 87' lang='lat' dir='ltr'>quia</span> <span class='ocrx_word' id='word_1_82' title='bbox 1927 485 2072 518; x_wconf 89' lang='lat' dir='ltr'>iustitiae</span> 
     </span>
     <span class='ocr_line' id='line_1_10' title="bbox 415 539 2070 585; baseline -0.002 -6"><span class='ocrx_word' id='word_1_83' title='bbox 415 547 542 580; x_wconf 78' lang='lat' dir='ltr'>fructus</span> <span class='ocrx_word' id='word_1_84' title='bbox 570 557 636 578; x_wconf 88' lang='lat' dir='ltr'>uon</span> <span class='ocrx_word' id='word_1_85' title='bbox 663 544 783 577; x_wconf 78' lang='lat' dir='ltr'>adfert.</span> <span class='ocrx_word' id='word_1_86' title='bbox 813 544 865 576; x_wconf 74' lang='lat' dir='ltr'>Sic</span> <span class='ocrx_word' id='word_1_87' title='bbox 890 542 970 576; x_wconf 85' lang='lat' dir='ltr'>alibi</span> <span class='ocrx_word' id='word_1_88' title='bbox 995 542 1075 575; x_wconf 87' lang='lat' dir='ltr'>dicit</span> <span class='ocrx_word' id='word_1_89' title='bbox 1101 541 1200 574; x_wconf 85' lang='lat' dir='ltr'>divus</span> <span class='ocrx_word' id='word_1_90' title='bbox 1225 542 1326 574; x_wconf 84' lang='lat' dir='ltr'>etiam</span> <span class='ocrx_word' id='word_1_91' title='bbox 1346 540 1451 573; x_wconf 66' lang='lat' dir='ltr'>David</span> <span class='ocrx_word' id='word_1_92' title='bbox 1471 541 1504 573; x_wconf 92' lang='lat' dir='ltr'>in</span> <span class='ocrx_word' id='word_1_93' title='bbox 1532 551 1675 585; x_wconf 80' lang='lat' dir='ltr'>persona</span> <span class='ocrx_word' id='word_1_94' title='bbox 1694 539 1817 573; x_wconf 80' lang='lat' dir='ltr'>Christi</span> <span class='ocrx_word' id='word_1_95' title='bbox 1837 540 2018 575; x_wconf 86' lang='lat' dir='ltr'>Israhelitis</span> <span class='ocrx_word' id='word_1_96' title='bbox 2039 542 2070 574; x_wconf 72' lang='grc' dir='ltr'><strong><em>ἐ</em></strong></span> 
     </span>
     <span class='ocr_line' id='line_1_11' title="bbox 418 597 2072 642; baseline -0.001 -9"><span class='ocrx_word' id='word_1_97' title='bbox 418 618 432 634; x_wconf 83' lang='lat'>«</span> <span class='ocrx_word' id='word_1_98' title='bbox 455 602 514 635; x_wconf 83' lang='lat' dir='ltr'>filii</span> <span class='ocrx_word' id='word_1_99' title='bbox 535 603 634 636; x_wconf 86' lang='lat' dir='ltr'>alieni</span> <span class='ocrx_word' id='word_1_100' title='bbox 653 602 783 634; x_wconf 67' lang='lat' dir='ltr'>mentiti</span> <span class='ocrx_word' id='word_1_101' title='bbox 803 606 878 633; x_wconf 89' lang='lat' dir='ltr'>sunt</span> <span class='ocrx_word' id='word_1_102' title='bbox 899 599 995 633; x_wconf 82' lang='lat' dir='ltr'>mihi.</span> <span class='ocrx_word' id='word_1_103' title='bbox 1020 613 1035 630; x_wconf 93' lang='lat'>»</span> <span class='ocrx_word' id='word_1_104' title='bbox 1058 599 1141 632; x_wconf 84' lang='lat' dir='ltr'>Item</span> <span class='ocrx_word' id='word_1_105' title='bbox 1162 597 1247 631; x_wconf 90' lang='lat' dir='ltr'>illud</span> <span class='ocrx_word' id='word_1_106' title='bbox 1268 598 1299 629; x_wconf 75' lang='grc' dir='ltr'>ἐ</span> <span class='ocrx_word' id='word_1_107' title='bbox 1325 611 1340 628; x_wconf 89' lang='lat'>«</span> <span class='ocrx_word' id='word_1_108' title='bbox 1362 598 1544 630; x_wconf 79' lang='lat' dir='ltr'>mentietur</span> <span class='ocrx_word' id='word_1_109' title='bbox 1569 608 1656 642; x_wconf 88' lang='lat' dir='ltr'>opus</span> <span class='ocrx_word' id='word_1_110' title='bbox 1681 597 1803 630; x_wconf 88' lang='lat' dir='ltr'>olivae.</span> <span class='ocrx_word' id='word_1_111' title='bbox 1829 611 1843 628; x_wconf 89' lang='lat'>»</span> <span class='ocrx_word' id='word_1_112' title='bbox 1867 598 1932 631; x_wconf 87' lang='lat' dir='ltr'>Sed</span> <span class='ocrx_word' id='word_1_113' title='bbox 1953 604 1986 631; x_wconf 90' lang='lat' dir='ltr'>et</span> <span class='ocrx_word' id='word_1_114' title='bbox 2005 597 2072 631; x_wconf 89' lang='lat' dir='ltr'>alio</span> 
     </span>
     <span class='ocr_line' id='line_1_12' title="bbox 411 653 2071 703; baseline -0.003 -10"><span class='ocrx_word' id='word_1_115' title='bbox 411 660 515 693; x_wconf 90' lang='lat' dir='ltr'>modo</span> <span class='ocrx_word' id='word_1_116' title='bbox 541 657 833 703; x_wconf 72' lang='lat' dir='ltr'>interpretaberis:</span> <span class='ocrx_word' id='word_1_117' title='bbox 857 668 979 701; x_wconf 86' lang='lat' dir='ltr'>nempc</span> <span class='ocrx_word' id='word_1_118' title='bbox 1005 654 1210 689; x_wconf 80' lang='lat' dir='ltr'>imbecillam</span> <span class='ocrx_word' id='word_1_119' title='bbox 1230 666 1301 688; x_wconf 81' lang='lat' dir='ltr'>esse</span> <span class='ocrx_word' id='word_1_120' title='bbox 1321 660 1458 699; x_wconf 84' lang='lat' dir='ltr'>peccato</span> <span class='ocrx_word' id='word_1_121' title='bbox 1484 654 1663 700; x_wconf 87' lang='lat' dir='ltr'>purgando</span> <span class='ocrx_word' id='word_1_122' title='bbox 1689 653 1814 698; x_wconf 79' lang='lat' dir='ltr'>legem,</span> <span class='ocrx_word' id='word_1_123' title='bbox 1834 665 1921 699; x_wconf 86' lang='lat' dir='ltr'>quae</span> <span class='ocrx_word' id='word_1_124' title='bbox 1939 654 1981 689; x_wconf 87' lang='lat' dir='ltr'>ad</span> <span class='ocrx_word' id='word_1_125' title='bbox 2000 666 2071 689; x_wconf 88' lang='lat' dir='ltr'>car-</span> 
     </span>
     <span class='ocr_line' id='line_1_13' title="bbox 412 710 2071 760; baseline -0.002 -10"><span class='ocrx_word' id='word_1_126' title='bbox 412 718 462 750; x_wconf 85' lang='lat' dir='ltr'>nis</span> <span class='ocrx_word' id='word_1_127' title='bbox 481 715 690 750; x_wconf 85' lang='lat' dir='ltr'>ablutionem</span> <span class='ocrx_word' id='word_1_128' title='bbox 709 726 830 760; x_wconf 87' lang='lat' dir='ltr'>aquam</span> <span class='ocrx_word' id='word_1_129' title='bbox 851 714 1009 759; x_wconf 74' lang='lat' dir='ltr'>aspergit.</span> <span class='ocrx_word' id='word_1_130' title='bbox 1030 714 1087 746; x_wconf 84' lang='lat' dir='ltr'>Est</span> <span class='ocrx_word' id='word_1_131' title='bbox 1104 718 1216 745; x_wconf 89' lang='lat' dir='ltr'>autem</span> <span class='ocrx_word' id='word_1_132' title='bbox 1235 710 1547 756; x_wconf 83' lang='lat' dir='ltr'>incomparabiliter</span> <span class='ocrx_word' id='word_1_133' title='bbox 1565 712 1671 755; x_wconf 75' lang='lat' dir='ltr'>gratia</span> <span class='ocrx_word' id='word_1_134' title='bbox 1689 711 1810 745; x_wconf 80' lang='lat' dir='ltr'>Christi</span> <span class='ocrx_word' id='word_1_135' title='bbox 1826 711 1966 751; x_wconf 88' lang='lat' dir='ltr'>melior,</span> <span class='ocrx_word' id='word_1_136' title='bbox 1984 723 2071 757; x_wconf 89' lang='lat' dir='ltr'>quae</span> 
     </span>
     <span class='ocr_line' id='line_1_14' title="bbox 413 769 2072 813; baseline -0.002 -6"><span class='ocrx_word' id='word_1_137' title='bbox 413 773 626 807; x_wconf 82' lang='lat' dir='ltr'>omnimodas</span> <span class='ocrx_word' id='word_1_138' title='bbox 651 772 769 806; x_wconf 82' lang='lat' dir='ltr'>sordes</span> <span class='ocrx_word' id='word_1_139' title='bbox 794 772 969 805; x_wconf 82' lang='lat' dir='ltr'>destrucre</span> <span class='ocrx_word' id='word_1_140' title='bbox 995 770 1096 803; x_wconf 69' lang='lat' dir='ltr'>valet.</span> <span class='ocrx_word' id='word_1_141' title='bbox 1124 770 1164 802; x_wconf 89' lang='lat' dir='ltr'>Se.</span> <span class='ocrx_word' id='word_1_142' title='bbox 1190 770 1304 813; x_wconf 84' lang='lat' dir='ltr'>itaque</span> <span class='ocrx_word' id='word_1_143' title='bbox 1330 774 1469 802; x_wconf 83' lang='lat' dir='ltr'>testatur</span> <span class='ocrx_word' id='word_1_144' title='bbox 1494 769 1669 802; x_wconf 66' lang='lat' dir='ltr'>veritatem</span> <span class='ocrx_word' id='word_1_145' title='bbox 1696 779 1809 802; x_wconf 85' lang='lat' dir='ltr'>amare</span> <span class='ocrx_word' id='word_1_146' title='bbox 1834 769 1936 803; x_wconf 87' lang='lat' dir='ltr'>Deus.</span> <span class='ocrx_word' id='word_1_147' title='bbox 1964 769 2072 803; x_wconf 88' lang='lat' dir='ltr'>Porro</span> 
     </span>
     <span class='ocr_line' id='line_1_15' title="bbox 414 824 2071 872; baseline -0.002 -9"><span class='ocrx_word' id='word_1_148' title='bbox 414 831 536 865; x_wconf 60' lang='lat' dir='ltr'>teritas</span> <span class='ocrx_word' id='word_1_149' title='bbox 561 830 710 863; x_wconf 83' lang='lat' dir='ltr'>Christus</span> <span class='ocrx_word' id='word_1_150' title='bbox 735 835 781 862; x_wconf 85' lang='lat' dir='ltr'>est</span> <span class='ocrx_word' id='word_1_151' title='bbox 796 854 803 864; x_wconf 80' lang='grc'>,</span> <span class='ocrx_word' id='word_1_152' title='bbox 824 834 856 861; x_wconf 87' lang='lat' dir='ltr'>et</span> <span class='ocrx_word' id='word_1_153' title='bbox 880 839 967 872; x_wconf 81' lang='lat' dir='ltr'>quac</span> <span class='ocrx_word' id='word_1_154' title='bbox 993 825 1035 859; x_wconf 90' lang='lat' dir='ltr'>ab</span> <span class='ocrx_word' id='word_1_155' title='bbox 1061 826 1182 860; x_wconf 81' lang='lat' dir='ltr'>codem</span> <span class='ocrx_word' id='word_1_156' title='bbox 1211 826 1438 871; x_wconf 59' lang='lat' dir='ltr'>proveniunt:</span> <span class='ocrx_word' id='word_1_157' title='bbox 1460 831 1576 859; x_wconf 86' lang='lat' dir='ltr'>contra</span> <span class='ocrx_word' id='word_1_158' title='bbox 1596 825 1668 863; x_wconf 87' lang='lat' dir='ltr'>lex,</span> <span class='ocrx_word' id='word_1_159' title='bbox 1692 831 1793 870; x_wconf 73' lang='lat' dir='ltr'>typus</span> <span class='ocrx_word' id='word_1_160' title='bbox 1810 832 1841 859; x_wconf 88' lang='lat' dir='ltr'>et</span> <span class='ocrx_word' id='word_1_161' title='bbox 1860 824 1996 859; x_wconf 86' lang='lat' dir='ltr'>umbra.</span> <span class='ocrx_word' id='word_1_162' title='bbox 2022 826 2071 859; x_wconf 93' lang='lat' dir='ltr'>Tu</span> 
     </span>
     <span class='ocr_line' id='line_1_16' title="bbox 411 881 2071 933; baseline -0.004 -11"><span class='ocrx_word' id='word_1_163' title='bbox 411 899 511 933; x_wconf 78' lang='lat' dir='ltr'>ergo.</span> <span class='ocrx_word' id='word_1_164' title='bbox 532 888 658 932; x_wconf 87' lang='lat' dir='ltr'>inquit.</span> <span class='ocrx_word' id='word_1_165' title='bbox 680 887 839 921; x_wconf 79' lang='lat' dir='ltr'>Domine,</span> <span class='ocrx_word' id='word_1_166' title='bbox 860 886 917 929; x_wconf 89' lang='lat' dir='ltr'>qui</span> <span class='ocrx_word' id='word_1_167' title='bbox 939 885 1061 917; x_wconf 81' lang='lat' dir='ltr'>veritas</span> <span class='ocrx_word' id='word_1_168' title='bbox 1079 894 1130 920; x_wconf 81' lang='lat' dir='ltr'>es.</span> <span class='ocrx_word' id='word_1_169' title='bbox 1152 888 1366 927; x_wconf 79' lang='lat' dir='ltr'>vetatemquc</span> <span class='ocrx_word' id='word_1_170' title='bbox 1385 882 1498 927; x_wconf 83' lang='lat' dir='ltr'>diligis</span> <span class='ocrx_word' id='word_1_171' title='bbox 1509 897 1521 920; x_wconf 46' lang='lat'>,¹</span> <span class='ocrx_word' id='word_1_172' title='bbox 1538 881 1655 915; x_wconf 61' lang='lat' dir='ltr'>volens</span> <span class='ocrx_word' id='word_1_173' title='bbox 1673 894 1736 915; x_wconf 89' lang='lat' dir='ltr'>nos</span> <span class='ocrx_word' id='word_1_174' title='bbox 1755 883 1788 915; x_wconf 91' lang='lat' dir='ltr'>in</span> <span class='ocrx_word' id='word_1_175' title='bbox 1807 883 1948 916; x_wconf 85' lang='lat' dir='ltr'>veritate</span> <span class='ocrx_word' id='word_1_176' title='bbox 1968 883 2071 916; x_wconf 84' lang='lat' dir='ltr'>vitam</span> 
     </span>
     <span class='ocr_line' id='line_1_17' title="bbox 411 938 2070 989; baseline -0.003 -11"><span class='ocrx_word' id='word_1_177' title='bbox 411 946 611 989; x_wconf 79' lang='lat' dir='ltr'>transigere,</span> <span class='ocrx_word' id='word_1_178' title='bbox 634 943 717 976; x_wconf 84' lang='lat' dir='ltr'>adeo</span> <span class='ocrx_word' id='word_1_179' title='bbox 744 941 842 975; x_wconf 90' lang='lat' dir='ltr'>nobis</span> <span class='ocrx_word' id='word_1_180' title='bbox 868 942 1045 986; x_wconf 85' lang='lat' dir='ltr'>antiquum</span> <span class='ocrx_word' id='word_1_181' title='bbox 1065 946 1239 986; x_wconf 82' lang='lat' dir='ltr'>peccatum</span> <span class='ocrx_word' id='word_1_182' title='bbox 1258 939 1361 977; x_wconf 82' lang='lat' dir='ltr'>eluis,</span> <span class='ocrx_word' id='word_1_183' title='bbox 1384 944 1421 972; x_wconf 85' lang='lat' dir='ltr'>ut</span> <span class='ocrx_word' id='word_1_184' title='bbox 1440 945 1613 984; x_wconf 85' lang='lat' dir='ltr'>tamquam</span> <span class='ocrx_word' id='word_1_185' title='bbox 1638 940 1694 972; x_wconf 83' lang='lat' dir='ltr'>nix</span> <span class='ocrx_word' id='word_1_186' title='bbox 1720 938 1933 973; x_wconf 85' lang='lat' dir='ltr'>dealbemur.</span> <span class='ocrx_word' id='word_1_187' title='bbox 1959 939 2070 973; x_wconf 81' lang='lat' dir='ltr'>Dictio</span> 
     </span>
     <span class='ocr_line' id='line_1_18' title="bbox 412 995 2072 1041; baseline -0.002 -7"><span class='ocrx_word' id='word_1_188' title='bbox 412 1007 523 1035; x_wconf 86' lang='lat' dir='ltr'>autem</span> <span class='ocrx_word' id='word_1_189' title='bbox 546 1015 560 1031; x_wconf 92' lang='lat'>«</span> <span class='ocrx_word' id='word_1_190' title='bbox 583 999 712 1033; x_wconf 81' lang='lat' dir='ltr'>occulta</span> <span class='ocrx_word' id='word_1_191' title='bbox 734 998 951 1031; x_wconf 79' lang='lat' dir='ltr'>manifestasti</span> <span class='ocrx_word' id='word_1_192' title='bbox 976 997 1060 1030; x_wconf 86' lang='lat' dir='ltr'>mihi</span> <span class='ocrx_word' id='word_1_193' title='bbox 1082 1010 1097 1028; x_wconf 85' lang='lat'>»</span> <span class='ocrx_word' id='word_1_194' title='bbox 1119 997 1224 1029; x_wconf 80' lang='lat' dir='ltr'>innuit</span> <span class='ocrx_word' id='word_1_195' title='bbox 1254 995 1365 1029; x_wconf 83' lang='lat' dir='ltr'>futura</span> <span class='ocrx_word' id='word_1_196' title='bbox 1388 996 1521 1034; x_wconf 86' lang='lat' dir='ltr'>omnia,</span> <span class='ocrx_word' id='word_1_197' title='bbox 1540 1006 1627 1040; x_wconf 87' lang='lat' dir='ltr'>quae</span> <span class='ocrx_word' id='word_1_198' title='bbox 1646 995 1679 1028; x_wconf 92' lang='lat' dir='ltr'>in</span> <span class='ocrx_word' id='word_1_199' title='bbox 1699 1006 1777 1029; x_wconf 88' lang='lat' dir='ltr'>suae</span> <span class='ocrx_word' id='word_1_200' title='bbox 1795 996 1977 1041; x_wconf 77' lang='lat' dir='ltr'>sapientiae</span> <span class='ocrx_word' id='word_1_201' title='bbox 1995 995 2072 1030; x_wconf 81' lang='lat' dir='ltr'>the-</span> 
     </span>
     <span class='ocr_line' id='line_1_19' title="bbox 411 1052 2071 1099; baseline -0.002 -9"><span class='ocrx_word' id='word_1_202' title='bbox 411 1069 511 1091; x_wconf 77' lang='lat' dir='ltr'>sauro</span> <span class='ocrx_word' id='word_1_203' title='bbox 529 1058 618 1090; x_wconf 86' lang='lat' dir='ltr'>Deus</span> <span class='ocrx_word' id='word_1_204' title='bbox 637 1055 844 1091; x_wconf 76' lang='lat' dir='ltr'>recondidit,</span> <span class='ocrx_word' id='word_1_205' title='bbox 865 1066 926 1099; x_wconf 87' lang='lat' dir='ltr'>per</span> <span class='ocrx_word' id='word_1_206' title='bbox 944 1060 1098 1088; x_wconf 87' lang='lat' dir='ltr'>sanctum</span> <span class='ocrx_word' id='word_1_207' title='bbox 1115 1053 1277 1098; x_wconf 82' lang='lat' dir='ltr'>Spiritum</span> <span class='ocrx_word' id='word_1_208' title='bbox 1298 1052 1398 1086; x_wconf 77' lang='lat' dir='ltr'>fuisse</span> <span class='ocrx_word' id='word_1_209' title='bbox 1416 1052 1577 1086; x_wconf 85' lang='lat' dir='ltr'>revelata.</span> <span class='ocrx_word' id='word_1_210' title='bbox 1600 1053 1754 1085; x_wconf 81' lang='lat' dir='ltr'>Fortasse</span> <span class='ocrx_word' id='word_1_211' title='bbox 1772 1053 1874 1086; x_wconf 88' lang='lat' dir='ltr'>etiam</span> <span class='ocrx_word' id='word_1_212' title='bbox 1891 1058 2071 1098; x_wconf 80' lang='lat' dir='ltr'>exaggerat</span> 
     </span>
     <span class='ocr_line' id='line_1_20' title="bbox 411 1107 2072 1160; baseline -0.002 -13"><span class='ocrx_word' id='word_1_213' title='bbox 411 1120 587 1160; x_wconf 82' lang='lat' dir='ltr'>peccatum</span> <span class='ocrx_word' id='word_1_214' title='bbox 606 1125 721 1151; x_wconf 80' lang='lat' dir='ltr'>suum,</span> <span class='ocrx_word' id='word_1_215' title='bbox 739 1119 774 1145; x_wconf 91' lang='lat' dir='ltr'>ut</span> <span class='ocrx_word' id='word_1_216' title='bbox 794 1113 958 1145; x_wconf 78' lang='lat' dir='ltr'>maiorem</span> <span class='ocrx_word' id='word_1_217' title='bbox 978 1110 1041 1145; x_wconf 90' lang='lat' dir='ltr'>sibi</span> <span class='ocrx_word' id='word_1_218' title='bbox 1061 1111 1196 1143; x_wconf 84' lang='lat' dir='ltr'>incutiat</span> <span class='ocrx_word' id='word_1_219' title='bbox 1220 1109 1405 1155; x_wconf 84' lang='lat' dir='ltr'>pudorem,</span> <span class='ocrx_word' id='word_1_220' title='bbox 1424 1107 1609 1142; x_wconf 85' lang='lat' dir='ltr'>adfirmans</span> <span class='ocrx_word' id='word_1_221' title='bbox 1626 1120 1660 1142; x_wconf 90' lang='lat' dir='ltr'>se</span> <span class='ocrx_word' id='word_1_222' title='bbox 1677 1109 1769 1142; x_wconf 89' lang='lat' dir='ltr'>haud</span> <span class='ocrx_word' id='word_1_223' title='bbox 1787 1110 1982 1154; x_wconf 81' lang='lat' dir='ltr'>ignoranter</span> <span class='ocrx_word' id='word_1_224' title='bbox 1999 1121 2072 1155; x_wconf 87' lang='lat' dir='ltr'>pec-</span> 
     </span>
     <span class='ocr_line' id='line_1_21' title="bbox 410 1164 2070 1214; baseline -0.002 -10"><span class='ocrx_word' id='word_1_225' title='bbox 410 1182 517 1207; x_wconf 81' lang='lat' dir='ltr'>casse,</span> <span class='ocrx_word' id='word_1_226' title='bbox 539 1169 597 1203; x_wconf 90' lang='lat' dir='ltr'>sed</span> <span class='ocrx_word' id='word_1_227' title='bbox 622 1170 705 1214; x_wconf 80' lang='lat' dir='ltr'>legis</span> <span class='ocrx_word' id='word_1_228' title='bbox 730 1169 918 1206; x_wconf 81' lang='lat' dir='ltr'>conscium,</span> <span class='ocrx_word' id='word_1_229' title='bbox 938 1174 971 1201; x_wconf 81' lang='lat' dir='ltr'>et</span> <span class='ocrx_word' id='word_1_230' title='bbox 996 1173 1175 1212; x_wconf 85' lang='lat' dir='ltr'>postquam</span> <span class='ocrx_word' id='word_1_231' title='bbox 1195 1178 1264 1200; x_wconf 88' lang='lat' dir='ltr'>non</span> <span class='ocrx_word' id='word_1_232' title='bbox 1285 1167 1379 1211; x_wconf 85' lang='lat' dir='ltr'>regni</span> <span class='ocrx_word' id='word_1_233' title='bbox 1405 1165 1517 1199; x_wconf 89' lang='lat' dir='ltr'>solum</span> <span class='ocrx_word' id='word_1_234' title='bbox 1542 1164 1710 1200; x_wconf 84' lang='lat' dir='ltr'>hefinecio</span> <span class='ocrx_word' id='word_1_235' title='bbox 1729 1177 1848 1200; x_wconf 56' lang='lat' dir='ltr'>verum</span> <span class='ocrx_word' id='word_1_236' title='bbox 1866 1166 1968 1200; x_wconf 84' lang='lat' dir='ltr'>etiam</span> <span class='ocrx_word' id='word_1_237' title='bbox 1986 1177 2070 1212; x_wconf 91' lang='lat' dir='ltr'>pro-</span> 
     </span>
    </p>
   </div>
   <div class='ocr_carea' id='block_1_4' title="bbox 395 1252 2070 2868">
    <p class='ocr_par' dir='ltr' id='par_1_4' title="bbox 395 1252 2070 2868">
     <span class='ocr_line' id='line_1_22' title="bbox 410 1252 2070 1289; baseline -0.001 -7"><span class='ocrx_word' id='word_1_238' title='bbox 410 1259 466 1283; x_wconf 87' lang='lat' dir='ltr'>tum</span> <span class='ocrx_word' id='word_1_239' title='bbox 488 1258 516 1282; x_wconf 82' lang='lat' dir='ltr'>in</span> <span class='ocrx_word' id='word_1_240' title='bbox 532 1255 665 1283; x_wconf 84' lang='lat' dir='ltr'>mundum</span> <span class='ocrx_word' id='word_1_241' title='bbox 687 1257 838 1289; x_wconf 79' lang='lat' dir='ltr'>inqressum</span> <span class='ocrx_word' id='word_1_242' title='bbox 859 1256 912 1287; x_wconf 78' lang='lat' dir='ltr'>est,</span> <span class='ocrx_word' id='word_1_243' title='bbox 933 1256 960 1280; x_wconf 84' lang='lat' dir='ltr'>et</span> <span class='ocrx_word' id='word_1_244' title='bbox 974 1261 1026 1288; x_wconf 78' lang='lat' dir='ltr'>per</span> <span class='ocrx_word' id='word_1_245' title='bbox 1040 1255 1189 1288; x_wconf 78' lang='lat' dir='ltr'>peccatum</span> <span class='ocrx_word' id='word_1_246' title='bbox 1208 1261 1299 1285; x_wconf 78' lang='lat' dir='ltr'>mors,</span> <span class='ocrx_word' id='word_1_247' title='bbox 1320 1254 1402 1279; x_wconf 80' lang='lat' dir='ltr'>etsie</span> <span class='ocrx_word' id='word_1_248' title='bbox 1422 1254 1450 1278; x_wconf 77' lang='lat' dir='ltr'>in</span> <span class='ocrx_word' id='word_1_249' title='bbox 1469 1260 1562 1279; x_wconf 79' lang='lat' dir='ltr'>omnes</span> <span class='ocrx_word' id='word_1_250' title='bbox 1577 1252 1701 1279; x_wconf 79' lang='lat' dir='ltr'>hanzines</span> <span class='ocrx_word' id='word_1_251' title='bbox 1717 1260 1793 1279; x_wconf 85' lang='lat' dir='ltr'>mors</span> <span class='ocrx_word' id='word_1_252' title='bbox 1806 1253 1982 1287; x_wconf 74' lang='lat' dir='ltr'>permeavit,</span> <span class='ocrx_word' id='word_1_253' title='bbox 2001 1260 2070 1287; x_wconf 76' lang='lat' dir='ltr'>qua-</span> 
     </span>
     <span class='ocr_line' id='line_1_23' title="bbox 410 1296 2070 1334; baseline -0.002 -7"><span class='ocrx_word' id='word_1_254' title='bbox 410 1303 486 1328; x_wconf 76' lang='lat' dir='ltr'>tenus</span> <span class='ocrx_word' id='word_1_255' title='bbox 498 1301 790 1334; x_wconf 76' lang='lat' dir='ltr'>onmespeccaz·e1·mzt</span> <span class='ocrx_word' id='word_1_256' title='bbox 806 1303 856 1325; x_wconf 85' lang='lat' dir='ltr'>etc.</span> <span class='ocrx_word' id='word_1_257' title='bbox 875 1301 953 1324; x_wconf 71' lang='lat' dir='ltr'>Nunc</span> <span class='ocrx_word' id='word_1_258' title='bbox 970 1305 1032 1324; x_wconf 80' lang='lat' dir='ltr'>cum</span> <span class='ocrx_word' id='word_1_259' title='bbox 1050 1296 1192 1323; x_wconf 82' lang='lat' dir='ltr'>catholica</span> <span class='ocrx_word' id='word_1_260' title='bbox 1210 1296 1326 1323; x_wconf 81' lang='lat' dir='ltr'>ecclesia</span> <span class='ocrx_word' id='word_1_261' title='bbox 1337 1297 1425 1330; x_wconf 80' lang='lat' dir='ltr'>firme</span> <span class='ocrx_word' id='word_1_262' title='bbox 1443 1298 1598 1329; x_wconf 80' lang='lat' dir='ltr'>teneamus,</span> <span class='ocrx_word' id='word_1_263' title='bbox 1617 1304 1667 1322; x_wconf 81' lang='lat' dir='ltr'>nos</span> <span class='ocrx_word' id='word_1_264' title='bbox 1684 1298 1712 1323; x_wconf 86' lang='lat' dir='ltr'>et</span> <span class='ocrx_word' id='word_1_265' title='bbox 1722 1298 1837 1331; x_wconf 74' lang='lat' dir='ltr'>peccati</span> <span class='ocrx_word' id='word_1_266' title='bbox 1850 1298 1878 1322; x_wconf 82' lang='lat' dir='ltr'>et</span> <span class='ocrx_word' id='word_1_267' title='bbox 1888 1304 1997 1330; x_wconf 84' lang='lat' dir='ltr'>poenae</span> <span class='ocrx_word' id='word_1_268' title='bbox 2010 1298 2070 1323; x_wconf 81' lang='lat' dir='ltr'>eius</span> 
     </span>
     <span class='ocr_line' id='line_1_24' title="bbox 409 1340 2068 1379; baseline -0.002 -8"><span class='ocrx_word' id='word_1_269' title='bbox 409 1353 480 1379; x_wconf 76' lang='lat' dir='ltr'>quae</span> <span class='ocrx_word' id='word_1_270' title='bbox 494 1346 642 1379; x_wconf 83' lang='lat' dir='ltr'>peccatum</span> <span class='ocrx_word' id='word_1_271' title='bbox 663 1345 757 1370; x_wconf 81' lang='lat' dir='ltr'>secuta</span> <span class='ocrx_word' id='word_1_272' title='bbox 776 1345 830 1375; x_wconf 81' lang='lat' dir='ltr'>est,</span> <span class='ocrx_word' id='word_1_273' title='bbox 851 1350 948 1377; x_wconf 79' lang='lat' dir='ltr'>nempe</span> <span class='ocrx_word' id='word_1_274' title='bbox 970 1343 1100 1368; x_wconf 82' lang='lat' dir='ltr'>interitus</span> <span class='ocrx_word' id='word_1_275' title='bbox 1119 1343 1202 1375; x_wconf 82' lang='lat' dir='ltr'>atque</span> <span class='ocrx_word' id='word_1_276' title='bbox 1223 1342 1336 1374; x_wconf 83' lang='lat' dir='ltr'>morti-s,</span> <span class='ocrx_word' id='word_1_277' title='bbox 1356 1349 1413 1367; x_wconf 81' lang='lat' dir='ltr'>una</span> <span class='ocrx_word' id='word_1_278' title='bbox 1433 1349 1494 1367; x_wconf 85' lang='lat' dir='ltr'>cum</span> <span class='ocrx_word' id='word_1_279' title='bbox 1513 1342 1598 1375; x_wconf 80' lang='lat' dir='ltr'>patre</span> <span class='ocrx_word' id='word_1_280' title='bbox 1619 1342 1729 1374; x_wconf 75' lang='lat' dir='ltr'>nostro,</span> <span class='ocrx_word' id='word_1_281' title='bbox 1749 1340 1825 1367; x_wconf 76' lang='lat' dir='ltr'>relat</span> <span class='ocrx_word' id='word_1_282' title='bbox 1841 1340 1918 1367; x_wconf 81' lang='lat' dir='ltr'>illius</span> <span class='ocrx_word' id='word_1_283' title='bbox 1938 1340 2068 1375; x_wconf 76' lang='lat' dir='ltr'>heredes,</span> 
     </span>
     <span class='ocr_line' id='line_1_25' title="bbox 409 1384 2070 1422; baseline -0.003 -7"><span class='ocrx_word' id='word_1_284' title='bbox 409 1397 469 1415; x_wconf 86' lang='lat' dir='ltr'>reos</span> <span class='ocrx_word' id='word_1_285' title='bbox 480 1388 577 1422; x_wconf 84' lang='lat' dir='ltr'>suctos</span> <span class='ocrx_word' id='word_1_286' title='bbox 593 1396 658 1414; x_wconf 82' lang='lat' dir='ltr'>esse.</span> <span class='ocrx_word' id='word_1_287' title='bbox 681 1389 837 1422; x_wconf 77' lang='lat' dir='ltr'>Quaerttur</span> <span class='ocrx_word' id='word_1_288' title='bbox 856 1388 945 1421; x_wconf 75' lang='lat' dir='ltr'>iqitur</span> <span class='ocrx_word' id='word_1_289' title='bbox 963 1386 1032 1420; x_wconf 75' lang='lat' dir='ltr'>quid</span> <span class='ocrx_word' id='word_1_290' title='bbox 1046 1387 1085 1411; x_wconf 86' lang='lat' dir='ltr'>sit</span> <span class='ocrx_word' id='word_1_291' title='bbox 1102 1385 1153 1411; x_wconf 83' lang='lat' dir='ltr'>hoc</span> <span class='ocrx_word' id='word_1_292' title='bbox 1167 1387 1332 1419; x_wconf 80' lang='lat' dir='ltr'>peccatum,</span> <span class='ocrx_word' id='word_1_293' title='bbox 1347 1393 1453 1419; x_wconf 85' lang='lat' dir='ltr'>quoque</span> <span class='ocrx_word' id='word_1_294' title='bbox 1473 1387 1501 1411; x_wconf 78' lang='lat' dir='ltr'>in</span> <span class='ocrx_word' id='word_1_295' title='bbox 1519 1384 1597 1411; x_wconf 70' lang='lat' dir='ltr'>nobis</span> <span class='ocrx_word' id='word_1_296' title='bbox 1611 1386 1696 1419; x_wconf 81' lang='lat' dir='ltr'>pacto</span> <span class='ocrx_word' id='word_1_297' title='bbox 1712 1385 1846 1417; x_wconf 71' lang='lat' dir='ltr'>haereat,</span> <span class='ocrx_word' id='word_1_298' title='bbox 1860 1386 1891 1411; x_wconf 75' lang='lat' dir='ltr'>ut</span> <span class='ocrx_word' id='word_1_299' title='bbox 1903 1385 1989 1411; x_wconf 80' lang='lat' dir='ltr'>simus</span> <span class='ocrx_word' id='word_1_300' title='bbox 2000 1392 2070 1419; x_wconf 82' lang='lat' dir='ltr'>pro—</span> 
     </span>
     <span class='ocr_line' id='line_1_26' title="bbox 404 1427 2070 1468; baseline -0.002 -9"><span class='ocrx_word' id='word_1_301' title='bbox 404 1434 469 1468; x_wconf 81' lang='lat' dir='ltr'>pter</span> <span class='ocrx_word' id='word_1_302' title='bbox 487 1432 518 1458; x_wconf 76' lang='lat' dir='ltr'>id</span> <span class='ocrx_word' id='word_1_303' title='bbox 536 1434 597 1459; x_wconf 84' lang='lat' dir='ltr'>iure</span> <span class='ocrx_word' id='word_1_304' title='bbox 615 1433 768 1465; x_wconf 79' lang='lat' dir='ltr'>meritoque</span> <span class='ocrx_word' id='word_1_305' title='bbox 786 1430 945 1457; x_wconf 75' lang='lat' dir='ltr'>(lantnmuti</span> <span class='ocrx_word' id='word_1_306' title='bbox 961 1433 1010 1456; x_wconf 78' lang='lat' dir='ltr'>etc.</span> <span class='ocrx_word' id='word_1_307' title='bbox 1033 1428 1124 1462; x_wconf 71' lang='lat' dir='ltr'>Pergit</span> <span class='ocrx_word' id='word_1_308' title='bbox 1137 1428 1280 1455; x_wconf 81' lang='lat' dir='ltr'>Sadoletus</span> <span class='ocrx_word' id='word_1_309' title='bbox 1296 1428 1413 1463; x_wconf 82' lang='lat' dir='ltr'>plurima</span> <span class='ocrx_word' id='word_1_310' title='bbox 1429 1427 1532 1461; x_wconf 79' lang='lat' dir='ltr'>dicere,</span> <span class='ocrx_word' id='word_1_311' title='bbox 1548 1432 1574 1455; x_wconf 88' lang='lat' dir='ltr'>et</span> <span class='ocrx_word' id='word_1_312' title='bbox 1589 1429 1708 1463; x_wconf 88' lang='lat' dir='ltr'>primum</span> <span class='ocrx_word' id='word_1_313' title='bbox 1722 1428 1886 1455; x_wconf 83' lang='lat' dir='ltr'>obiectiones</span> <span class='ocrx_word' id='word_1_314' title='bbox 1905 1427 2070 1463; x_wconf 83' lang='lat' dir='ltr'>multiplices</span> 
     </span>
     <span class='ocr_line' id='line_1_27' title="bbox 409 1471 2068 1511; baseline -0.003 -8"><span class='ocrx_word' id='word_1_315' title='bbox 409 1480 501 1503; x_wconf 83' lang='lat' dir='ltr'>contra</span> <span class='ocrx_word' id='word_1_316' title='bbox 521 1475 652 1511; x_wconf 77' lang='lat' dir='ltr'>originale</span> <span class='ocrx_word' id='word_1_317' title='bbox 671 1478 825 1509; x_wconf 76' lang='lat' dir='ltr'>peccatu1113</span> <span class='ocrx_word' id='word_1_318' title='bbox 846 1473 943 1501; x_wconf 84' lang='lat' dir='ltr'>deinde</span> <span class='ocrx_word' id='word_1_319' title='bbox 963 1477 1122 1507; x_wconf 63' lang='lat' dir='ltr'>argumenta</span> <span class='ocrx_word' id='word_1_320' title='bbox 1142 1477 1168 1499; x_wconf 89' lang='lat' dir='ltr'>et</span> <span class='ocrx_word' id='word_1_321' title='bbox 1188 1473 1306 1499; x_wconf 85' lang='lat' dir='ltr'>rationes</span> <span class='ocrx_word' id='word_1_322' title='bbox 1325 1473 1426 1505; x_wconf 79' lang='lat' dir='ltr'>varias,</span> <span class='ocrx_word' id='word_1_323' title='bbox 1446 1472 1546 1507; x_wconf 86' lang='lat' dir='ltr'>quibus</span> <span class='ocrx_word' id='word_1_324' title='bbox 1566 1480 1580 1499; x_wconf 93' lang='lat' dir='ltr'>a</span> <span class='ocrx_word' id='word_1_325' title='bbox 1598 1472 1730 1506; x_wconf 77' lang='lat' dir='ltr'>theologis</span> <span class='ocrx_word' id='word_1_326' title='bbox 1750 1472 1906 1507; x_wconf 80' lang='lat' dir='ltr'>praesertim</span> <span class='ocrx_word' id='word_1_327' title='bbox 1925 1471 2068 1499; x_wconf 79' lang='lat' dir='ltr'>scholasti-</span> 
     </span>
     <span class='ocr_line' id='line_1_28' title="bbox 408 1515 2068 1555; baseline -0.002 -8"><span class='ocrx_word' id='word_1_328' title='bbox 408 1520 461 1552; x_wconf 85' lang='lat' dir='ltr'>cis,</span> <span class='ocrx_word' id='word_1_329' title='bbox 483 1528 530 1555; x_wconf 86' lang='lat' dir='ltr'>pro</span> <span class='ocrx_word' id='word_1_330' title='bbox 548 1519 701 1546; x_wconf 80' lang='lat' dir='ltr'>diversitate</span> <span class='ocrx_word' id='word_1_331' title='bbox 718 1522 911 1554; x_wconf 77' lang='lat' dir='ltr'>systematum,</span> <span class='ocrx_word' id='word_1_332' title='bbox 932 1517 1034 1552; x_wconf 78' lang='lat' dir='ltr'>peccati</span> <span class='ocrx_word' id='word_1_333' title='bbox 1054 1517 1112 1543; x_wconf 85' lang='lat' dir='ltr'>eius</span> <span class='ocrx_word' id='word_1_334' title='bbox 1134 1520 1229 1543; x_wconf 77' lang='lat' dir='ltr'>natura</span> <span class='ocrx_word' id='word_1_335' title='bbox 1252 1516 1370 1551; x_wconf 88' lang='lat' dir='ltr'>exposita</span> <span class='ocrx_word' id='word_1_336' title='bbox 1389 1516 1456 1548; x_wconf 80' lang='lat' dir='ltr'>fuit;</span> <span class='ocrx_word' id='word_1_337' title='bbox 1476 1520 1534 1543; x_wconf 84' lang='lat' dir='ltr'>tum</span> <span class='ocrx_word' id='word_1_338' title='bbox 1553 1516 1586 1542; x_wconf 86' lang='lat' dir='ltr'>ad</span> <span class='ocrx_word' id='word_1_339' title='bbox 1608 1516 1776 1551; x_wconf 81' lang='lat' dir='ltr'>antiquiores</span> <span class='ocrx_word' id='word_1_340' title='bbox 1796 1520 1929 1543; x_wconf 80' lang='lat' dir='ltr'>revertens</span> <span class='ocrx_word' id='word_1_341' title='bbox 1949 1515 1985 1543; x_wconf 78' lang='lat' dir='ltr'>ita</span> <span class='ocrx_word' id='word_1_342' title='bbox 2003 1515 2068 1543; x_wconf 88' lang='lat' dir='ltr'>sub-</span> 
     </span>
     <span class='ocr_line' id='line_1_29' title="bbox 407 1559 2069 1598; baseline -0.003 -7"><span class='ocrx_word' id='word_1_343' title='bbox 407 1564 500 1591; x_wconf 89' lang='lat' dir='ltr'>sumit.</span> <span class='ocrx_word' id='word_1_344' title='bbox 523 1564 627 1598; x_wconf 77' lang='lat' dir='ltr'>Quibus</span> <span class='ocrx_word' id='word_1_345' title='bbox 645 1571 680 1589; x_wconf 65' lang='lat' dir='ltr'>ea·</span> <span class='ocrx_word' id='word_1_346' title='bbox 699 1562 824 1589; x_wconf 67' lang='lat' dir='ltr'>«minibus</span> <span class='ocrx_word' id='word_1_347' title='bbox 844 1561 1028 1595; x_wconf 77' lang='lat' dir='ltr'>intelltqitur,</span> <span class='ocrx_word' id='word_1_348' title='bbox 1044 1562 1155 1595; x_wconf 81' lang='lat' dir='ltr'>primos</span> <span class='ocrx_word' id='word_1_349' title='bbox 1170 1560 1232 1586; x_wconf 85' lang='lat' dir='ltr'>illos</span> <span class='ocrx_word' id='word_1_350' title='bbox 1251 1561 1374 1586; x_wconf 83' lang='lat' dir='ltr'>maiores</span> <span class='ocrx_word' id='word_1_351' title='bbox 1391 1561 1515 1593; x_wconf 76' lang='lat' dir='ltr'>nostros,</span> <span class='ocrx_word' id='word_1_352' title='bbox 1535 1561 1687 1586; x_wconf 77' lang='lat' dir='ltr'>sanctitate</span> <span class='ocrx_word' id='word_1_353' title='bbox 1699 1560 1884 1594; x_wconf 72' lang='lat' dir='ltr'>doctrinaque</span> <span class='ocrx_word' id='word_1_354' title='bbox 1894 1559 2069 1594; x_wconf 81' lang='lat' dir='ltr'>praecellen-</span> 
     </span>
     <span class='ocr_line' id='line_1_30' title="bbox 408 1603 2068 1643; baseline -0.003 -8"><span class='ocrx_word' id='word_1_355' title='bbox 408 1611 460 1641; x_wconf 82' lang='lat' dir='ltr'>tes,</span> <span class='ocrx_word' id='word_1_356' title='bbox 477 1610 560 1635; x_wconf 82' lang='lat' dir='ltr'>scisse</span> <span class='ocrx_word' id='word_1_357' title='bbox 583 1609 702 1643; x_wconf 80' lang='lat' dir='ltr'>optime,</span> <span class='ocrx_word' id='word_1_358' title='bbox 722 1607 790 1642; x_wconf 81' lang='lat' dir='ltr'>quid</span> <span class='ocrx_word' id='word_1_359' title='bbox 811 1608 882 1632; x_wconf 72' lang='lat' dir='ltr'>esset</span> <span class='ocrx_word' id='word_1_360' title='bbox 903 1606 955 1631; x_wconf 79' lang='lat' dir='ltr'>hoc</span> <span class='ocrx_word' id='word_1_361' title='bbox 978 1606 1096 1631; x_wconf 76' lang='lat' dir='ltr'>humani</span> <span class='ocrx_word' id='word_1_362' title='bbox 1118 1607 1227 1639; x_wconf 79' lang='lat' dir='ltr'>qeneris</span> <span class='ocrx_word' id='word_1_363' title='bbox 1250 1606 1279 1631; x_wconf 72' lang='lat' dir='ltr'>in</span> <span class='ocrx_word' id='word_1_364' title='bbox 1296 1607 1418 1640; x_wconf 78' lang='lat' dir='ltr'>parente</span> <span class='ocrx_word' id='word_1_365' title='bbox 1438 1605 1531 1632; x_wconf 77' lang='lat' dir='ltr'>Adam</span> <span class='ocrx_word' id='word_1_366' title='bbox 1551 1607 1715 1639; x_wconf 81' lang='lat' dir='ltr'>peccatum,</span> <span class='ocrx_word' id='word_1_367' title='bbox 1735 1605 1809 1639; x_wconf 79' lang='lat' dir='ltr'>quod</span> <span class='ocrx_word' id='word_1_368' title='bbox 1825 1613 1880 1631; x_wconf 70' lang='lat' dir='ltr'>non.</span> <span class='ocrx_word' id='word_1_369' title='bbox 1899 1603 2068 1638; x_wconf 76' lang='lat' dir='ltr'>simpliciter</span> 
     </span>
     <span class='ocr_line' id='line_1_31' title="bbox 404 1648 2068 1686; baseline -0.002 -8"><span class='ocrx_word' id='word_1_370' title='bbox 404 1654 564 1686; x_wconf 83' lang='lat' dir='ltr'>peccatum,</span> <span class='ocrx_word' id='word_1_371' title='bbox 579 1651 629 1678; x_wconf 84' lang='lat' dir='ltr'>secl</span> <span class='ocrx_word' id='word_1_372' title='bbox 641 1652 759 1685; x_wconf 76' lang='lat' dir='ltr'>ortqinis</span> <span class='ocrx_word' id='word_1_373' title='bbox 769 1652 916 1685; x_wconf 77' lang='lat' dir='ltr'>peccatum</span> <span class='ocrx_word' id='word_1_374' title='bbox 933 1649 965 1675; x_wconf 72' lang='lat' dir='ltr'>itt</span> <span class='ocrx_word' id='word_1_375' title='bbox 980 1648 1210 1683; x_wconf 69' lang='lat' dir='ltr'>appellarer-unt,</span> <span class='ocrx_word' id='word_1_376' title='bbox 1227 1650 1257 1675; x_wconf 80' lang='lat' dir='ltr'>ut</span> <span class='ocrx_word' id='word_1_377' title='bbox 1269 1650 1403 1675; x_wconf 81' lang='lat' dir='ltr'>naturam</span> <span class='ocrx_word' id='word_1_378' title='bbox 1419 1656 1499 1675; x_wconf 83' lang='lat' dir='ltr'>ream</span> <span class='ocrx_word' id='word_1_379' title='bbox 1513 1649 1594 1675; x_wconf 72' lang='lat' dir='ltr'>liuius</span> <span class='ocrx_word' id='word_1_380' title='bbox 1607 1650 1720 1683; x_wconf 76' lang='lat' dir='ltr'>peccati</span> <span class='ocrx_word' id='word_1_381' title='bbox 1734 1657 1787 1674; x_wconf 83' lang='lat' dir='ltr'>non</span> <span class='ocrx_word' id='word_1_382' title='bbox 1803 1648 1974 1674; x_wconf 75' lang='lat' dir='ltr'>voluntatem</span> <span class='ocrx_word' id='word_1_383' title='bbox 1988 1655 2068 1674; x_wconf 82' lang='lat' dir='ltr'>coar-</span> 
     </span>
     <span class='ocr_line' id='line_1_32' title="bbox 405 1692 2068 1731; baseline -0.003 -9"><span class='ocrx_word' id='word_1_384' title='bbox 405 1698 536 1731; x_wconf 80' lang='lat' dir='ltr'>9uerent,=</span> <span class='ocrx_word' id='word_1_385' title='bbox 549 1703 601 1730; x_wconf 86' lang='lat' dir='ltr'>qao</span> <span class='ocrx_word' id='word_1_386' title='bbox 619 1696 699 1721; x_wconf 80' lang='lat' dir='ltr'>unico</span> <span class='ocrx_word' id='word_1_387' title='bbox 714 1694 795 1720; x_wconf 64' lang='lat' dir='ltr'>verbo</span> <span class='ocrx_word' id='word_1_388' title='bbox 806 1694 895 1728; x_wconf 80' lang='lat' dir='ltr'>plura</span> <span class='ocrx_word' id='word_1_389' title='bbox 912 1695 939 1719; x_wconf 89' lang='lat' dir='ltr'>et</span> <span class='ocrx_word' id='word_1_390' title='bbox 957 1694 1081 1719; x_wconf 77' lang='lat' dir='ltr'>certiora</span> <span class='ocrx_word' id='word_1_391' title='bbox 1099 1692 1134 1719; x_wconf 83' lang='lat' dir='ltr'>de</span> <span class='ocrx_word' id='word_1_392' title='bbox 1149 1692 1201 1718; x_wconf 80' lang='lat' dir='ltr'>lzoc</span> <span class='ocrx_word' id='word_1_393' title='bbox 1216 1694 1332 1727; x_wconf 80' lang='lat' dir='ltr'>peccato</span> <span class='ocrx_word' id='word_1_394' title='bbox 1347 1692 1514 1725; x_wconf 81' lang='lat' dir='ltr'>docuerunt,</span> <span class='ocrx_word' id='word_1_395' title='bbox 1528 1700 1612 1726; x_wconf 84' lang='lat' dir='ltr'>quam</span> <span class='ocrx_word' id='word_1_396' title='bbox 1629 1693 1718 1718; x_wconf 81' lang='lat' dir='ltr'>omnis</span> <span class='ocrx_word' id='word_1_397' title='bbox 1731 1693 1827 1718; x_wconf 77' lang='lat' dir='ltr'>secuta</span> <span class='ocrx_word' id='word_1_398' title='bbox 1838 1692 1993 1726; x_wconf 79' lang='lat' dir='ltr'>posteritas</span> <span class='ocrx_word' id='word_1_399' title='bbox 2008 1693 2068 1718; x_wconf 85' lang='lat' dir='ltr'>tam</span> 
     </span>
     <span class='ocr_line' id='line_1_33' title="bbox 407 1731 2068 1771; baseline -0.003 -5"><span class='ocrx_word' id='word_1_400' title='bbox 407 1739 503 1766; x_wconf 81' lang='lat' dir='ltr'>multis</span> <span class='ocrx_word' id='word_1_401' title='bbox 519 1738 704 1765; x_wconf 75' lang='lat' dir='ltr'>rolzmzim’bus</span> <span class='ocrx_word' id='word_1_402' title='bbox 717 1737 830 1771; x_wconf 80' lang='lat' dir='ltr'>jecerit.</span> <span class='ocrx_word' id='word_1_403' title='bbox 852 1739 904 1763; x_wconf 82' lang='lat' dir='ltr'>Est</span> <span class='ocrx_word' id='word_1_404' title='bbox 922 1738 1017 1771; x_wconf 81' lang='lat' dir='ltr'>itaque</span> <span class='ocrx_word' id='word_1_405' title='bbox 1036 1736 1088 1762; x_wconf 75' lang='lat' dir='ltr'>ltoc</span> <span class='ocrx_word' id='word_1_406' title='bbox 1107 1737 1225 1771; x_wconf 80' lang='lat' dir='ltr'>oriqinis</span> <span class='ocrx_word' id='word_1_407' title='bbox 1240 1738 1391 1770; x_wconf 81' lang='lat' dir='ltr'>peccatum</span> <span class='ocrx_word' id='word_1_408' title='bbox 1409 1745 1461 1763; x_wconf 82' lang='lat' dir='ltr'>non</span> <span class='ocrx_word' id='word_1_409' title='bbox 1482 1731 1707 1769; x_wconf 72' lang='lat' dir='ltr'>deliberationis,</span> <span class='ocrx_word' id='word_1_410' title='bbox 1727 1737 1849 1762; x_wconf 79' lang='lat' dir='ltr'>naturae</span> <span class='ocrx_word' id='word_1_411' title='bbox 1868 1743 1922 1761; x_wconf 82' lang='lat' dir='ltr'>non</span> <span class='ocrx_word' id='word_1_412' title='bbox 1938 1734 2068 1761; x_wconf 78' lang='lat' dir='ltr'>volunta-</span> 
     </span>
     <span class='ocr_line' id='line_1_34' title="bbox 407 1779 2068 1816; baseline -0.003 -7"><span class='ocrx_word' id='word_1_413' title='bbox 407 1785 456 1809; x_wconf 81' lang='lat' dir='ltr'>tis.-</span> <span class='ocrx_word' id='word_1_414' title='bbox 475 1783 525 1809; x_wconf 82' lang='lat' dir='ltr'>sed</span> <span class='ocrx_word' id='word_1_415' title='bbox 545 1784 573 1809; x_wconf 88' lang='lat' dir='ltr'>et</span> <span class='ocrx_word' id='word_1_416' title='bbox 592 1783 710 1816; x_wconf 72' lang='lat' dir='ltr'>oriqinis</span> <span class='ocrx_word' id='word_1_417' title='bbox 732 1783 760 1807; x_wconf 87' lang='lat' dir='ltr'>et</span> <span class='ocrx_word' id='word_1_418' title='bbox 779 1783 901 1807; x_wconf 81' lang='lat' dir='ltr'>naturae</span> <span class='ocrx_word' id='word_1_419' title='bbox 922 1788 952 1806; x_wconf 80' lang='lat' dir='ltr'>eo</span> <span class='ocrx_word' id='word_1_420' title='bbox 976 1780 1072 1812; x_wconf 81' lang='lat' dir='ltr'>modo,</span> <span class='ocrx_word' id='word_1_421' title='bbox 1094 1782 1123 1806; x_wconf 86' lang='lat' dir='ltr'>ut</span> <span class='ocrx_word' id='word_1_422' title='bbox 1145 1779 1271 1806; x_wconf 69' lang='lat' dir='ltr'>voluntas</span> <span class='ocrx_word' id='word_1_423' title='bbox 1293 1782 1321 1805; x_wconf 83' lang='lat' dir='ltr'>et</span> <span class='ocrx_word' id='word_1_424' title='bbox 1340 1779 1508 1806; x_wconf 78' lang='lat' dir='ltr'>deliberatio</span> <span class='ocrx_word' id='word_1_425' title='bbox 1531 1781 1641 1806; x_wconf 80' lang='lat' dir='ltr'>omnino</span> <span class='ocrx_word' id='word_1_426' title='bbox 1661 1781 1793 1806; x_wconf 75' lang='lat' dir='ltr'>secutura</span> <span class='ocrx_word' id='word_1_427' title='bbox 1814 1781 1860 1806; x_wconf 79' lang='lat' dir='ltr'>sit.</span> <span class='ocrx_word' id='word_1_428' title='bbox 1879 1781 1974 1813; x_wconf 76' lang='lat' dir='ltr'>Neque</span> <span class='ocrx_word' id='word_1_429' title='bbox 1993 1779 2068 1805; x_wconf 79' lang='lat' dir='ltr'>enim</span> 
     </span>
     <span class='ocr_line' id='line_1_35' title="bbox 401 1822 2068 1862; baseline -0.002 -9"><span class='ocrx_word' id='word_1_430' title='bbox 401 1829 498 1862; x_wconf 74' lang='lat' dir='ltr'>potest-</span> <span class='ocrx_word' id='word_1_431' title='bbox 513 1827 593 1853; x_wconf 77' lang='lat' dir='ltr'>homo</span> <span class='ocrx_word' id='word_1_432' title='bbox 612 1828 640 1852; x_wconf 72' lang='lat' dir='ltr'>in</span> <span class='ocrx_word' id='word_1_433' title='bbox 660 1827 732 1852; x_wconf 83' lang='lat' dir='ltr'>hunc</span> <span class='ocrx_word' id='word_1_434' title='bbox 751 1834 874 1852; x_wconf 78' lang='lat' dir='ltr'>amorem</span> <span class='ocrx_word' id='word_1_435' title='bbox 897 1825 995 1851; x_wconf 78' lang='lat' dir='ltr'>mundi</span> <span class='ocrx_word' id='word_1_436' title='bbox 1014 1825 1110 1851; x_wconf 83' lang='lat' dir='ltr'>carnis</span> <span class='ocrx_word' id='word_1_437' title='bbox 1130 1826 1158 1849; x_wconf 73' lang='lat' dir='ltr'>et</span> <span class='ocrx_word' id='word_1_438' title='bbox 1173 1825 1292 1850; x_wconf 81' lang='lat' dir='ltr'>rationis</span> <span class='ocrx_word' id='word_1_439' title='bbox 1309 1825 1449 1850; x_wconf 78' lang='lat' dir='ltr'>communi</span> <span class='ocrx_word' id='word_1_440' title='bbox 1467 1826 1643 1850; x_wconf 77' lang='lat' dir='ltr'>consensione</span> <span class='ocrx_word' id='word_1_441' title='bbox 1662 1832 1793 1857; x_wconf 76' lang='lat' dir='ltr'>nascens,</span> <span class='ocrx_word' id='word_1_442' title='bbox 1812 1832 1867 1849; x_wconf 81' lang='lat' dir='ltr'>non</span> <span class='ocrx_word' id='word_1_443' title='bbox 1886 1832 1904 1850; x_wconf 88' lang='grc' dir='ltr'><em>α</em></span> <span class='ocrx_word' id='word_1_444' title='bbox 1923 1826 1979 1849; x_wconf 88' lang='lat' dir='ltr'>Deo</span> <span class='ocrx_word' id='word_1_445' title='bbox 1996 1822 2068 1850; x_wconf 80' lang='lat' dir='ltr'>alie—</span> 
     </span>
     <span class='ocr_line' id='line_1_36' title="bbox 405 1866 2070 1904; baseline -0.002 -7"><span class='ocrx_word' id='word_1_446' title='bbox 405 1879 456 1897; x_wconf 79' lang='lat' dir='ltr'>nus</span> <span class='ocrx_word' id='word_1_447' title='bbox 475 1878 642 1904; x_wconf 71' lang='lat' dir='ltr'>aversusque</span> <span class='ocrx_word' id='word_1_448' title='bbox 665 1871 793 1895; x_wconf 68' lang='lat' dir='ltr'>ezistere.</span> <span class='ocrx_word' id='word_1_449' title='bbox 815 1871 913 1902; x_wconf 76' lang='lat' dir='ltr'>Itaque</span> <span class='ocrx_word' id='word_1_450' title='bbox 935 1870 961 1894; x_wconf 82' lang='lat' dir='ltr'>et</span> <span class='ocrx_word' id='word_1_451' title='bbox 983 1868 1125 1903; x_wconf 82' lang='lat' dir='ltr'>apostolus</span> <span class='ocrx_word' id='word_1_452' title='bbox 1144 1867 1248 1894; x_wconf 77' lang='lat' dir='ltr'>Paulus</span> <span class='ocrx_word' id='word_1_453' title='bbox 1268 1870 1374 1894; x_wconf 83' lang='lat' dir='ltr'>natura</span> <span class='ocrx_word' id='word_1_454' title='bbox 1394 1876 1442 1893; x_wconf 75' lang='lat' dir='ltr'>nos</span> <span class='ocrx_word' id='word_1_455' title='bbox 1466 1868 1616 1902; x_wconf 71' lang='lat' dir='ltr'>confirmat</span> <span class='ocrx_word' id='word_1_456' title='bbox 1637 1870 1698 1895; x_wconf 87' lang='lat' dir='ltr'>irae</span> <span class='ocrx_word' id='word_1_457' title='bbox 1713 1868 1793 1902; x_wconf 81' lang='lat' dir='ltr'>filios</span> <span class='ocrx_word' id='word_1_458' title='bbox 1815 1875 1872 1894; x_wconf 80' lang='lat' dir='ltr'>esse</span> <span class='ocrx_word' id='word_1_459' title='bbox 1890 1871 1941 1894; x_wconf 84' lang='lat' dir='ltr'>etc.</span> <span class='ocrx_word' id='word_1_460' title='bbox 1961 1866 2070 1894; x_wconf 76' lang='lat' dir='ltr'>Deinde</span> 
     </span>
     <span class='ocr_line' id='line_1_37' title="bbox 406 1910 2068 1948; baseline -0.002 -7"><span class='ocrx_word' id='word_1_461' title='bbox 406 1914 498 1941; x_wconf 86' lang='lat' dir='ltr'>multis</span> <span class='ocrx_word' id='word_1_462' title='bbox 519 1913 626 1948; x_wconf 82' lang='lat' dir='ltr'>exponit</span> <span class='ocrx_word' id='word_1_463' title='bbox 646 1915 748 1939; x_wconf 72' lang='lat' dir='ltr'>Auctor</span> <span class='ocrx_word' id='word_1_464' title='bbox 768 1912 903 1947; x_wconf 87' lang='lat' dir='ltr'>quomodo</span> <span class='ocrx_word' id='word_1_465' title='bbox 925 1912 1076 1947; x_wconf 79' lang='lat' dir='ltr'>baptismus</span> <span class='ocrx_word' id='word_1_466' title='bbox 1098 1911 1230 1945; x_wconf 76' lang='lat' dir='ltr'>originale</span> <span class='ocrx_word' id='word_1_467' title='bbox 1252 1915 1392 1946; x_wconf 87' lang='lat' dir='ltr'>peccatum</span> <span class='ocrx_word' id='word_1_468' title='bbox 1412 1911 1441 1937; x_wconf 88' lang='lat' dir='ltr'>in</span> <span class='ocrx_word' id='word_1_469' title='bbox 1462 1911 1541 1938; x_wconf 89' lang='lat' dir='ltr'>nobis</span> <span class='ocrx_word' id='word_1_470' title='bbox 1562 1911 1664 1945; x_wconf 84' lang='lat' dir='ltr'>deleat,</span> <span class='ocrx_word' id='word_1_471' title='bbox 1685 1910 1891 1946; x_wconf 83' lang='lat' dir='ltr'>concluditque:</span> <span class='ocrx_word' id='word_1_472' title='bbox 1913 1919 1949 1938; x_wconf 74' lang='lat' dir='ltr'>ex</span> <span class='ocrx_word' id='word_1_473' title='bbox 1968 1911 2068 1945; x_wconf 76' lang='lat' dir='ltr'>quibus</span> 
     </span>
     <span class='ocr_line' id='line_1_38' title="bbox 400 1955 2067 1994; baseline -0.002 -9"><span class='ocrx_word' id='word_1_474' title='bbox 400 1960 580 1994; x_wconf 80' lang='lat' dir='ltr'>perspicuum</span> <span class='ocrx_word' id='word_1_475' title='bbox 595 1957 709 1991; x_wconf 81' lang='lat' dir='ltr'>sactum</span> <span class='ocrx_word' id='word_1_476' title='bbox 730 1965 786 1983; x_wconf 66' lang='lat' dir='ltr'>csse</span> <span class='ocrx_word' id='word_1_477' title='bbox 808 1957 951 1989; x_wconf 78' lang='lat' dir='ltr'>arbitror,</span> <span class='ocrx_word' id='word_1_478' title='bbox 973 1957 1088 1990; x_wconf 57' lang='grc' dir='ltr'>(πρίω-ἱ</span> <span class='ocrx_word' id='word_1_479' title='bbox 1110 1964 1157 1981; x_wconf 87' lang='lat' dir='ltr'>nos</span> <span class='ocrx_word' id='word_1_480' title='bbox 1180 1958 1207 1981; x_wconf 85' lang='lat' dir='ltr'>et</span> <span class='ocrx_word' id='word_1_481' title='bbox 1223 1957 1349 1990; x_wconf 76' lang='lat' dir='ltr'>purqari</span> <span class='ocrx_word' id='word_1_482' title='bbox 1371 1956 1408 1982; x_wconf 89' lang='lat' dir='ltr'>ab</span> <span class='ocrx_word' id='word_1_483' title='bbox 1430 1957 1548 1990; x_wconf 79' lang='lat' dir='ltr'>oriqinis</span> <span class='ocrx_word' id='word_1_484' title='bbox 1565 1957 1683 1991; x_wconf 76' lang='lat' dir='ltr'>peccato</span> <span class='ocrx_word' id='word_1_485' title='bbox 1707 1957 1734 1981; x_wconf 83' lang='lat' dir='ltr'>iu</span> <span class='ocrx_word' id='word_1_486' title='bbox 1758 1956 1913 1990; x_wconf 78' lang='lat' dir='ltr'>baptismo,</span> <span class='ocrx_word' id='word_1_487' title='bbox 1933 1955 2067 1989; x_wconf 77' lang='lat' dir='ltr'>quoniam</span> 
     </span>
     <span class='ocr_line' id='line_1_39' title="bbox 404 1997 2066 2035; baseline -0.002 -7"><span class='ocrx_word' id='word_1_488' title='bbox 404 2010 480 2028; x_wconf 61' lang='lat' dir='ltr'>mens</span> <span class='ocrx_word' id='word_1_489' title='bbox 498 2003 611 2034; x_wconf 80' lang='lat' dir='ltr'>nostra,</span> <span class='ocrx_word' id='word_1_490' title='bbox 632 2003 661 2027; x_wconf 76' lang='lat' dir='ltr'>in</span> <span class='ocrx_word' id='word_1_491' title='bbox 680 2009 734 2035; x_wconf 81' lang='lat' dir='ltr'>qna</span> <span class='ocrx_word' id='word_1_492' title='bbox 750 2002 869 2035; x_wconf 77' lang='lat' dir='ltr'>proprie</span> <span class='ocrx_word' id='word_1_493' title='bbox 891 2002 918 2026; x_wconf 83' lang='lat' dir='ltr'>et</span> <span class='ocrx_word' id='word_1_494' title='bbox 931 2001 1089 2035; x_wconf 77' lang='lat' dir='ltr'>praecipue</span> <span class='ocrx_word' id='word_1_495' title='bbox 1109 1999 1249 2026; x_wconf 80' lang='lat' dir='ltr'>haerebat</span> <span class='ocrx_word' id='word_1_496' title='bbox 1269 1999 1341 2025; x_wconf 76' lang='lat' dir='ltr'>illurl</span> <span class='ocrx_word' id='word_1_497' title='bbox 1355 2001 1521 2034; x_wconf 78' lang='lat' dir='ltr'>peccatum,</span> <span class='ocrx_word' id='word_1_498' title='bbox 1541 2008 1559 2026; x_wconf 86' lang='lat' dir='ltr'>a</span> <span class='ocrx_word' id='word_1_499' title='bbox 1579 2000 1681 2026; x_wconf 79' lang='lat' dir='ltr'>mundo</span> <span class='ocrx_word' id='word_1_500' title='bbox 1701 2008 1730 2025; x_wconf 84' lang='lat' dir='ltr'>se</span> <span class='ocrx_word' id='word_1_501' title='bbox 1748 1999 1882 2025; x_wconf 70' lang='lat' dir='ltr'>revellens</span> <span class='ocrx_word' id='word_1_502' title='bbox 1903 2000 1932 2025; x_wconf 81' lang='lat' dir='ltr'>et</span> <span class='ocrx_word' id='word_1_503' title='bbox 1952 1997 2066 2025; x_wconf 74' lang='lat' dir='ltr'>abstra-</span> 
     </span>
     <span class='ocr_line' id='line_1_40' title="bbox 403 2043 2066 2078; baseline -0.002 -7"><span class='ocrx_word' id='word_1_504' title='bbox 403 2045 485 2078; x_wconf 68' lang='lat' dir='ltr'>hens,</span> <span class='ocrx_word' id='word_1_505' title='bbox 507 2047 592 2071; x_wconf 89' lang='lat' dir='ltr'>totam</span> <span class='ocrx_word' id='word_1_506' title='bbox 613 2048 669 2071; x_wconf 88' lang='lat' dir='ltr'>Deo</span> <span class='ocrx_word' id='word_1_507' title='bbox 690 2053 718 2069; x_wconf 76' lang='lat' dir='ltr'>se</span> <span class='ocrx_word' id='word_1_508' title='bbox 741 2045 905 2076; x_wconf 77' lang='lat' dir='ltr'>committit,</span> <span class='ocrx_word' id='word_1_509' title='bbox 926 2044 962 2069; x_wconf 90' lang='lat' dir='ltr'>ab</span> <span class='ocrx_word' id='word_1_510' title='bbox 983 2051 1066 2077; x_wconf 71' lang='lat' dir='ltr'>eoque</span> <span class='ocrx_word' id='word_1_511' title='bbox 1087 2045 1231 2076; x_wconf 83' lang='lat' dir='ltr'>tamquam</span> <span class='ocrx_word' id='word_1_512' title='bbox 1246 2045 1351 2077; x_wconf 81' lang='lat' dir='ltr'>patre,</span> <span class='ocrx_word' id='word_1_513' title='bbox 1371 2045 1399 2069; x_wconf 84' lang='lat' dir='ltr'>et</span> <span class='ocrx_word' id='word_1_514' title='bbox 1417 2043 1574 2077; x_wconf 62' lang='lat' dir='ltr'>exemplum</span> <span class='ocrx_word' id='word_1_515' title='bbox 1596 2045 1671 2069; x_wconf 76' lang='lat' dir='ltr'>ritae</span> <span class='ocrx_word' id='word_1_516' title='bbox 1692 2043 1819 2077; x_wconf 71' lang='lat' dir='ltr'>aqendae</span> <span class='ocrx_word' id='word_1_517' title='bbox 1840 2050 1923 2075; x_wconf 83' lang='lat' dir='ltr'>suae,</span> <span class='ocrx_word' id='word_1_518' title='bbox 1942 2043 1971 2068; x_wconf 81' lang='lat' dir='ltr'>et</span> <span class='ocrx_word' id='word_1_519' title='bbox 1988 2049 2066 2076; x_wconf 83' lang='lat' dir='ltr'>spem</span> 
     </span>
     <span class='ocr_line' id='line_1_41' title="bbox 403 2086 2066 2123; baseline -0.001 -8"><span class='ocrx_word' id='word_1_520' title='bbox 403 2089 501 2115; x_wconf 85' lang='lat' dir='ltr'>beatae</span> <span class='ocrx_word' id='word_1_521' title='bbox 517 2091 600 2123; x_wconf 84' lang='lat' dir='ltr'>atque</span> <span class='ocrx_word' id='word_1_522' title='bbox 619 2091 752 2115; x_wconf 72' lang='lat' dir='ltr'>aeternae</span> <span class='ocrx_word' id='word_1_523' title='bbox 767 2088 936 2113; x_wconf 77' lang='lat' dir='ltr'>hereditatis</span> <span class='ocrx_word' id='word_1_524' title='bbox 955 2089 1086 2122; x_wconf 62' lang='lat' dir='ltr'>crpectat</span> <span class='ocrx_word' id='word_1_525' title='bbox 1101 2091 1151 2113; x_wconf 83' lang='lat' dir='ltr'>etc.</span> <span class='ocrx_word' id='word_1_526' title='bbox 1173 2087 1267 2113; x_wconf 82' lang='lat' dir='ltr'>Postea</span> <span class='ocrx_word' id='word_1_527' title='bbox 1285 2086 1318 2113; x_wconf 80' lang='lat' dir='ltr'>de</span> <span class='ocrx_word' id='word_1_528' title='bbox 1335 2087 1441 2113; x_wconf 85' lang='lat' dir='ltr'>Christo</span> <span class='ocrx_word' id='word_1_529' title='bbox 1459 2086 1570 2113; x_wconf 88' lang='lat' dir='ltr'>domino</span> <span class='ocrx_word' id='word_1_530' title='bbox 1588 2086 1713 2121; x_wconf 84' lang='lat' dir='ltr'>baptismi</span> <span class='ocrx_word' id='word_1_531' title='bbox 1731 2091 1840 2114; x_wconf 81' lang='lat' dir='ltr'>auctore</span> <span class='ocrx_word' id='word_1_532' title='bbox 1855 2086 1978 2119; x_wconf 87' lang='lat' dir='ltr'>locutus,</span> <span class='ocrx_word' id='word_1_533' title='bbox 1993 2086 2066 2113; x_wconf 82' lang='lat' dir='ltr'>eius-</span> 
     </span>
     <span class='ocr_line' id='line_1_42' title="bbox 401 2130 2064 2168; baseline -0.001 -9"><span class='ocrx_word' id='word_1_534' title='bbox 401 2141 454 2168; x_wconf 83' lang='lat' dir='ltr'>que</span> <span class='ocrx_word' id='word_1_535' title='bbox 472 2132 599 2167; x_wconf 81' lang='lat' dir='ltr'>exemplis</span> <span class='ocrx_word' id='word_1_536' title='bbox 619 2131 814 2164; x_wconf 82' lang='lat' dir='ltr'>sanctissimis,</span> <span class='ocrx_word' id='word_1_537' title='bbox 833 2133 868 2158; x_wconf 86' lang='lat' dir='ltr'>ita</span> <span class='ocrx_word' id='word_1_538' title='bbox 889 2131 1051 2165; x_wconf 82' lang='lat' dir='ltr'>opuseulum</span> <span class='ocrx_word' id='word_1_539' title='bbox 1073 2139 1152 2158; x_wconf 86' lang='lat' dir='ltr'>suum</span> <span class='ocrx_word' id='word_1_540' title='bbox 1177 2130 1316 2157; x_wconf 78' lang='lat' dir='ltr'>concludit</span> <span class='ocrx_word' id='word_1_541' title='bbox 1334 2130 1486 2158; x_wconf 87' lang='lat' dir='ltr'>Sadoletus.</span> <span class='ocrx_word' id='word_1_542' title='bbox 1509 2134 1577 2158; x_wconf 84' lang='lat' dir='ltr'>Cum</span> <span class='ocrx_word' id='word_1_543' title='bbox 1602 2139 1668 2165; x_wconf 70' lang='lat' dir='ltr'>erqo</span> <span class='ocrx_word' id='word_1_544' title='bbox 1689 2131 1759 2157; x_wconf 76' lang='lat' dir='ltr'>haec</span> <span class='ocrx_word' id='word_1_545' title='bbox 1778 2132 1888 2157; x_wconf 71' lang='lat' dir='ltr'>aversio</span> <span class='ocrx_word' id='word_1_546' title='bbox 1908 2139 1927 2157; x_wconf 87' lang='lat' dir='ltr'>a</span> <span class='ocrx_word' id='word_1_547' title='bbox 1946 2130 2064 2164; x_wconf 71' lang='lat' dir='ltr'>mundo,</span> 
     </span>
     <span class='ocr_line' id='line_1_43' title="bbox 402 2176 2065 2211; baseline -0.001 -8"><span class='ocrx_word' id='word_1_548' title='bbox 402 2179 429 2203; x_wconf 81' lang='lat' dir='ltr'>et</span> <span class='ocrx_word' id='word_1_549' title='bbox 446 2178 486 2204; x_wconf 79' lang='lat' dir='ltr'>ad</span> <span class='ocrx_word' id='word_1_550' title='bbox 503 2180 590 2204; x_wconf 80' lang='lat' dir='ltr'>Deum</span> <span class='ocrx_word' id='word_1_551' title='bbox 611 2185 693 2203; x_wconf 68' lang='lat' dir='ltr'>unm»</span> <span class='ocrx_word' id='word_1_552' title='bbox 714 2179 856 2203; x_wconf 69' lang='lat' dir='ltr'>conirersio</span> <span class='ocrx_word' id='word_1_553' title='bbox 876 2178 958 2202; x_wconf 80' lang='lat' dir='ltr'>unica</span> <span class='ocrx_word' id='word_1_554' title='bbox 975 2178 1012 2202; x_wconf 75' lang='lat' dir='ltr'>sit</span> <span class='ocrx_word' id='word_1_555' title='bbox 1031 2177 1057 2201; x_wconf 86' lang='lat' dir='ltr'>in</span> <span class='ocrx_word' id='word_1_556' title='bbox 1078 2176 1185 2202; x_wconf 78' lang='lat' dir='ltr'>caelum</span> <span class='ocrx_word' id='word_1_557' title='bbox 1203 2176 1385 2210; x_wconf 67' lang='lat' dir='ltr'>perveniendi</span> <span class='ocrx_word' id='word_1_558' title='bbox 1405 2178 1466 2209; x_wconf 78' lang='lat' dir='ltr'>uia,</span> <span class='ocrx_word' id='word_1_559' title='bbox 1487 2178 1547 2211; x_wconf 85' lang='lat' dir='ltr'>quis</span> <span class='ocrx_word' id='word_1_560' title='bbox 1566 2178 1672 2203; x_wconf 81' lang='lat' dir='ltr'>tantum</span> <span class='ocrx_word' id='word_1_561' title='bbox 1691 2177 1765 2203; x_wconf 76' lang='lat' dir='ltr'>hunc</span> <span class='ocrx_word' id='word_1_562' title='bbox 1783 2177 1894 2202; x_wconf 81' lang='lat' dir='ltr'>itineris</span> <span class='ocrx_word' id='word_1_563' title='bbox 1910 2176 1985 2202; x_wconf 81' lang='lat' dir='ltr'>recte</span> <span class='ocrx_word' id='word_1_564' title='bbox 2001 2183 2065 2202; x_wconf 83' lang='lat' dir='ltr'>con-</span> 
     </span>
     <span class='ocr_line' id='line_1_44' title="bbox 395 2218 2066 2255; baseline -0.001 -8"><span class='ocrx_word' id='word_1_565' title='bbox 395 2221 515 2255; x_wconf 81' lang='lat' dir='ltr'>ficiendi</span> <span class='ocrx_word' id='word_1_566' title='bbox 533 2221 629 2247; x_wconf 80' lang='lat' dir='ltr'>ducem</span> <span class='ocrx_word' id='word_1_567' title='bbox 650 2221 793 2253; x_wconf 74' lang='lat' dir='ltr'>deserens,</span> <span class='ocrx_word' id='word_1_568' title='bbox 814 2220 871 2245; x_wconf 85' lang='lat' dir='ltr'>alio</span> <span class='ocrx_word' id='word_1_569' title='bbox 891 2220 960 2246; x_wconf 76' lang='lat' dir='ltr'>(lure</span> <span class='ocrx_word' id='word_1_570' title='bbox 977 2222 1058 2254; x_wconf 83' lang='lat' dir='ltr'>putet</span> <span class='ocrx_word' id='word_1_571' title='bbox 1075 2223 1120 2251; x_wconf 87' lang='lat' dir='ltr'>eo&#39;,</span> <span class='ocrx_word' id='word_1_572' title='bbox 1141 2228 1193 2254; x_wconf 88' lang='lat' dir='ltr'>quo</span> <span class='ocrx_word' id='word_1_573' title='bbox 1213 2219 1380 2252; x_wconf 80' lang='lat' dir='ltr'>intenderit,</span> <span class='ocrx_word' id='word_1_574' title='bbox 1396 2221 1548 2254; x_wconf 67' lang='lat' dir='ltr'>peri-entre</span> <span class='ocrx_word' id='word_1_575' title='bbox 1566 2228 1594 2246; x_wconf 88' lang='lat' dir='ltr'>se</span> <span class='ocrx_word' id='word_1_576' title='bbox 1609 2228 1704 2254; x_wconf 80' lang='lat' dir='ltr'>posse,</span> <span class='ocrx_word' id='word_1_577' title='bbox 1724 2228 1786 2246; x_wconf 84' lang='lat' dir='ltr'>cum</span> <span class='ocrx_word' id='word_1_578' title='bbox 1800 2220 1975 2254; x_wconf 78' lang='lat' dir='ltr'>praesertim</span> <span class='ocrx_word' id='word_1_579' title='bbox 1990 2218 2066 2245; x_wconf 79' lang='lat' dir='ltr'>alius</span> 
     </span>
     <span class='ocr_line' id='line_1_45' title="bbox 401 2264 2066 2299; baseline -0.001 -8"><span class='ocrx_word' id='word_1_580' title='bbox 401 2273 479 2291; x_wconf 82' lang='lat' dir='ltr'>nemo</span> <span class='ocrx_word' id='word_1_581' title='bbox 492 2266 584 2299; x_wconf 84' lang='lat' dir='ltr'>possit</span> <span class='ocrx_word' id='word_1_582' title='bbox 603 2264 717 2291; x_wconf 68' lang='lat' dir='ltr'>idomas</span> <span class='ocrx_word' id='word_1_583' title='bbox 735 2272 792 2289; x_wconf 77' lang='lat' dir='ltr'>esse</span> <span class='ocrx_word' id='word_1_584' title='bbox 809 2264 882 2295; x_wconf 65' lang='lat' dir='ltr'>(las,</span> <span class='ocrx_word' id='word_1_585' title='bbox 898 2264 947 2289; x_wconf 71' lang='lat' dir='ltr'>sed</span> <span class='ocrx_word' id='word_1_586' title='bbox 961 2264 1062 2297; x_wconf 85' lang='lat' dir='ltr'>reliqui</span> <span class='ocrx_word' id='word_1_587' title='bbox 1077 2264 1243 2290; x_wconf 74' lang='lat' dir='ltr'>deductores</span> <span class='ocrx_word' id='word_1_588' title='bbox 1261 2265 1390 2290; x_wconf 78' lang='lat' dir='ltr'>erraturi</span> <span class='ocrx_word' id='word_1_589' title='bbox 1403 2265 1456 2298; x_wconf 73' lang='lat' dir='ltr'>ipsi</span> <span class='ocrx_word' id='word_1_590' title='bbox 1466 2265 1563 2298; x_wconf 75' lang='lat' dir='ltr'>potius</span> <span class='ocrx_word' id='word_1_591' title='bbox 1581 2271 1641 2290; x_wconf 84' lang='lat' dir='ltr'>cum</span> <span class='ocrx_word' id='word_1_592' title='bbox 1660 2264 1807 2290; x_wconf 74' lang='lat' dir='ltr'>comitibus</span> <span class='ocrx_word' id='word_1_593' title='bbox 1824 2264 1882 2290; x_wconf 76' lang='lat' dir='ltr'>suis</span> <span class='ocrx_word' id='word_1_594' title='bbox 1894 2264 1965 2295; x_wconf 73' lang='lat' dir='ltr'>sint,</span> <span class='ocrx_word' id='word_1_595' title='bbox 1980 2270 2066 2297; x_wconf 82' lang='lat' dir='ltr'>quam</span> 
     </span>
     <span class='ocr_line' id='line_1_46' title="bbox 400 2306 2063 2342; baseline -0.001 -8"><span class='ocrx_word' id='word_1_596' title='bbox 400 2317 443 2335; x_wconf 72' lang='lat' dir='ltr'>eos</span> <span class='ocrx_word' id='word_1_597' title='bbox 461 2311 521 2335; x_wconf 82' lang='lat' dir='ltr'>tuto</span> <span class='ocrx_word' id='word_1_598' title='bbox 539 2311 567 2335; x_wconf 85' lang='lat' dir='ltr'>el</span> <span class='ocrx_word' id='word_1_599' title='bbox 583 2310 643 2334; x_wconf 84' lang='lat' dir='ltr'>sine</span> <span class='ocrx_word' id='word_1_600' title='bbox 661 2307 813 2341; x_wconf 57' lang='lat' dir='ltr'>offensione</span> <span class='ocrx_word' id='word_1_601' title='bbox 831 2308 992 2334; x_wconf 73' lang='lat' dir='ltr'>deducturi.</span> <span class='ocrx_word' id='word_1_602' title='bbox 1015 2308 1254 2341; x_wconf 78' lang='lat' dir='ltr'>Quemadmodum</span> <span class='ocrx_word' id='word_1_603' title='bbox 1275 2309 1364 2342; x_wconf 76' lang='lat' dir='ltr'>iqitur</span> <span class='ocrx_word' id='word_1_604' title='bbox 1383 2309 1430 2341; x_wconf 83' lang='lat' dir='ltr'>qui</span> <span class='ocrx_word' id='word_1_605' title='bbox 1448 2307 1531 2333; x_wconf 84' lang='lat' dir='ltr'>solem</span> <span class='ocrx_word' id='word_1_606' title='bbox 1552 2309 1662 2334; x_wconf 80' lang='lat' dir='ltr'>itineris</span> <span class='ocrx_word' id='word_1_607' title='bbox 1682 2309 1898 2334; x_wconf 81' lang='lat' dir='ltr'>monstratorem</span> <span class='ocrx_word' id='word_1_608' title='bbox 1914 2306 2063 2342; x_wconf 79' lang='lat' dir='ltr'>repudiat,</span> 
     </span>
     <span class='ocr_line' id='line_1_47' title="bbox 400 2350 2065 2386; baseline -0.001 -8"><span class='ocrx_word' id='word_1_609' title='bbox 400 2355 426 2378; x_wconf 90' lang='lat' dir='ltr'>et</span> <span class='ocrx_word' id='word_1_610' title='bbox 443 2352 500 2378; x_wconf 86' lang='lat' dir='ltr'>alio</span> <span class='ocrx_word' id='word_1_611' title='bbox 519 2353 622 2378; x_wconf 83' lang='lat' dir='ltr'>lumine</span> <span class='ocrx_word' id='word_1_612' title='bbox 640 2352 679 2378; x_wconf 73' lang='lat' dir='ltr'>acl</span> <span class='ocrx_word' id='word_1_613' title='bbox 697 2351 887 2385; x_wconf 73' lang='lat' dir='ltr'>qradienclum</span> <span class='ocrx_word' id='word_1_614' title='bbox 908 2353 1013 2383; x_wconf 83' lang='lat' dir='ltr'>utitur,</span> <span class='ocrx_word' id='word_1_615' title='bbox 1033 2353 1058 2377; x_wconf 79' lang='lat' dir='ltr'>si</span> <span class='ocrx_word' id='word_1_616' title='bbox 1077 2352 1108 2377; x_wconf 80' lang='lat' dir='ltr'>id</span> <span class='ocrx_word' id='word_1_617' title='bbox 1126 2351 1196 2377; x_wconf 79' lang='lat' dir='ltr'>(lata</span> <span class='ocrx_word' id='word_1_618' title='bbox 1213 2359 1300 2385; x_wconf 82' lang='lat' dir='ltr'>opera</span> <span class='ocrx_word' id='word_1_619' title='bbox 1319 2350 1482 2383; x_wconf 79' lang='lat' dir='ltr'>sicfaciat‚</span> <span class='ocrx_word' id='word_1_620' title='bbox 1503 2353 1631 2378; x_wconf 78' lang='lat' dir='ltr'>insaniat</span> <span class='ocrx_word' id='word_1_621' title='bbox 1644 2350 1787 2386; x_wconf 81' lang='lat' dir='ltr'>profecto,</span> <span class='ocrx_word' id='word_1_622' title='bbox 1807 2353 1835 2377; x_wconf 85' lang='lat' dir='ltr'>et</span> <span class='ocrx_word' id='word_1_623' title='bbox 1849 2358 1963 2377; x_wconf 78' lang='lat' dir='ltr'>caecum</span> <span class='ocrx_word' id='word_1_624' title='bbox 1980 2352 2065 2385; x_wconf 74' lang='lat' dir='ltr'>atqua</span> 
     </span>
     <span class='ocr_line' id='line_1_48' title="bbox 399 2395 2065 2429; baseline -0.001 -7"><span class='ocrx_word' id='word_1_625' title='bbox 399 2399 535 2423; x_wconf 79' lang='lat' dir='ltr'>amentem</span> <span class='ocrx_word' id='word_1_626' title='bbox 556 2396 685 2422; x_wconf 75' lang='lat' dir='ltr'>ostendat</span> <span class='ocrx_word' id='word_1_627' title='bbox 703 2404 731 2421; x_wconf 77' lang='lat' dir='ltr'>sc</span> <span class='ocrx_word' id='word_1_628' title='bbox 749 2395 953 2429; x_wconf 69' lang='lat' dir='ltr'>spectantibus,</span> <span class='ocrx_word' id='word_1_629' title='bbox 975 2397 1014 2421; x_wconf 72' lang='lat' dir='ltr'>sic</span> <span class='ocrx_word' id='word_1_630' title='bbox 1035 2395 1181 2421; x_wconf 75' lang='lat' dir='ltr'>Christum</span> <span class='ocrx_word' id='word_1_631' title='bbox 1199 2403 1251 2421; x_wconf 80' lang='lat' dir='ltr'>non</span> <span class='ocrx_word' id='word_1_632' title='bbox 1272 2403 1421 2429; x_wconf 80' lang='lat' dir='ltr'>aqnoscere</span> <span class='ocrx_word' id='word_1_633' title='bbox 1438 2397 1549 2422; x_wconf 79' lang='lat' dir='ltr'>unicum</span> <span class='ocrx_word' id='word_1_634' title='bbox 1569 2398 1641 2422; x_wconf 77' lang='lat' dir='ltr'>recti</span> <span class='ocrx_word' id='word_1_635' title='bbox 1661 2397 1770 2422; x_wconf 77' lang='lat' dir='ltr'>itineris</span> <span class='ocrx_word' id='word_1_636' title='bbox 1788 2396 1902 2428; x_wconf 68' lang='lat' dir='ltr'>(lucem,</span> <span class='ocrx_word' id='word_1_637' title='bbox 1921 2397 1973 2422; x_wconf 79' lang='lat' dir='ltr'>aut</span> <span class='ocrx_word' id='word_1_638' title='bbox 1989 2397 2065 2421; x_wconf 48' lang='lat' dir='ltr'>insa)-</span> 
     </span>
     <span class='ocr_line' id='line_1_49' title="bbox 398 2437 2064 2473; baseline 0 -8"><span class='ocrx_word' id='word_1_639' title='bbox 398 2442 463 2467; x_wconf 80' lang='lat' dir='ltr'>niae</span> <span class='ocrx_word' id='word_1_640' title='bbox 477 2442 519 2467; x_wconf 81' lang='lat' dir='ltr'>est</span> <span class='ocrx_word' id='word_1_641' title='bbox 533 2440 726 2471; x_wconf 73' lang='lat' dir='ltr'>miserandae,</span> <span class='ocrx_word' id='word_1_642' title='bbox 742 2441 793 2465; x_wconf 87' lang='lat' dir='ltr'>aut</span> <span class='ocrx_word' id='word_1_643' title='bbox 810 2440 964 2473; x_wconf 79' lang='lat' dir='ltr'>impietatis</span> <span class='ocrx_word' id='word_1_644' title='bbox 984 2448 1035 2464; x_wconf 82' lang='lat' dir='ltr'>non</span> <span class='ocrx_word' id='word_1_645' title='bbox 1047 2437 1196 2472; x_wconf 74' lang='lat' dir='ltr'>serendae.</span> <span class='ocrx_word' id='word_1_646' title='bbox 1218 2441 1260 2465; x_wconf 75' lang='lat' dir='ltr'>Ac</span> <span class='ocrx_word' id='word_1_647' title='bbox 1277 2439 1510 2473; x_wconf 73' lang='lat' dir='ltr'>quemadmodum</span> <span class='ocrx_word' id='word_1_648' title='bbox 1525 2439 1567 2465; x_wconf 86' lang='lat' dir='ltr'>sol</span> <span class='ocrx_word' id='word_1_649' title='bbox 1579 2439 1789 2466; x_wconf 78' lang='lat' dir='ltr'>ambulantibus</span> <span class='ocrx_word' id='word_1_650' title='bbox 1806 2447 1860 2465; x_wconf 83' lang='lat' dir='ltr'>mm</span> <span class='ocrx_word' id='word_1_651' title='bbox 1875 2439 1957 2466; x_wconf 88' lang='lat' dir='ltr'>modo</span> <span class='ocrx_word' id='word_1_652' title='bbox 1973 2439 2064 2466; x_wconf 82' lang='lat' dir='ltr'>lucem</span> 
     </span>
     <span class='ocr_line' id='line_1_50' title="bbox 399 2482 2064 2517; baseline 0 -8"><span class='ocrx_word' id='word_1_653' title='bbox 399 2485 489 2517; x_wconf 79' lang='lat' dir='ltr'>ipsam</span> <span class='ocrx_word' id='word_1_654' title='bbox 510 2485 651 2517; x_wconf 75' lang='lat' dir='ltr'>risumque</span> <span class='ocrx_word' id='word_1_655' title='bbox 671 2485 829 2515; x_wconf 76' lang='lat' dir='ltr'>ministrat,</span> <span class='ocrx_word' id='word_1_656' title='bbox 850 2483 899 2509; x_wconf 83' lang='lat' dir='ltr'>sed</span> <span class='ocrx_word' id='word_1_657' title='bbox 918 2484 1029 2517; x_wconf 69' lang='lat' dir='ltr'>veqetat</span> <span class='ocrx_word' id='word_1_658' title='bbox 1045 2483 1132 2508; x_wconf 81' lang='lat' dir='ltr'>etiam</span> <span class='ocrx_word' id='word_1_659' title='bbox 1153 2482 1245 2508; x_wconf 77' lang='lat' dir='ltr'>oculos</span> <span class='ocrx_word' id='word_1_660' title='bbox 1265 2490 1439 2516; x_wconf 75' lang='lat' dir='ltr'>corporaque</span> <span class='ocrx_word' id='word_1_661' title='bbox 1456 2484 1676 2517; x_wconf 81' lang='lat' dir='ltr'>ambulantium,</span> <span class='ocrx_word' id='word_1_662' title='bbox 1695 2485 1736 2509; x_wconf 77' lang='lat' dir='ltr'>sic</span> <span class='ocrx_word' id='word_1_663' title='bbox 1752 2491 1766 2509; x_wconf 88' lang='lat' dir='ltr'>e</span> <span class='ocrx_word' id='word_1_664' title='bbox 1783 2483 1897 2510; x_wconf 73' lang='lat' dir='ltr'>Christo</span> <span class='ocrx_word' id='word_1_665' title='bbox 1913 2482 1992 2509; x_wconf 79' lang='lat' dir='ltr'>nobis</span> <span class='ocrx_word' id='word_1_666' title='bbox 2009 2490 2064 2509; x_wconf 78' lang='lat' dir='ltr'>mm</span> 
     </span>
     <span class='ocr_line' id='line_1_51' title="bbox 397 2527 2069 2562; baseline 0.001 -10"><span class='ocrx_word' id='word_1_667' title='bbox 397 2528 483 2553; x_wconf 81' lang='lat' dir='ltr'>solum</span> <span class='ocrx_word' id='word_1_668' title='bbox 506 2529 580 2555; x_wconf 72' lang='lat' dir='ltr'>ritae</span> <span class='ocrx_word' id='word_1_669' title='bbox 598 2527 756 2561; x_wconf 60' lang='lat' dir='ltr'>exemplum</span> <span class='ocrx_word' id='word_1_670' title='bbox 774 2527 912 2553; x_wconf 64' lang='lat' dir='ltr'>(livinitus</span> <span class='ocrx_word' id='word_1_671' title='bbox 931 2527 1072 2562; x_wconf 76' lang='lat' dir='ltr'>aqeudae,</span> <span class='ocrx_word' id='word_1_672' title='bbox 1092 2527 1141 2553; x_wconf 76' lang='lat' dir='ltr'>sed</span> <span class='ocrx_word' id='word_1_673' title='bbox 1159 2528 1198 2552; x_wconf 74' lang='lat' dir='ltr'>cis</span> <span class='ocrx_word' id='word_1_674' title='bbox 1214 2528 1299 2552; x_wconf 82' lang='lat' dir='ltr'>etiam</span> <span class='ocrx_word' id='word_1_675' title='bbox 1321 2529 1347 2553; x_wconf 87' lang='lat' dir='ltr'>et</span> <span class='ocrx_word' id='word_1_676' title='bbox 1366 2529 1503 2561; x_wconf 77' lang='lat' dir='ltr'>veqetutio</span> <span class='ocrx_word' id='word_1_677' title='bbox 1522 2528 1562 2554; x_wconf 79' lang='lat' dir='ltr'>ad</span> <span class='ocrx_word' id='word_1_678' title='bbox 1579 2536 1641 2554; x_wconf 77' lang='lat' dir='ltr'>eam</span> <span class='ocrx_word' id='word_1_679' title='bbox 1660 2528 1801 2562; x_wconf 75' lang='lat' dir='ltr'>aqcmlam</span> <span class='ocrx_word' id='word_1_680' title='bbox 1816 2527 1923 2562; x_wconf 79' lang='lat' dir='ltr'>influit,</span> <span class='ocrx_word' id='word_1_681' title='bbox 1942 2528 1975 2553; x_wconf 79' lang='lat' dir='ltr'>ut</span> <span class='ocrx_word' id='word_1_682' title='bbox 1988 2527 2069 2562; x_wconf 60' lang='lat' dir='ltr'>quod&lt;</span> 
     </span>
     <span class='ocr_line' id='line_1_52' title="bbox 400 2570 2062 2605; baseline 0.001 -9"><span class='ocrx_word' id='word_1_683' title='bbox 400 2572 426 2596; x_wconf 82' lang='lat' dir='ltr'>in</span> <span class='ocrx_word' id='word_1_684' title='bbox 444 2571 600 2605; x_wconf 80' lang='lat' dir='ltr'>nobisipsis</span> <span class='ocrx_word' id='word_1_685' title='bbox 618 2571 691 2597; x_wconf 73' lang='lat' dir='ltr'>nihil</span> <span class='ocrx_word' id='word_1_686' title='bbox 709 2573 761 2597; x_wconf 83' lang='lat' dir='ltr'>aut</span> <span class='ocrx_word' id='word_1_687' title='bbox 776 2573 851 2597; x_wconf 78' lang='lat' dir='ltr'>certe</span> <span class='ocrx_word' id='word_1_688' title='bbox 866 2572 1011 2597; x_wconf 81' lang='lat' dir='ltr'>minimum</span> <span class='ocrx_word' id='word_1_689' title='bbox 1029 2578 1192 2605; x_wconf 75' lang='lat' dir='ltr'>possumus,</span> <span class='ocrx_word' id='word_1_690' title='bbox 1208 2572 1237 2595; x_wconf 79' lang='lat' dir='ltr'>in</span> <span class='ocrx_word' id='word_1_691' title='bbox 1255 2570 1370 2597; x_wconf 73' lang='lat' dir='ltr'>christo</span> <span class='ocrx_word' id='word_1_692' title='bbox 1384 2571 1496 2597; x_wconf 76' lang='lat' dir='ltr'>domino</span> <span class='ocrx_word' id='word_1_693' title='bbox 1514 2574 1609 2598; x_wconf 83' lang='lat' dir='ltr'>omnia</span> <span class='ocrx_word' id='word_1_694' title='bbox 1624 2574 1653 2598; x_wconf 84' lang='lat' dir='ltr'>et</span> <span class='ocrx_word' id='word_1_695' title='bbox 1668 2571 1841 2605; x_wconf 78' lang='lat' dir='ltr'>confidamus</span> <span class='ocrx_word' id='word_1_696' title='bbox 1860 2573 1887 2597; x_wconf 76' lang='lat' dir='ltr'>et</span> <span class='ocrx_word' id='word_1_697' title='bbox 1901 2570 2062 2604; x_wconf 80' lang='lat' dir='ltr'>valeamus;</span> 
     </span>
     <span class='ocr_line' id='line_1_53' title="bbox 399 2614 2061 2649; baseline 0.001 -10"><span class='ocrx_word' id='word_1_698' title='bbox 399 2616 474 2639; x_wconf 79' lang='lat' dir='ltr'>cuius</span> <span class='ocrx_word' id='word_1_699' title='bbox 493 2616 590 2648; x_wconf 77' lang='lat' dir='ltr'>qratia</span> <span class='ocrx_word' id='word_1_700' title='bbox 605 2617 632 2640; x_wconf 80' lang='lat' dir='ltr'>et</span> <span class='ocrx_word' id='word_1_701' title='bbox 648 2615 860 2646; x_wconf 77' lang='lat' dir='ltr'>misericordia,</span> <span class='ocrx_word' id='word_1_702' title='bbox 883 2616 913 2640; x_wconf 82' lang='lat' dir='ltr'>ut</span> <span class='ocrx_word' id='word_1_703' title='bbox 926 2622 987 2640; x_wconf 83' lang='lat' dir='ltr'>eum</span> <span class='ocrx_word' id='word_1_704' title='bbox 1004 2614 1082 2642; x_wconf 77' lang='lat' dir='ltr'>nobis</span> <span class='ocrx_word' id='word_1_705' title='bbox 1101 2614 1274 2641; x_wconf 75' lang='lat' dir='ltr'>concedatur</span> <span class='ocrx_word' id='word_1_706' title='bbox 1293 2615 1346 2639; x_wconf 80' lang='lat' dir='ltr'>rite</span> <span class='ocrx_word' id='word_1_707' title='bbox 1360 2616 1451 2648; x_wconf 66' lang='lat' dir='ltr'>sequi,</span> <span class='ocrx_word' id='word_1_708' title='bbox 1468 2617 1559 2649; x_wconf 80' lang='lat' dir='ltr'>ipsum.</span> <span class='ocrx_word' id='word_1_709' title='bbox 1576 2616 1692 2642; x_wconf 76' lang='lat' dir='ltr'>eundem</span> <span class='ocrx_word' id='word_1_710' title='bbox 1710 2615 1854 2642; x_wconf 82' lang='lat' dir='ltr'>dominum</span> <span class='ocrx_word' id='word_1_711' title='bbox 1869 2617 1959 2642; x_wconf 77' lang='lat' dir='ltr'>lesum</span> <span class='ocrx_word' id='word_1_712' title='bbox 1974 2614 2061 2642; x_wconf 78' lang='lat' dir='ltr'>Chri-</span> 
     </span>
     <span class='ocr_line' id='line_1_54' title="bbox 397 2657 2061 2694; baseline 0.002 -13"><span class='ocrx_word' id='word_1_713' title='bbox 397 2659 467 2683; x_wconf 81' lang='lat' dir='ltr'>stum</span> <span class='ocrx_word' id='word_1_714' title='bbox 487 2657 625 2692; x_wconf 81' lang='lat' dir='ltr'>supplices</span> <span class='ocrx_word' id='word_1_715' title='bbox 643 2658 839 2693; x_wconf 69' lang='lat' dir='ltr'>deprecamur.</span> <span class='ocrx_word' id='word_1_716' title='bbox 861 2660 901 2685; x_wconf 85' lang='lat' dir='ltr'>De</span> <span class='ocrx_word' id='word_1_717' title='bbox 920 2662 1029 2693; x_wconf 85' lang='lat' dir='ltr'>peccato</span> <span class='ocrx_word' id='word_1_718' title='bbox 1046 2658 1187 2690; x_wconf 63' lang='lat' dir='ltr'>originali,</span> <span class='ocrx_word' id='word_1_719' title='bbox 1208 2657 1279 2692; x_wconf 86' lang='lat' dir='ltr'>quod</span> <span class='ocrx_word' id='word_1_720' title='bbox 1297 2662 1337 2684; x_wconf 84' lang='lat' dir='ltr'>est</span> <span class='ocrx_word' id='word_1_721' title='bbox 1354 2657 1451 2692; x_wconf 80' lang='lat' dir='ltr'>dogma</span> <span class='ocrx_word' id='word_1_722' title='bbox 1469 2659 1629 2686; x_wconf 81' lang='lat' dir='ltr'>auctoritate</span> <span class='ocrx_word' id='word_1_723' title='bbox 1643 2658 1752 2694; x_wconf 89' lang='lat' dir='ltr'>quidem</span> <span class='ocrx_word' id='word_1_724' title='bbox 1773 2663 1892 2691; x_wconf 86' lang='lat' dir='ltr'>certum,</span> <span class='ocrx_word' id='word_1_725' title='bbox 1913 2657 1960 2685; x_wconf 87' lang='lat' dir='ltr'>sed</span> <span class='ocrx_word' id='word_1_726' title='bbox 1978 2658 2061 2693; x_wconf 84' lang='lat' dir='ltr'>expli-</span> 
     </span>
     <span class='ocr_line' id='line_1_55' title="bbox 398 2700 2061 2738; baseline 0.002 -12"><span class='ocrx_word' id='word_1_727' title='bbox 398 2705 457 2727; x_wconf 83' lang='lat' dir='ltr'>catu</span> <span class='ocrx_word' id='word_1_728' title='bbox 478 2700 601 2733; x_wconf 83' lang='lat' dir='ltr'>difficile,</span> <span class='ocrx_word' id='word_1_729' title='bbox 617 2706 670 2729; x_wconf 85' lang='lat' dir='ltr'>tres</span> <span class='ocrx_word' id='word_1_730' title='bbox 687 2703 806 2737; x_wconf 77' lang='lat' dir='ltr'>integros</span> <span class='ocrx_word' id='word_1_731' title='bbox 820 2703 927 2737; x_wconf 74' lang='lat' dir='ltr'>scripsit</span> <span class='ocrx_word' id='word_1_732' title='bbox 945 2702 1028 2729; x_wconf 88' lang='lat' dir='ltr'>libros</span> <span class='ocrx_word' id='word_1_733' title='bbox 1046 2702 1207 2729; x_wconf 81' lang='lat' dir='ltr'>venerabilis</span> <span class='ocrx_word' id='word_1_734' title='bbox 1222 2701 1404 2729; x_wconf 86' lang='lat' dir='ltr'>Bellarmiuus</span> <span class='ocrx_word' id='word_1_735' title='bbox 1420 2703 1447 2729; x_wconf 91' lang='lat' dir='ltr'>in</span> <span class='ocrx_word' id='word_1_736' title='bbox 1464 2703 1667 2734; x_wconf 77' lang='lat' dir='ltr'>controversiis,</span> <span class='ocrx_word' id='word_1_737' title='bbox 1682 2703 1715 2730; x_wconf 89' lang='lat' dir='ltr'>ad</span> <span class='ocrx_word' id='word_1_738' title='bbox 1734 2711 1815 2738; x_wconf 87' lang='lat' dir='ltr'>quem</span> <span class='ocrx_word' id='word_1_739' title='bbox 1832 2703 1949 2730; x_wconf 83' lang='lat' dir='ltr'>libenter</span> <span class='ocrx_word' id='word_1_740' title='bbox 1964 2702 2061 2737; x_wconf 85' lang='lat' dir='ltr'>ablego</span> 
     </span>
     <span class='ocr_line' id='line_1_56' title="bbox 398 2744 2059 2781; baseline 0.002 -11"><span class='ocrx_word' id='word_1_741' title='bbox 398 2744 522 2775; x_wconf 73' lang='lat' dir='ltr'>lectores,</span> <span class='ocrx_word' id='word_1_742' title='bbox 539 2745 693 2779; x_wconf 82' lang='lat' dir='ltr'>praesertim</span> <span class='ocrx_word' id='word_1_743' title='bbox 712 2747 829 2772; x_wconf 86' lang='lat' dir='ltr'>monitos</span> <span class='ocrx_word' id='word_1_744' title='bbox 846 2754 860 2772; x_wconf 91' lang='lat' dir='ltr'>a</span> <span class='ocrx_word' id='word_1_745' title='bbox 878 2746 940 2772; x_wconf 72' lang='lat' dir='ltr'>divo</span> <span class='ocrx_word' id='word_1_746' title='bbox 957 2746 1057 2781; x_wconf 81' lang='lat' dir='ltr'>Cyrillo</span> <span class='ocrx_word' id='word_1_747' title='bbox 1072 2745 1143 2780; x_wconf 87' lang='lat' dir='ltr'>apud</span> <span class='ocrx_word' id='word_1_748' title='bbox 1161 2753 1210 2772; x_wconf 90' lang='lat' dir='ltr'>nos</span> <span class='ocrx_word' id='word_1_749' title='bbox 1228 2754 1271 2780; x_wconf 72' lang='lat' dir='ltr'>pp,</span> <span class='ocrx_word' id='word_1_750' title='bbox 1287 2745 1333 2772; x_wconf 79' lang='lat' dir='ltr'>lat.</span> <span class='ocrx_word' id='word_1_751' title='bbox 1349 2748 1392 2772; x_wconf 85' lang='grc'>28.</span> <span class='ocrx_word' id='word_1_752' title='bbox 1410 2749 1451 2772; x_wconf 78' lang='grc'>34.</span> <span class='ocrx_word' id='word_1_753' title='bbox 1467 2750 1508 2773; x_wconf 86' lang='grc'>36.</span> <span class='ocrx_word' id='word_1_754' title='bbox 1529 2750 1586 2773; x_wconf 83' lang='grc'>113.</span> <span class='ocrx_word' id='word_1_755' title='bbox 1604 2750 1663 2773; x_wconf 79' lang='grc' dir='ltr'>Ῐ25.</span> <span class='ocrx_word' id='word_1_756' title='bbox 1681 2750 1738 2774; x_wconf 85' lang='grc'>139.</span> <span class='ocrx_word' id='word_1_757' title='bbox 1756 2746 1789 2773; x_wconf 91' lang='lat' dir='ltr'>de</span> <span class='ocrx_word' id='word_1_758' title='bbox 1806 2746 1869 2774; x_wconf 88' lang='lat' dir='ltr'>fidei</span> <span class='ocrx_word' id='word_1_759' title='bbox 1886 2746 2059 2778; x_wconf 82' lang='lat' dir='ltr'>necessitate,</span> 
     </span>
     <span class='ocr_line' id='line_1_57' title="bbox 397 2788 2059 2826; baseline 0.003 -14"><span class='ocrx_word' id='word_1_760' title='bbox 397 2788 531 2813; x_wconf 83' lang='lat' dir='ltr'>humanae.</span> <span class='ocrx_word' id='word_1_761' title='bbox 548 2788 694 2822; x_wconf 82' lang='lat' dir='ltr'>sapientiae</span> <span class='ocrx_word' id='word_1_762' title='bbox 710 2789 832 2820; x_wconf 80' lang='lat' dir='ltr'>fallacia,</span> <span class='ocrx_word' id='word_1_763' title='bbox 847 2793 873 2816; x_wconf 88' lang='lat' dir='ltr'>et</span> <span class='ocrx_word' id='word_1_764' title='bbox 888 2789 960 2824; x_wconf 88' lang='lat' dir='ltr'>quod</span> <span class='ocrx_word' id='word_1_765' title='bbox 977 2791 1033 2815; x_wconf 87' lang='lat' dir='ltr'>Deo</span> <span class='ocrx_word' id='word_1_766' title='bbox 1048 2790 1107 2816; x_wconf 87' lang='lat' dir='ltr'>sine</span> <span class='ocrx_word' id='word_1_767' title='bbox 1122 2789 1178 2816; x_wconf 91' lang='lat' dir='ltr'>ulla</span> <span class='ocrx_word' id='word_1_768' title='bbox 1194 2788 1364 2816; x_wconf 78' lang='lat' dir='ltr'>cavillatione</span> <span class='ocrx_word' id='word_1_769' title='bbox 1381 2789 1546 2817; x_wconf 82' lang='lat' dir='ltr'>credendum</span> <span class='ocrx_word' id='word_1_770' title='bbox 1562 2791 1605 2817; x_wconf 84' lang='lat' dir='ltr'>sit.</span> <span class='ocrx_word' id='word_1_771' title='bbox 1622 2791 1745 2826; x_wconf 82' lang='lat' dir='ltr'>Denique</span> <span class='ocrx_word' id='word_1_772' title='bbox 1760 2789 1793 2818; x_wconf 86' lang='lat' dir='ltr'>de</span> <span class='ocrx_word' id='word_1_773' title='bbox 1806 2789 2059 2826; x_wconf 81' lang='lat' dir='ltr'>peecato&#39;originali</span> 
     </span>
     <span class='ocr_line' id='line_1_58' title="bbox 397 2831 1631 2868; baseline 0.002 -11"><span class='ocrx_word' id='word_1_774' title='bbox 397 2831 447 2858; x_wconf 88' lang='lat' dir='ltr'>loci</span> <span class='ocrx_word' id='word_1_775' title='bbox 467 2835 531 2857; x_wconf 86' lang='lat' dir='ltr'>sunt</span> <span class='ocrx_word' id='word_1_776' title='bbox 549 2831 642 2865; x_wconf 76' lang='lat' dir='ltr'>Cyritli</span> <span class='ocrx_word' id='word_1_777' title='bbox 661 2833 724 2859; x_wconf 85' lang='lat' dir='ltr'>item</span> <span class='ocrx_word' id='word_1_778' title='bbox 745 2832 817 2867; x_wconf 86' lang='lat' dir='ltr'>apud</span> <span class='ocrx_word' id='word_1_779' title='bbox 838 2841 901 2865; x_wconf 78' lang='lat' dir='ltr'>nos,</span> <span class='ocrx_word' id='word_1_780' title='bbox 925 2837 1029 2867; x_wconf 76' lang='lat' dir='ltr'>praeter</span> <span class='ocrx_word' id='word_1_781' title='bbox 1049 2833 1138 2866; x_wconf 87' lang='lat' dir='ltr'>hunc,</span> <span class='ocrx_word' id='word_1_782' title='bbox 1159 2841 1183 2868; x_wconf 91' lang='lat' dir='ltr'>p.</span> <span class='ocrx_word' id='word_1_783' title='bbox 1206 2833 1251 2859; x_wconf 88' lang='lat' dir='ltr'>lat.</span> <span class='ocrx_word' id='word_1_784' title='bbox 1272 2836 1297 2859; x_wconf 86' lang='grc'>6.</span> <span class='ocrx_word' id='word_1_785' title='bbox 1318 2837 1342 2859; x_wconf 63' lang='lat'>7⁴</span> <span class='ocrx_word' id='word_1_786' title='bbox 1364 2836 1388 2859; x_wconf 87' lang='grc'>8.</span> <span class='ocrx_word' id='word_1_787' title='bbox 1412 2837 1470 2860; x_wconf 78' lang='lat'>140.</span> <span class='ocrx_word' id='word_1_788' title='bbox 1491 2837 1551 2860; x_wconf 82' lang='grc'>201.</span> <span class='ocrx_word' id='word_1_789' title='bbox 1571 2837 1631 2860; x_wconf 69' lang='grc'>224.</span> 
     </span>
    </p>
   </div>
  </div>
 </body>
</html>
