2205 3177
541 193 573 215 IN
600 192 781 214 EPISTOLAM
808 192 832 213 1.
861 190 903 212 An
929 187 1121 211 CORINTHIOS
1148 187 1220 209 CAP.
1250 187 1287 209 11.
1317 186 1356 208 ET
1382 186 1431 208 111.
1787 173 1832 206 59

146 258 343 304 magisterio
367 256 452 289 olim
472 255 514 289 ad
534 256 593 289 Dei
618 256 775 289 notitiam
800 252 949 289 admoti,
971 252 1075 284 vitam
1096 250 1358 295 quodammodo
1377 255 1474 283 erant
1493 248 1628 294 adepti,
1652 248 1696 281 ita
1717 254 1831 281 tamen

145 317 171 349 si
198 314 376 348 crederent
398 314 659 358 reciperentque
684 311 829 345 odorem
850 309 990 342 notitiae
1010 309 1116 353 patris
1135 307 1178 340 (le
1198 309 1265 341 vita
1284 308 1319 340 iu
1339 307 1456 340 vitam.
1486 307 1542 339 Ait
1561 306 1654 339 enim
1677 305 1829 350 quodam

145 373 223 406 loco
241 371 394 405 Christus
421 370 463 404 ad
491 370 671 404 caelestem
698 373 833 414 patrem
857 367 968 399 Deum
989 365 1017 397 ':
1040 365 1123 398 hacc
1150 371 1199 398 est
1219 371 1333 398 autem
1361 364 1429 397 vita
1457 369 1613 401 aeterna,
1635 369 1671 396 ut
1700 374 1831 407 cogno-

145 435 237 464 scant
265 435 297 461 te
325 427 438 461 solum
458 439 579 461 verum
600 428 730 462 Deum,
752 431 783 457 et
808 434 912 467 quem
939 422 1058 455 misisti
1088 422 1197 454 Iesum
1217 422 1403 454 Christum.
1433 421 1515 460 Quis
1540 426 1654 454 autem
1680 420 1759 453 huic
1785 421 1833 454 rei

144 488 185 520 sit
214 486 379 520 idoneus?
407 487 525 521 Recte,
551 484 584 517 id
615 483 756 516 dicitur:
784 492 903 526 reapse
929 481 1022 513 enim
1048 478 1139 512 haud
1170 478 1266 511 sat-ile
1293 479 1485 514 inxcnitnr.
1508 479 1560 511 cui
1589 478 1730 511 facultas
1756 479 1833 511 insit

146 549 253 580 recte,
275 549 305 576 et
336 542 464 586 absque
483 552 619 579 errore,
642 539 763 573 Christi
789 537 993 582 mysterium
1014 535 1240 581 explanandi,
1264 534 1457 568 cuiusmodi
1477 535 1661 568 extiterunt
1689 534 1758 568 divi
1783 534 1834 567 di-

145 600 285 647 scipuli,
307 612 385 633 cum
406 600 504 633 aliter
523 597 741 632 sentientium
765 594 1017 629 contumaciam
1041 592 1280 638 corrigebant,
1303 603 1453 636 quorum
1473 598 1521 624 est
1546 592 1771 637 praecipuum
1796 602 1834 625 ac

144 670 317 692 summum
343 658 494 691 studium
520 654 616 689 verbi
644 655 704 688 Dei
731 653 836 687 veluti
865 652 1091 687 adulteratio,
1114 657 1145 684 et
1174 649 1355 683 mendacio
1375 660 1413 682 ac
1434 649 1554 682 fraude
1574 648 1654 682 fidei
1673 650 1835 694 magiste-

144 716 233 749 rium
260 727 395 760 semper
414 714 566 748 inficere.
596 712 697 745 Secus
716 722 802 744 vero
821 710 891 743 stix-i
911 709 1090 746 doctores,
1113 708 1170 753 qui
1198 708 1231 741 in
1258 707 1387 753 Spiritu
1413 705 1624 750 loquuntur,
1647 707 1777 740 sincere
1797 718 1834 740 ac

143 774 249 808 veluti
275 774 309 806 in
336 777 521 817 conspectu
549 770 609 803 Dei
637 769 752 803 omnia
778 768 904 802 faciunt
932 773 964 800 et
990 766 1123 800 dicunt.

514 835 582 858 Xon
599 836 633 857 in
651 834 771 857 tabulis
788 834 938 861 lapi-teis,
954 833 1005 855 sed
1023 833 1057 854 in
1074 832 1198 854 carneis
1214 831 1316 853 cordis
1333 830 1462 852 tabulis.

241 888 447 933 Prophetico
465 897 604 931 quoque
630 885 828 918 testimonio
853 883 1034 917 confirmat
1054 881 1185 915 dictum
1209 893 1310 915 suum
1333 894 1348 911 «
1371 891 1441 913 non
1461 880 1495 912 in
1521 878 1648 913 tabulis
1667 878 1830 925 lapideis,

144 947 203 982 sed
223 948 256 980 in
276 946 407 979 carneis
426 944 541 979 cordis
560 943 698 977 tabulis.
722 957 737 974 »
755 943 812 976 Ait
831 942 922 975 enim
935 967 942 978 ,
965 941 1074 985 inquit
1087 966 1095 977 ,
1117 938 1242 973 alicubi
1263 940 1353 972 Deus
1373 930 1438 983 per
1455 937 1646 983 prophetae
1663 949 1784 971 x‘ocem
1802 938 1831 970 'z

146 1019 161 1036 «
183 1015 260 1038 ecce
281 1003 355 1036 dies
374 1003 535 1039 veniunt,
558 1002 603 1034 ait
621 1001 807 1039 Dominus,
829 1006 863 1033 ct
882 1005 1028 1032 statuam
1048 1009 1127 1031 eum
1146 997 1252 1030 domo
1272 996 1432 1029 Israhelis
1454 996 1629 1040 domoque
1649 994 1753 1028 Iudae
1772 1006 1837 1028 no-

142 1074 223 1096 vum
245 1060 385 1097 foedus,
409 1059 501 1093 haud
528 1071 589 1105 par
616 1058 747 1092 foederi
773 1056 869 1103 quod
897 1068 975 1090 cum
1003 1055 1159 1101 patribus
1186 1055 1341 1100 ipsorum
1367 1054 1483 1099 pepigi
1508 1064 1574 1098 qua
1601 1052 1656 1087 die
1679 1064 1743 1098 ego
1762 1064 1836 1087 ma·-

141 1130 226 1153 num
253 1129 374 1151 eorum
394 1116 609 1162 adprehendi
630 1123 665 1149 ut
686 1115 869 1149 educerem
895 1113 939 1147 de
964 1114 1104 1158 regione
1123 1112 1288 1157 Aegypti:
1311 1112 1369 1156 qui
1398 1117 1511 1144 tamen
1539 1111 1571 1143 in
1598 1109 1736 1144 foedere
1755 1122 1834 1144 meo

143 1188 212 1209 non
232 1176 473 1221 perstiterunt,
496 1173 644 1219 ideoque
664 1184 723 1206 eos
743 1172 895 1217 neglexi,
917 1172 1000 1204 dicit
1019 1171 1199 1203 Dominus.
1229 1168 1375 1202 Tradam
1395 1180 1479 1213 ergo
1499 1168 1590 1214 leges
1609 1179 1702 1201 meas
1728 1169 1834 1202 menti

142 1244 282 1271 eorum,
300 1239 333 1266 ct
354 1233 388 1265 in
407 1230 572 1266 cordibus
591 1232 748 1276 ipsorum
768 1230 929 1264 scribam.
952 1220 1159 1262 Huiusmodi
1180 1228 1271 1261 enim
1291 1226 1415 1260 foedus
1434 1227 1515 1263 erit.
1534 1226 1629 1271 quod
1649 1237 1727 1259 cum
1747 1227 1836 1260 Isra-

143 1291 232 1325 helis
251 1291 359 1324 domo
385 1296 532 1323 statuam
553 1295 629 1334 post
649 1288 722 1322 (lies
750 1288 847 1325 illos,
869 1287 950 1320 dicit
976 1286 1158 1319 Dominus.
1184 1300 1199 1315 n
1222 1285 1313 1318 Olim
1341 1284 1483 1329 quidem
1509 1284 1609 1317 divus
1632 1284 1767 1328 Moyses
1788 1284 1837 1317 le-

142 1360 219 1394 gem
247 1349 375 1393 accepit
402 1348 491 1380 vitae
517 1347 615 1391 quasi
642 1345 785 1391 puerilis
811 1346 1010 1389 magistram
1032 1345 1065 1376 in
1090 1343 1235 1388 lapideis
1263 1341 1406 1379 tabulis,
1429 1348 1463 1374 ut
1486 1342 1528 1374 ait
1549 1342 1731 1386 scriptura.
1761 1341 1835 1381 Qua

140 1406 280 1452 quidem
310 1418 346 1438 re
373 1403 600 1449 significatam
620 1415 683 1436 nos
703 1403 849 1436 dicimus
869 1401 1085 1435 iudaicorum
1110 1400 1270 1434 cordium
1289 1399 1465 1433 duritiam.
1494 1401 1605 1444 Aegre.
1629 1399 1755 1433 scilicet
1781 1410 1837 1432 re-

141 1469 274 1509 ceptam
295 1462 397 1495 suisse
417 1472 540 1494 eorum
567 1461 601 1493 in
622 1458 795 1493 mentibus
815 1459 926 1504 legem
947 1464 1089 1504 apparet
1103 1484 1110 1495 ,
1133 1464 1164 1491 et
1187 1464 1362 1502 tamquam
1383 1458 1416 1490 in
1437 1456 1611 1502 lapidibus
1630 1456 1727 1491 brevi
1747 1463 1834 1491 tem-

140 1530 226 1566 pore
244 1524 277 1552 et
297 1519 352 1551 xix
371 1528 586 1555 mansuram,
606 1528 748 1563 prorsus
765 1522 879 1549 tamen
898 1514 1093 1549 instabilem
1112 1521 1143 1548 et
1163 1514 1324 1548 facillime
1342 1513 1581 1548 abiiciendam.
1599 1513 1834 1554 Quamobrem

139 1578 185 1612 ait
203 1578 370 1611 Dominus
391 1577 422 1610 ἐ
448 1590 463 1607 «
487 1575 638 1622 populus
664 1575 720 1608 hic
742 1586 803 1609 ore
827 1574 970 1620 quidem
997 1573 1081 1606 mihi
1109 1574 1337 1619 propinquat,
1360 1572 1528 1618 labiisque
1552 1574 1621 1606 suis
1646 1585 1702 1607 me
1722 1573 1834 1608 hono—

138 1641 208 1673 rat,
230 1646 291 1668 cor
317 1640 430 1668 autem
457 1645 579 1668 eorum
606 1633 709 1678 longe
736 1638 786 1666 est
814 1643 831 1666 a
857 1643 932 1665 me:
956 1631 1083 1665 frustra
1110 1643 1165 1664 me
1192 1630 1328 1669 colunt,
1353 1630 1529 1664 tradentes
1555 1630 1733 1664 doctrinae
1757 1630 1835 1664 loco

139 1692 298 1726 mandata
320 1692 515 1725 bominum.
541 1705 555 1722 »
578 1690 746 1724 Dominus
766 1695 882 1723 autem
902 1695 1019 1722 noster
1044 1689 1136 1722 Iesus
1156 1688 1310 1721 Christus
1329 1689 1365 1721 in
1385 1688 1515 1721 carneis
1534 1687 1569 1720 id
1595 1694 1645 1721 est
1663 1686 1835 1721 sensibili-

140 1748 204 1783 bus
223 1749 338 1782 cordis
358 1747 502 1785 tabulis,
525 1759 636 1781 sacras
655 1746 757 1780 nobis
783 1746 985 1791 dixinasque
1006 1746 1098 1791 leges
1116 1746 1273 1779 inseruit.
1303 1745 1401 1780 Unde
1427 1746 1528 1778 etiam
1550 1745 1733 1779 Ezechielis
1751 1756 1835 1791 pro-

141 1807 262 1852 phetae
282 1818 366 1840 voce
386 1805 496 1840 aiebat
519 1806 548 1839 ‘z
574 1819 589 1836 «
612 1812 645 1839 et
664 1805 843 1838 extraham
867 1804 1044 1850 lapideum
1064 1816 1126 1837 cor
1149 1815 1272 1837 eorum
1291 1804 1335 1838 de
1359 1815 1461 1837 carne
1480 1803 1702 1841 eorumdem,
1724 1803 1834 1837 ‹labo-

139 1876 207 1910 que
231 1865 279 1898 eis
306 1876 366 1898 cor
385 1875 566 1901 carneum,
589 1869 627 1896 ut
652 1863 687 1896 in
714 1863 906 1908 praeceptis
933 1864 1017 1896 meis
1042 1861 1232 1895 ambulent.
1260 1876 1274 1892 n
1298 1862 1330 1894 Si
1349 1862 1427 1906 quis
1447 1862 1561 1906 itaque
1583 1862 1739 1895 mosaicis
1765 1873 1834 1895 non

140 1924 298 1957 innititur
323 1921 475 1958 umbris.
499 1934 609 1967 neque
636 1928 829 1955 atramento
856 1923 1020 1967 scriptam
1047 1922 1132 1966 gerit
1161 1921 1273 1966 legem
1301 1927 1476 1966 tamquam
1506 1920 1649 1965 lapideis
1674 1921 1709 1953 in
1735 1919 1836 1954 tabu-

139 1981 181 2015 lis
202 1981 268 2026 (l)
291 1981 349 2014 sed
376 1981 410 2014 in
437 1986 551 2013 mente
577 1980 692 2025 potius
712 1990 730 2012 a
750 1979 879 2024 Spiritu
898 1980 1099 2025 impressam
1113 2005 1121 2017 ,
1144 1978 1198 2012 hic
1222 1978 1330 2012 veluti
1355 1978 1527 2024 quaedam
1546 1978 1669 2011 Christi
1689 1978 1833 2024 epistola

140 2050 158 2072 a
182 2039 312 2072 cunctis
339 2037 538 2072 hominibus
566 2037 775 2082 agnoscitur.

454 2103 619 2125 Fiduciam
636 2104 740 2125 autem
760 2102 856 2125 talem
872 2102 1022 2125 hahemus
1038 2109 1095 2129 per
1111 2101 1274 2124 clu-istum
1290 2102 1330 2124 ad
1348 2101 1449 2124 neum
1465 2102 1523 2124 etc.

237 2154 358 2188 Omnia
379 2153 492 2199 dignis
518 2152 609 2186 bona
630 2160 708 2186 suut
734 2154 769 2186 in
796 2152 950 2187 Christo:
972 2152 1155 2186 desursum
1181 2154 1274 2187 enim
1297 2159 1348 2187 est
1374 2159 1475 2198 atque
1496 2165 1513 2186 a
1540 2158 1637 2198 patre
1664 2152 1832 2185 luminum

141 2222 244 2245 omne
270 2211 401 2244 donum
428 2210 632 2256 perfectum.
662 2212 725 2243 Per
751 2210 925 2244 Christum
947 2211 1063 2256 itaque
1085 2217 1187 2256 atque
1212 2211 1248 2243 in
1275 2211 1350 2256 ipso
1372 2211 1488 2244 omnia
1516 2216 1613 2246 sunt,
1636 2210 1694 2254 qui
1722 2210 1833 2242 incar-

142 2269 279 2302 natione
306 2280 366 2302 sua
390 2269 479 2302 inter
504 2280 568 2302 nos
595 2269 775 2313 Deumque
800 2268 971 2302 mediator
997 2275 1065 2306 est;
1093 2269 1137 2301 ita
1166 2275 1280 2302 tamen
1304 2274 1342 2301 ut
1367 2268 1482 2301 omnia
1509 2274 1673 2313 operetur
1695 2278 1734 2300 ex
1758 2267 1830 2299 Deo

141 2332 173 2360 et
196 2332 313 2372 patre,
337 2338 415 2360 cum
442 2328 483 2360 sit
511 2328 583 2372 ipsa
607 2328 771 2373 sapientia
796 2333 827 2360 et
852 2327 963 2360 virtus
989 2325 1092 2360 illius.
1122 2327 1301 2366 Quaenam
1322 2337 1407 2360 vero
1433 2327 1475 2359 sit
1503 2325 1624 2359 fiducia
1650 2336 1710 2370 per
1735 2324 1832 2357 Chri-

141 2389 233 2417 stum
252 2383 295 2416 ad
314 2384 440 2422 Deum,
460 2383 539 2417 audi
558 2385 702 2418 Paulum
722 2386 756 2418 in
776 2383 1016 2430 sequentibus:
1034 2395 1105 2417 non
1122 2384 1219 2429 quod
1238 2384 1446 2418 sufficientes
1465 2384 1570 2417 simus
1590 2382 1719 2427 aliquid
1740 2382 1831 2427 cogi-

142 2448 214 2476 tare
232 2453 273 2475 ex
293 2439 413 2479 nobis;
435 2442 546 2475 omnis
565 2443 657 2476 enim
678 2443 843 2489 sapientia
863 2454 880 2476 a
899 2443 972 2476 Deo
992 2448 1059 2479 est,
1082 2448 1119 2476 ut
1138 2443 1182 2476 ait
1203 2443 1394 2488 scriptura;
1415 2441 1475 2475 sed
1494 2440 1694 2474 sullicieutia
1715 2446 1831 2473 nostra

141 2511 182 2533 ex
202 2500 294 2539 Deo,
315 2501 375 2545 qui
403 2506 435 2533 et
462 2499 606 2533 idoneos
633 2512 696 2534 nos
723 2501 800 2535 fecit
826 2502 1001 2535 ministros
1029 2502 1110 2535 novi
1136 2501 1347 2538 testamenti,
1370 2512 1439 2534 non
1466 2499 1577 2532 littera
1602 2497 1662 2531 sed
1687 2498 1828 2543 spiritu:

140 2558 254 2592 littera
281 2558 373 2591 enim
399 2557 544 2595 occidit,
565 2558 704 2602 spiritus
732 2565 846 2593 autem
872 2558 1034 2593 vivificat.
1064 2558 1154 2600 Quid
1181 2565 1296 2592 autem
1323 2564 1372 2590 est
1401 2558 1536 2590 littera?
1565 2567 1688 2600 nempe
1714 2555 1832 2600 legalis

141 2622 264 2661 typus,
287 2614 321 2648 id
346 2621 397 2648 est
423 2626 477 2648 res
502 2615 635 2648 ratione
658 2615 835 2649 umbratili
855 2617 968 2651 adhuc
992 2623 1162 2663 peractae.
1192 2616 1338 2661 Spiritus
1362 2625 1446 2648 vero
1473 2619 1519 2646 cst
1547 2613 1750 2646 christianae
1778 2624 1833 2646 re—

140 2673 277 2719 ligionis
302 2674 429 2711 ximus,
450 2684 539 2718 quae
564 2673 735 2718 spiritales
760 2674 873 2707 reddit
900 2675 1101 2709 accedentes
1120 2673 1163 2707 ad
1189 2685 1225 2707 se
1248 2684 1311 2718 per
1332 2671 1449 2705 fidem.
1480 2674 1615 2711 Quanto
1635 2676 1749 2704 autem
1772 2682 1832 2704 ve·-

141 2731 230 2764 ritati
252 2730 395 2764 inferior
414 2736 461 2763 est
485 2736 606 2775 typus.
630 2736 723 2764 tanto
750 2732 926 2776 sequiores
949 2732 1064 2765 iudico
1090 2731 1267 2764 ministros
1285 2729 1386 2774 legis,
1409 2730 1449 2762 iis
1475 2729 1532 2773 qui
1560 2728 1711 2761 veritatis
1736 2728 1830 2762 cultu

239 2816 273 2845 (1)
293 2814 398 2848 Reapse
420 2813 626 2848 antiquissimos
646 2812 780 2840 hahemus
802 2813 893 2841 adhuc.
913 2815 1054 2851 aegyptios
1075 2818 1229 2841 etruscosve
1250 2811 1369 2847 lapides,
1389 2812 1418 2838 in
1441 2810 1541 2847 quibus
1561 2819 1616 2838 non
1635 2818 1749 2838 excusae
1767 2814 1831 2837 sunt

140 2857 261 2889 litterae,
281 2856 328 2885 sed
347 2861 501 2884 atramento
521 2861 629 2884 tantum
648 2857 689 2884 vel
712 2857 850 2884 coloribus
870 2857 1032 2885 delineatae.

1872 379 1879 384 '
1896 374 1945 395 toti.
1961 375 2031 396 XVII.
2046 380 2065 395 2«.

1873 833 1929 854 (MP.
1944 833 1983 853 III.
1999 836 2018 853 ⁴³.

1874 939 1960 986 itffim
1977 937 2056 960 XXXI.

1873 1470 1911 1490 Gr.
1927 1476 1949 1496 ρ.
1965 1474 1997 1489 tn).

1874 1587 1881 1594 ¹
1899 1585 1926 1605 ts.
1943 1585 2023 1606 XXIX.
2037 1588 2059 1605 123

1875 1819 2021 1840 '1³7ecli.XI.
2038 1822 2066 1839 121,
