2205 3177
677 185 709 206 ix
737 183 889 205 PSALMUM
916 183 1023 203 xxxv.
1053 183 1091 204 ET
1119 183 1239 203 xxxvi.
1737 170 1798 201 103

476 254 519 276 Ne
537 254 692 280 improbos
708 251 889 276 aemuleris,
907 256 1005 275 neque
1021 250 1171 272 zelaveris
1188 251 1295 276 inique
1314 251 1449 275 agentes.

218 311 335 354 Neque
356 320 474 342 rursus
493 308 635 340 imiteris
654 312 711 339 aut,
731 304 849 339 beatos
869 303 1044 349 praedices
1064 302 1261 336 huiusmodi
1282 302 1456 337 hmnines,
1478 302 1502 334 si
1525 312 1689 346 prospere
1708 312 1803 343 agen-

124 376 172 402 tes
197 367 342 403 videris;
365 377 443 399 nam
470 364 566 398 brevi
588 364 748 397 florentes
767 368 941 406 tempore,
964 372 1043 394 mox
1064 366 1282 394 exarescant:
1305 360 1417 392 omnis
1437 360 1526 391 enim
1548 370 1626 391 raro
1647 358 1799 390 foenum.

123 425 211 466 Quid
239 436 322 469 ergo
349 422 572 457 inridendum
601 419 744 458 habent,
773 420 832 464 qui
859 425 1040 464 postquam
1068 417 1218 451 breviter
1246 417 1441 450 floruerint.
1468 429 1540 449 cras
1569 418 1599 448 in
1628 415 1800 449 clibanum

123 483 371 517 coniiciuntur.
394 488 429 514 ut
456 481 498 513 ait
526 481 686 513 Seri-ator
707 478 742 510 'P
768 478 963 521 Numquam
983 487 1047 520 ego
1074 475 1212 517 dignam
1233 474 1433 507 existimabo
1454 474 1578 506 inxidia
1608 473 1697 518 apud
1723 485 1799 506 vos.

123 541 182 585 qui
201 545 314 573 sancte
332 539 446 571 xivere
464 537 601 573 xolunt,
619 541 896 569 momentaneam
915 532 1155 578 improbet-uni
1178 532 1388 564 felicitatem:
1408 532 1556 574 rogitat-t»
1576 531 1688 575 potins
1706 541 1805 574 opor-

125 603 191 635 tet,
214 608 317 642 quem
345 596 447 629 linem
466 595 575 640 capiet
594 598 788 638 susceptum
808 591 859 625 'ab
887 591 939 624 liis
959 590 1139 623 consilium
1162 588 1320 634 improbe
1340 589 1475 621 xixendi
1503 595 1602 633 atqu(-
1623 600 1639 621 a
1660 589 1732 620 Deo
1752 588 1804 620 ‹li-

125 654 318 700 screpandi.
352 655 400 686 Ne
430 653 533 698 igitur
562 651 625 684 hos
656 650 862 686 aemuleris,
896 660 1006 693 neque
1038 648 1077 680 ad
1111 647 1323 692 peccantium
1355 646 1578 678 imitatioiwm
1611 646 1801 678 couciteris.

126 713 263 746 Etiamsi
289 711 441 745 deliciari
461 721 552 743 nunc
570 708 770 746 videantur,
792 708 922 740 etiamsi
950 707 1093 752 impium
1114 705 1201 738 hene
1220 717 1293 738 rem
1313 716 1429 749 gerere
1450 716 1584 738 ctu-iias.
1609 704 1686 747 suge
1709 715 1806 748 pares

126 781 258 807 mores,
282 770 435 803 futurum
462 773 629 813 spectans.
659 768 736 799 Non
762 766 853 798 enim
880 766 914 798 in
941 764 1064 798 eodem
1092 775 1225 808 semper
1253 769 1340 796 statu
1367 768 1479 795 erunt.
1513 761 1591 794 ideo
1618 761 1731 794 addit:

600 832 757 858 Quoniam
774 832 854 853 sicut
872 831 997 853 sot-num
1016 829 1160 851 velociter
1178 831 1328 850 arescent.

222 886 387 918 Hortatur
414 883 532 928 fugere
564 882 797 927 iniquitatem,
827 881 922 914 cuius
948 879 1052 913 finem
1081 890 1152 912 esse
1179 879 1222 911 ait
1251 877 1331 911 boni
1364 875 1542 910 cuiuslibet
1576 875 1805 908 amissionem.

125 942 216 983 Quid
243 947 356 975 autem
376 947 446 974 tam
466 940 563 974 facile
590 939 754 973 flaccescit
775 945 809 972 ut
832 938 970 971 foenum
992 938 1081 982 agri,
1105 943 1135 970 et
1163 936 1266 969 oleris
1285 935 1429 967 natm-a?
1450 934 1582 978 Quippe
1610 933 1692 965 haer
1712 930 1807 964 brevi

128 999 272 1037 florida,
296 999 376 1032 ilico
401 1003 628 1032 marcescunt.
659 998 711 1030 Sic
738 996 817 1030 alibi
844 996 926 1029 dicit
952 995 994 1028 de
1020 994 1208 1040 splendidis
1235 992 1354 1026 mundi
1382 991 1501 1025 rebus:
1525 990 1606 1024 liant
1630 992 1713 1023 sicut
1736 990 1808 1023 foe-

127 1068 211 1091 num
237 1062 405 1090 tectorum
434 1055 464 1088 ‘:
495 1067 573 1089 nam
600 1054 741 1089 foenum
768 1055 800 1087 in
829 1054 924 1087 tectis
951 1059 1069 1086 natum
1095 1052 1173 1097 qnia
1201 1051 1314 1084 radice
1341 1056 1430 1083 caret
1459 1048 1708 1081 infructuosum
1736 1054 1805 1084 est,

127 1114 274 1160 ideoque
301 1113 343 1147 ad
369 1102 649 1147 marcescentium
677 1111 876 1157 proclivius.
906 1112 982 1144 Non
1010 1115 1057 1143 cst
1078 1121 1160 1154 ergo
1186 1109 1237 1142 his
1262 1107 1506 1141 insidendum.
1529 1107 1587 1151 ‹pzi
1616 1106 1738 1152 partim
1765 1104 1807 1138 ad

127 1172 350 1217 ignominiam
382 1171 631 1216 proiiciuntur,
660 1171 785 1215 partim
811 1170 880 1214 igni
908 1168 1112 1202 traduntur.
1142 1166 1237 1199 hrexi
1264 1172 1414 1199 cessante
1442 1166 1687 1210 prosperitate,
1715 1163 1807 1196 velut

128 1228 255 1262 herbae
282 1234 337 1262 aut
364 1228 478 1265 olera,
499 1238 587 1273 quae
613 1227 748 1261 nullum
777 1233 1032 1272 praeterquam
1052 1226 1086 1258 in
1106 1223 1342 1257 herbescendo
1367 1234 1466 1255 nsum
1486 1221 1626 1255 hahent.
1656 1223 1810 1265 Namque

130 1286 183 1319 his
208 1286 355 1320 humana
384 1285 545 1323 felicitas,
567 1291 711 1330 propter
738 1296 833 1317 suam
860 1289 995 1329 putrem
1022 1283 1255 1326 caducamque
1283 1287 1441 1313 naturam
1467 1279 1586 1312 similis
1611 1286 1678 1314 est:
1706 1290 1809 1323 quam

129 1343 304 1389 gehennae
329 1343 416 1388 ignis
441 1348 608 1387 expectat.
637 1343 745 1387 Digna
771 1352 853 1374 vero
881 1341 1002 1373 sanctis
1028 1346 1075 1373 est
1105 1338 1288 1372 aemulatio
1308 1349 1447 1372 eornm.
1470 1349 1556 1382 quos
1583 1335 1811 1380 subsequetur

129 1407 291 1446 perpetua
318 1401 376 1433 Dei
405 1406 489 1433 nutu
516 1399 644 1444 gloria,
667 1399 883 1443 egregiorum
911 1398 1102 1431 facinorum
1129 1396 1305 1441 splendori
1332 1407 1405 1440 par.

474 1466 576 1492 spera
592 1465 627 1487 iu
645 1464 794 1491 nomino,
811 1468 840 1487 et
859 1465 909 1486 fac
926 1465 1112 1490 honitatem,
1127 1467 1156 1485 et
1175 1463 1322 1484 inhabita
1338 1464 1466 1484 terram.

225 1516 263 1549 ld
282 1522 330 1550 est
350 1526 425 1549 ama
446 1513 653 1561 probitatem
666 1541 673 1553 ,
696 1520 777 1560 opta
803 1525 979 1547 sacrorum
998 1513 1172 1546 donorum
1192 1512 1410 1557 adeptionem
1423 1537 1430 1546 .
1453 1510 1551 1543 stude
1570 1510 1609 1543 iis
1627 1521 1715 1555 quae
1734 1520 1809 1542 san-

126 1575 190 1609 ctis
216 1580 295 1608 sunt
320 1579 491 1607 reservata
517 1578 619 1618 atque
645 1573 679 1606 in
705 1571 867 1605 thesauro
893 1571 953 1604 Dei
980 1571 1141 1616 reposita.
1170 1590 1193 1595 —-
1219 1569 1279 1602 Vel
1306 1568 1514 1602 vocabulum
1542 1566 1715 1603 inhabita,
1745 1577 1818 1612 pro·

129 1631 335 1666 inhabitabis
362 1632 487 1678 posuit.
515 1632 654 1665 Terram
673 1636 786 1664 autem
806 1629 901 1663 illam
920 1629 1002 1668 dicit
1020 1628 1205 1661 mansuetis
1224 1628 1447 1673 promissam«
1471 1626 1512 1659 ad
1532 1638 1635 1671 quam
1655 1637 1733 1659 cum
1752 1636 1811 1659 ve-

130 1690 237 1729 neris,
259 1689 385 1723 divitiis
403 1690 475 1723 eius
501 1688 636 1722 frueris.
659 1688 802 1721 Divitiae
821 1693 933 1720 autem
953 1693 1065 1719 terrae
1085 1691 1362 1721 mansuetorum,
1386 1685 1455 1718 sive
1475 1685 1618 1717 civitatis
1643 1694 1811 1728 supernae

130 1748 164 1781 in
191 1746 309 1784 caelis,
330 1746 528 1780 divinorum
547 1746 721 1780 donorum
741 1746 879 1791 copiosa
907 1745 1042 1789 largitio
1062 1749 1109 1777 est
1130 1750 1163 1777 et
1181 1754 1438 1788 quaquaversus
1457 1740 1624 1775 absoluta.
1655 1742 1812 1774 Fortasse

131 1810 246 1839 autem
271 1804 469 1838 habitaculo
493 1809 669 1850 comparat
694 1803 836 1837 brevem
863 1802 949 1836 hanc
976 1803 1096 1839 sitam,
1118 1813 1225 1846 eaque.
1252 1812 1315 1834 uos
1334 1801 1382 1834 uti
1401 1800 1473 1833 x‘ult
1502 1812 1561 1833 ceu
1590 1798 1812 1832 tabernaculo

131 1861 309 1908 hospitali,
331 1862 376 1895 ita
402 1868 440 1895 ut
465 1862 495 1894 ei
521 1872 586 1895 nos
609 1861 850 1899 dominemur,
872 1871 942 1893 non
968 1860 1140 1893 x'iceversa
1167 1858 1309 1892 obnoxii
1329 1859 1452 1893 simus.
1479 1868 1589 1902 eoque
1615 1856 1657 1890 ad
1686 1856 1814 1889 utilita-

131 1926 200 1954 tem
225 1930 296 1953 nou
322 1919 365 1952 ad
390 1918 583 1964 voluptates
609 1924 758 1952 utamur.
789 1918 841 1951 Sic
860 1919 953 1951 enim
972 1929 989 1950 a
1009 1916 1103 1950 bono
1130 1922 1267 1962 pastore
1293 1927 1466 1960 regemur.
1496 1915 1668 1955 Quantum
1696 1914 1812 1959 copiae

131 1977 220 2011 inter
245 1976 400 2010 homines
425 1982 475 2010 est
501 1975 699 2009 divinorum
724 1975 944 2021 dogmatum,
970 1985 1010 2008 eo
1038 1974 1213 2012 fruamur,
1234 1974 1279 2007 ita
1306 1980 1342 2006 ut
1368 1973 1481 2006 (licere
1507 1973 1622 2006 liceat:
1645 1972 1811 2005 Dominus

132 2035 219 2080 regit
244 2045 315 2074 me,
336 2041 369 2068 et
395 2033 477 2067 nihil
506 2033 590 2067 mihi
617 2033 725 2067 deerit
746 2033 769 2066 ².

782 2098 947 2122 ”electam
964 2099 996 2120 iu
1014 2098 1156 2121 Domino.

227 2150 292 2191 Qui
319 2157 431 2185 autem
452 2151 587 2184 Christo
606 2149 838 2189 delectantur,
860 2149 1000 2194 eiusque
1020 2147 1222 2182 muneribus
1248 2147 1387 2193 plenam
1412 2153 1564 2180 mentem
1584 2153 1726 2192 gerunt,
1749 2145 1812 2179 bo-

132 2220 192 2243 nas
220 2210 292 2243 eius
321 2210 515 2243 voluntates
545 2220 648 2255 opere
680 2208 917 2254 perficientes,
947 2207 1127 2253 limpidam
1159 2212 1400 2252 patentemque
1428 2207 1500 2239 Deo
1531 2204 1691 2238 exhibent
1722 2204 1810 2237 viam

131 2278 247 2306 suam,
269 2267 304 2300 id
330 2273 380 2301 est
405 2267 494 2300 vitae
519 2266 698 2299 rationem.

564 2331 681 2354 Revela
698 2331 831 2353 Domino
848 2332 930 2353 viam
947 2332 1051 2358 tuam,
1067 2332 1099 2353 et
1114 2337 1203 2357 spera
1222 2331 1254 2352 in
1272 2336 1306 2352 eo
1323 2332 1379 2352 etc.

228 2383 294 2421 Sit,
318 2383 445 2428 inquit,
467 2381 682 2428 exploratum
696 2408 703 2421 ‚
726 2388 758 2414 te
785 2381 908 2427 placita
927 2382 999 2415 Deo
1026 2382 1079 2414 xia
1105 2380 1283 2414 incedere:
1306 2380 1341 2413 id
1361 2386 1410 2413 est
1430 2379 1557 2412 nudam
1579 2384 1679 2423 atque
1705 2376 1813 2422 expli—

131 2441 233 2475 citam
252 2441 324 2475 Deo
343 2439 466 2474 exhibe
484 2440 572 2473 vitae
592 2445 670 2473 tuae
688 2440 869 2473 rationem.
892 2438 982 2478 Quid
1004 2450 1110 2484 porro
1137 2439 1208 2484 ipse
1230 2437 1352 2471 faciet?
1372 2438 1409 2470 In
1431 2437 1547 2469 futuro
1571 2435 1718 2468 xieissim
1742 2446 1814 2468 sae-

131 2497 212 2531 culo
239 2504 271 2532 te
296 2498 465 2532 illustrem
491 2504 524 2533 et
548 2497 809 2542 quodammodo
835 2496 988 2542 undique
1007 2496 1232 2541 conspicuum
1252 2494 1426 2530 ostendet,
1450 2494 1553 2527 latere
1580 2492 1673 2526 haud
1699 2493 1812 2525 sinens

133 2562 245 2590 rectae
269 2556 358 2589 vitae
384 2561 460 2589 tuae
486 2554 791 2600 pulchritudinem.
820 2555 892 2587 Erit
917 2555 1009 2587 enim
1035 2554 1165 2587 cunctis
1191 2552 1369 2586 manifesta
1396 2551 1520 2585 iustitia
1549 2557 1623 2587 tua,
1650 2550 1734 2583 lucis
1761 2550 1812 2582 in-

132 2619 202 2647 star
228 2612 465 2659 resplendens,
491 2613 577 2646 lucis
603 2613 742 2657 inquam
769 2612 998 2650 meridianae;
1023 2623 1102 2644 nam
1128 2610 1290 2643 meridies
1317 2610 1514 2642 nominatur
1540 2608 1606 2641 diei
1634 2619 1713 2653 pars
1739 2619 1812 2641 me-

131 2671 251 2711 diana;
273 2677 374 2717 teque
400 2671 475 2705 luce
501 2670 670 2704 eiusmodi
695 2670 838 2716 dignum
864 2669 1040 2704 iudicabit.

664 2735 816 2759 Subditum
832 2738 895 2759 esto
913 2736 1060 2763 nomino,
1076 2736 1107 2757 et
1124 2741 1179 2757 orn
1196 2740 1276 2756 eum.

229 2789 305 2834 lpse
324 2786 465 2832 quidem
485 2793 518 2820 te
537 2786 613 2820 luce
631 2786 773 2832 dignum
795 2787 827 2819 in
847 2786 964 2820 futuro
983 2784 1118 2819 saeculo
1138 2783 1312 2821 ostendet,
1338 2789 1372 2816 tu
1393 2794 1476 2816 vero
1498 2783 1635 2815 interim
1661 2781 1711 2814 illi
1730 2780 1810 2814 sub—

134 2846 225 2880 ditus
251 2851 335 2880 esto.
365 2846 441 2879 Duo
467 2850 580 2878 autem
606 2843 707 2890 digna
734 2844 857 2878 sanctis
876 2851 908 2878 et
931 2843 1065 2889 egregia
1092 2848 1193 2887 atque
1218 2842 1363 2875 invicem
1384 2840 1599 2874 cohaerentia
1628 2839 1812 2885 proponit.

1844 485 1848 489 ¹
1862 480 1942 501 Yttatth⁴
1956 481 1992 501 Vlv
2003 484 2028 501 :iu

1848 1054 1858 1097 L
1873 1050 1907 1071 Ps.
1921 1050 2039 1071 [xxm‘ttt.

1847 1121 1884 1141 (ir.
1900 1127 1922 1147 ρ.
1938 1125 1983 1141 235.

1850 1470 1857 1483 i
1885 1468 1902 1485 3

1851 2042 1858 2051 ’
1875 2040 1909 2062 Ps.
1926 2040 1994 2062 xxtt.
2012 2044 2029 2061 1.

1851 2109 1870 2123 t.
1888 2106 1906 2123 4⁴

1850 2340 1868 2353 v.

1851 2620 1887 2641 (ir,
1903 2626 1912 2646 Ι
