2205 3177
235 701 271 717 tr,
285 704 307 723 ρ.
327 700 368 718 171¹.

250 2077 286 2096 Cr.
302 2082 323 2103 p.
342 2079 384 2098 150,

319 2309 340 2323 v.
356 2306 388 2323 30.

410 213 474 245 lii
913 222 941 243 s.
970 221 1097 243 emitti
1124 221 1344 244 mansonis-1
1371 222 1577 244 EXPLANATtO

407 284 690 331 interrogandum
717 285 780 317 sic:
802 284 886 328 quid
914 285 1042 329 porro‘?
1062 285 1152 318 Deus
1178 297 1247 319 non
1273 287 1427 330 exquiret
1449 285 1562 319 iudicii
1582 292 1757 331 tempore,
1779 298 1855 321 cum
1882 287 2084 333 magnitudo

408 349 440 377 et
467 344 620 376 accensio
648 343 716 375 irae
742 342 815 374 cius
840 342 904 375 erit
924 342 997 386 (ll-³

699 406 766 429 Non
784 410 829 429 est
848 406 932 429 Deus
948 407 982 429 ln
999 410 1161 434 conspeetu
1179 409 1260 434 εἰιιες
1277 409 1344 431 vtae
1360 409 1426 431 etus
1442 414 1560 435 semper
1577 408 1799 434 inquinantur.

504 458 588 490 Nam
607 457 665 501 qui
687 457 794 489 Deum
814 467 886 489 esse
905 457 1038 501 ignorat
1051 483 1058 494 ,
1079 468 1121 490 ne
1140 457 1287 491 iudicem
1305 457 1446 502 quidem
1466 457 1538 491 fore
1557 458 1630 490 scit.
1647 458 1738 502 Ergo
1757 457 1799 491 ad
1819 457 1974 493 homines
1991 459 2086 504 quod

409 515 554 550 adtinet.
576 515 622 547 sic
648 514 898 547 versiculorum
924 515 1089 548 sententia
1116 514 1337 559 intelligenda
1357 521 1423 549 est:
1445 515 1539 560 qnod
1560 515 1724 560 cuiusque
1743 516 1905 560 peccandi
1925 517 2084 555 studiosi,

409 578 439 605 ct
467 571 509 605 ad
536 571 666 604 malum
693 572 945 605 incontinenter
970 574 1168 617 spectantis,
1191 579 1291 618 atque
1314 573 1529 606 omnifariam
1554 571 1791 606 exacerbando
1810 573 1880 606 Deo
1898 573 2023 611 dediti,
2045 585 2088 607 eo

407 630 501 674 quod
529 629 570 662 dc
598 630 788 674 praesentia
815 630 887 662 eins
914 641 982 663 non
1010 631 1153 674 cogitet,
1176 631 1399 675 inquinantur
1418 633 1559 664 omnino
1584 631 1677 669 xiac,
1699 629 1765 664 hoc
1791 636 1841 663 est
1866 631 2034 668 actiones,
2055 638 2087 665 et

409 686 625 720 immunditia
657 693 805 722 scatent.
836 688 1073 732 nequitiaeque
1104 699 1212 721 coeno
1242 687 1444 726 foedantur,
1472 690 1568 733 quasi
1595 688 1637 721 de
1665 686 1844 721 abolendis
1868 688 1928 721 Dei
1957 687 2089 721 iudiciis

410 745 669 789 praeceptisque
696 745 870 788 negotium
897 745 951 777 sit.
982 746 1134 789 Namque
1160 756 1263 778 omne
1289 751 1466 790 peccatum
1492 746 1689 779 divinorum
1716 745 1957 778 mandatorum
1983 756 2089 791 scopo

411 801 628 837 adxersatur:
650 808 680 835 et
709 808 878 846 quantum
904 802 977 835 eius
1002 802 1090 835 vires
1117 802 1250 841 serunt,
1272 803 1344 847 ipsa
1371 803 1505 836 virtutis
1522 803 1732 837 moderatrix
1760 803 1811 835 lex
1840 803 2037 848 perimitur,
2058 809 2091 837 et

410 859 581 892 dominica
609 858 767 892 voluntas
793 860 970 892 evertitur.
1001 859 1066 892 Sed
1086 858 1128 892 dc
1147 860 1266 892 Satana
1292 870 1431 904 quoque
1457 861 1697 893 convenienter
1716 859 1903 893 admodum
1923 859 2006 893 haec
2024 859 2090 894 dici

411 922 561 961 queunt:
583 927 718 961 semper
743 917 833 949 enim
860 917 1015 961 impurae
1042 916 1114 949 xiae
1140 917 1228 954 eius,
1249 922 1283 949 et
1307 917 1368 949 Dei
1395 916 1527 961 legibus
1553 917 1755 950 contrariae.

878 980 1025 1003 Omnium
1042 982 1242 1004 inimicorum
1257 988 1384 1004 snorum
1399 982 1626 1005 dominabitur.

508 1032 584 1065 Non
610 1032 766 1064 omnium
793 1031 1011 1064 inimicorum
1039 1043 1180 1064 suorum
1199 1030 1434 1064 dominabitur
1453 1032 1602 1065 Satanas.
1626 1032 1729 1076 Atqui
1752 1042 1830 1065 cum
1855 1042 1975 1065 omnes
1993 1031 2089 1069 iusti,

412 1089 539 1122 inimici
566 1089 594 1121 ci
622 1090 704 1126 sint,
728 1100 843 1121 nonne
869 1089 1024 1122 omnium
1051 1089 1197 1122 istorum
1223 1088 1482 1122 dominabitur?
1508 1090 1585 1122 Non
1604 1090 1638 1122 in
1657 1090 1751 1123 omni
1777 1089 1935 1123 videlicet
1960 1089 2092 1122 actione

413 1145 667 1183 dominabitur,
690 1145 748 1179 sed
775 1147 809 1178 in
837 1146 962 1190 aliqua.
994 1147 1086 1179 Unus
1105 1147 1197 1179 enim
1216 1146 1369 1179 Christus
1396 1152 1573 1191 peccatum
1594 1157 1663 1179 non
1684 1145 1777 1185 fecit,
1801 1157 1910 1191 neque
1935 1146 2092 1179 iux-entus

413 1210 459 1236 est
488 1203 589 1236 dolus
616 1204 649 1236 in
676 1214 735 1236 ore
762 1204 846 1237 cius.

739 1268 835 1291 Cuius
852 1275 884 1292 os
900 1269 1120 1292 maledictione
1137 1269 1264 1296 plenum
1280 1270 1341 1296 est,
1357 1270 1387 1292 et
1404 1269 1619 1292 amaritudine
1635 1275 1671 1291 ae
1687 1269 1768 1292 dolo.

510 1318 643 1352 Diaboli
669 1330 807 1363 quoque
828 1318 873 1363 (2)
894 1330 933 1352 os
953 1318 1182 1352 amaritudine
1201 1318 1353 1363 doloque
1372 1318 1554 1352 redundat.
1577 1318 1735 1352 Profecto
1754 1316 1889 1352 obsidet
1908 1329 2093 1364 pauperes,

417 1383 451 1409 ut
478 1375 608 1422 laqueis
634 1377 702 1409 suis
728 1382 845 1421 captos
870 1376 1056 1409 interimat.
1085 1375 1187 1416 Quod
1213 1382 1326 1409 autem
1354 1377 1507 1421 sequitur
1530 1389 1545 1405 «
1568 1387 1647 1409 cum
1670 1374 1834 1409 divitibus
1856 1389 1871 1406 »
1893 1375 1978 1420 quid
2003 1374 2097 1408 aliud

416 1434 645 1479 intelligatur,
667 1445 771 1479 quam
796 1432 926 1466 malitia
952 1433 1100 1466 divites?
1120 1433 1163 1466 Hi
1181 1433 1310 1478 quippe
1336 1444 1403 1467 una
1429 1444 1507 1466 cum
1532 1432 1673 1467 diabolo
1697 1438 1817 1466 contra
1842 1443 2010 1478 pauperes
2028 1432 2097 1477 spi-

416 1493 484 1524 ritu
511 1492 719 1537 conspirant.
749 1491 840 1524 Haec
861 1490 904 1523 de
924 1490 1102 1523 haereticis
1121 1501 1260 1535 quoque
1286 1489 1467 1535 intelliges.
1495 1491 1581 1523 Nam
1600 1490 1697 1523 sicuti
1716 1488 1900 1523 horribiles
1920 1488 2099 1534 rabidique

418 1555 591 1594 serpentes
616 1549 687 1582 vim
713 1559 808 1581 suam
835 1559 974 1581 omnem
999 1547 1174 1581 morsibus
1200 1553 1378 1585 exserunt,
1400 1548 1445 1580 ita
1471 1553 1504 1580 et
1530 1547 1600 1580 isti:
1622 1552 1750 1580 scatent
1776 1547 1867 1580 enim
1887 1546 2010 1580 amaris
2027 1557 2099 1579 ser-

417 1604 598 1644 monibus,
620 1605 898 1650 detestandisque
924 1605 1119 1643 sententiis,
1141 1610 1174 1638 et
1201 1604 1321 1638 fraude
1341 1616 1378 1638 ac
1401 1603 1504 1642 dolo,
1525 1610 1557 1637 et
1584 1604 1774 1638 molestiam
1795 1603 1859 1637 sub
1877 1603 1992 1649 lingua
2017 1602 2099 1635 insi-

419 1669 488 1696 tam
507 1663 647 1697 habent.
666 1663 827 1697 Tundnnt
847 1664 939 1696 enim
957 1663 1144 1708 impiorum
1163 1674 1265 1695 voces
1284 1662 1389 1695 corda
1408 1662 1657 1707 simpliciorum
1669 1688 1677 1700 ,
1697 1667 1731 1695 et
1750 1673 1827 1695 cum
1846 1660 1930 1695 dolo
1949 1671 1986 1694 ac
2005 1659 2100 1693 frau-

419 1720 463 1754 de
482 1720 524 1753 ad
545 1721 659 1755 illicita
680 1732 843 1767 persaepe
862 1720 1050 1754 deducunt.
1079 1719 1143 1753 Sed
1170 1719 1379 1754 detestabilis
1398 1730 1480 1764 prae
1499 1720 1619 1753 ceteris
1644 1719 1736 1752 fraus
1761 1718 1930 1764 dolusque
1948 1717 2096 1751 diaboli:

420 1779 447 1811 is
465 1779 555 1811 enim
575 1779 615 1811 ad
635 1785 811 1823 peccatum
831 1777 995 1823 impellit,
1013 1788 1192 1811 susurrans
1211 1776 1371 1822 improbe
1392 1776 1434 1810 ad
1454 1788 1512 1810 cor
1532 1783 1770 1821 mentemque,
1788 1786 1990 1821 semperque
2009 1774 2101 1808 malo

422 1835 590 1881 patrando
618 1835 752 1873 faxcns;
774 1841 804 1868 ct
825 1835 920 1880 quod
941 1845 1094 1868 amarum
1114 1840 1180 1872 est,
1203 1833 1304 1867 dulce
1329 1834 1511 1873 mentiens,
1534 1839 1602 1867 tam
1627 1834 1700 1878 ipse
1718 1844 1821 1878 quam
1841 1833 2010 1878 nequitiae
2029 1832 2102 1865 eius

422 1894 628 1927 imitatores:
657 1904 806 1937 quorum
833 1893 1010 1937 negotium
1035 1897 1085 1925 est
1111 1890 1223 1924 bonos
1249 1890 1470 1929 subvertere,
1499 1897 1533 1924 et
1559 1890 1702 1924 occultis
1727 1889 1858 1923 insidiis
1883 1891 2102 1923 immerentes

422 1949 598 1987 occidere,
621 1949 655 1982 id
675 1956 723 1983 est
752 1949 877 1982 latente
905 1949 1049 1987 scelere,
1071 1955 1103 1981 et
1129 1949 1242 1982 velato
1262 1955 1366 1994 prout
1391 1950 1567 1994 potuerint
1586 1948 1690 1982 malo.
1720 1949 1806 1981 Nam
1831 1948 1889 1993 qui
1910 1946 2030 1981 volunt
2049 1957 2103 1980 re-

426 2013 498 2041 ctos
517 2007 691 2052 decipere,
709 2018 808 2052 saepe
826 2006 1013 2039 bonitatem
1035 2007 1213 2043 simulant:
1231 2018 1308 2039 mox
1330 2005 1562 2044 inhaerentes,
1579 2006 1705 2039 erroris
1722 2016 1892 2039 venenum
1910 2005 2078 2038 insinuant
2092 2030 2099 2040 ,

424 2066 617 2109 sensimque
636 2067 741 2098 menti
762 2066 994 2098 innocentium
1023 2063 1231 2109 subrepunt,
1253 2064 1295 2097 ad
1321 2075 1380 2097 sua
1406 2063 1485 2097 illos
1510 2070 1719 2097 sevocantes.
1742 2064 1984 2096 Verumtamen
2010 2062 2103 2096 haud

426 2129 543 2155 contra
562 2134 682 2155 omncs
702 2122 996 2155 indiscriminatim
1017 2121 1051 2154 id
1075 2128 1197 2166 agunt,
1219 2121 1277 2154 sed
1305 2127 1423 2154 contra
1441 2121 1520 2155 illos
1540 2121 1755 2167 potissimum
1780 2131 1930 2166 quorum
1955 2130 2104 2165 pauper-

425 2179 500 2212 cula
519 2190 614 2212 mens
632 2186 699 2215 est,
722 2179 925 2224 prudentiae
944 2179 1108 2211 nimirum
1128 2178 1252 2224 opibus
1278 2190 1408 2212 carens.
1439 2178 1477 2211 Id
1497 2179 1588 2211 enim
1608 2176 1789 2223 significari
1808 2177 1964 2210 existimo
1989 2175 2104 2210 verbis

432 2250 445 2266 «
469 2236 559 2269 oculi
586 2247 706 2269 eorum
732 2237 766 2269 in
794 2247 980 2281 pauperem
1008 2236 1206 2281 respiciunt.
1233 2250 1248 2266 »

845 2301 1023 2323 Insidintnr
1040 2302 1073 2323 in
1091 2301 1230 2327 occulto,
1246 2301 1325 2323 stent
1342 2300 1391 2323 leo
1408 2301 1442 2323 in
1458 2300 1605 2327 spetunca
1621 2307 1687 2322 sna.

523 2351 656 2383 Etenim
679 2351 797 2383 virtuti
819 2351 996 2383 hominem
1016 2350 1173 2383 deditum
1194 2350 1325 2383 etiamsi
1345 2361 1532 2395 parumper
1551 2349 1593 2383 ad
1613 2361 1648 2383 se
1668 2349 1813 2383 attrahat
1833 2347 2030 2393 [diabolus]
2051 2349 2105 2381 ni-

429 2408 617 2441 hilominus
634 2409 854 2453 resipiscente
880 2407 1021 2440 demum
1041 2413 1074 2440 et
1096 2406 1276 2440 recedente
1296 2418 1338 2440 eo
1356 2418 1424 2440 non
1448 2408 1590 2452 potitur.
1613 2408 1856 2440 Verumtamen
1876 2406 2001 2438 virtute
2021 2416 2106 2450 pau—

428 2476 544 2509 perem
563 2471 595 2498 et
612 2466 827 2510 insipientem
846 2464 949 2497 semel
972 2476 1008 2497 ac
1030 2463 1074 2496 ad
1093 2475 1127 2496 se
1146 2464 1303 2501 traxerit,
1321 2464 1354 2496 in
1374 2463 1534 2508 spelunca
1554 2464 1723 2508 nequitiae
1740 2468 1937 2508 correptum
1954 2461 2102 2500 mandit,

431 2532 491 2554 ceu
517 2522 570 2555 leo
595 2534 696 2556 ovem
722 2523 757 2555 in
783 2529 926 2555 secreto.
949 2542 971 2547 -
989 2520 1079 2561 Quid
1099 2532 1184 2554 vero
1211 2520 1375 2565 significat
1401 2534 1415 2551 «
1438 2521 1617 2555 insidiatur
1642 2527 1679 2554 ut
1704 2521 1785 2554 leo‘?
1807 2534 1823 2552 »
1844 2520 1949 2553 Aiunt
1970 2519 2106 2553 leonem

435 2579 466 2610 in
487 2578 661 2613 montibus
684 2581 772 2613 intra
791 2579 989 2625 speluncam
1009 2589 1105 2611 suam
1126 2578 1282 2622 quietum
1301 2588 1336 2610 se
1354 2578 1530 2611 continere
1550 2589 1587 2611 ac
1605 2578 1711 2611 veluti
1730 2577 1929 2612 delitescere
1941 2603 1948 2616 ‚
1970 2587 2012 2611 ne
2030 2587 2107 2610 con-

434 2642 551 2680 spectu
577 2648 638 2669 suo
665 2636 823 2669 animalia
849 2643 961 2670 cetera
989 2641 1132 2673 terreat,
1153 2633 1279 2679 quibus
1305 2635 1376 2679 ipse
1396 2634 1439 2667 ali
1465 2634 1564 2669 solet.
1587 2636 1712 2668 Verum
1731 2633 1791 2668 nbi
1810 2634 1998 2680 quodpiam
2024 2643 2106 2678 pro-

436 2692 603 2736 pinquans
628 2694 772 2732 viderit,
794 2699 935 2739 repente
962 2693 1118 2726 exsiliens
1142 2691 1292 2736 graviter
1318 2691 1472 2731 frendet,
1493 2699 1526 2726 et
1552 2704 1628 2726 cum
1654 2691 1831 2726 horrendo
1849 2692 1964 2737 rugitu
1987 2690 2102 2727 irruit,

538 2791 567 2815 ’1,
590 2789 663 2815 Haec
682 2790 710 2815 in
730 2790 792 2816 aliis
811 2790 914 2816 catenis
934 2788 1061 2815 videntur
1081 2787 1213 2815 attributa
1226 2786 1324 2821 fuisse,
1343 2795 1399 2814 non
1417 2788 1477 2815 sine
1495 2788 1765 2823 interpolationibus,
1784 2787 1948 2820 Athanasio,
1968 2784 2105 2813 contradi-

439 2834 515 2857 cente
535 2835 626 2858 tameu
645 2833 738 2860 Niceta
758 2834 786 2859 in
807 2834 899 2860 codice
917 2834 1051 2861 vaticano.
1074 2834 1142 2859 Item
1162 2836 1297 2867 postrema
1316 2831 1395 2859 verba
1415 2832 1561 2868 fragmenti
1580 2833 1662 2868 primi
1680 2832 1777 2868 psalm.
1798 2839 1854 2866 seq.

537 2878 571 2905 «(2,
592 2876 693 2911 Nempe
712 2876 745 2903 dc
763 2877 825 2904 aliis
843 2881 906 2904 ante
925 2877 1034 2905 locutus
1053 2876 1142 2904 fuerat
1162 2876 1290 2912 Cyrillus-
