2205 3177
164 298 234 315 ’1.111
262 295 339 314 ΧΧ1“

155 802 356 824 ”1“«1.ΧΧΧΧΙ.1.

153 834 162 838 “
189 830 295 850 txxm.
313 835 330 848 ἃ

173 1782 180 1787 ·
195 1777 242 1799 11111.
260 1777 318 1798 mv.
336 1782 366 1797 Δ.

240 2458 277 2477 Gr.
291 2463 313 2483 p.
332 2461 345 2478 l*
352 2463 375 2479 a«,

390 155 434 184 'ill
903 160 930 181 S.
957 160 1083 182 cx'nttu
1110 160 1326 182 ALELthRth
1355 161 1556 186 ExPLANAno

338 241 345 257 τ
391 229 436 260 lte
458 227 576 271 genitis
596 231 708 257 autem
729 222 806 255 tiliis
829 238 844 253 (ι
867 229 897 256 et
921 223 996 256 sacti
1017 230 1092 257 suut
1115 223 1198 257 tobo
1220 225 1228 233 '
1252 225 1296 268 (ti
1320 223 1379 258 lilii
1399 232 1530 271 septem
1550 232 1582 259 et
1603 225 1692 261 filiae
1712 234 1792 262 tres.
1824 230 1925 263 Item:
1951 231 2062 265 Abra-

391 284 509 316 tumui<
530 288 640 314 antem
660 292 765 324 quum
787 286 922 313 eentum
943 287 1027 313 esset
1049 292 1234 316 annorum,
1254 282 1359 314 sactus
1378 288 1427 315 est
1445 283 1474 315 ei
1497 283 1627 316 isaacus
1647 283 1736 318 fitius
1755 286 1827 319 eius
1843 286 1867 319 '.
1889 300 1904 317 »
1927 288 1957 321 Si
1978 300 2060 333 ergo

391 354 406 372 a
437 340 528 371 snt-tis
555 337 693 381 quidem
715 336 817 369 rebus
836 335 991 369 divorsus
1010 343 1057 369 est
1080 336 1186 375 lilius,
1209 339 1312 383 patris
1339 345 1453 371 autem
1479 340 1634 383 genitura
1662 340 1733 384 ipse
1757 342 1866 380 sotus,
1889 354 1994 377 vanus
2012 352 2060 378 est

391 399 428 429 λι
442 397 596 428 ianorum
616 406 656 426 ex
676 392 846 425 xocaliulo
870 407 884 423 «
909 394 1014 426 sactus
1037 408 1051 424 »
1075 401 1280 438 praetextus.
1309 395 1408 434 Quod
1430 396 1455 427 si
1477 396 1510 428 in
1531 396 1583 429 liis
1601 396 1818 441 impudenter
1838 405 1974 444 agentes
1992 401 2060 434 xim

393 454 511 485 sacient
539 450 705 485 diceudo,
730 450 810 483 llaec
837 452 1069 495 comparativo
1096 452 1201 485 modo
1227 452 1395 486 voeabula
1421 452 1553 491 efferri,
1575 453 1721 498 ideoque
1749 454 1831 488 haec
1855 467 1942 500 quae
1969 468 2063 490 com-

393 515 555 553 parantur
582 519 653 540 esse
679 507 914 551 liomogeuea,
944 509 986 540 ita
1015 514 1050 540 ut
1078 508 1167 541 lilius
1192 508 1235 541 dc
1263 515 1380 542 natura
1409 509 1609 555 angelorum
1639 511 1679 543 sit
1697 536 1704 548 ,
1734 510 1820 544 lianc
1846 514 2061 559 praecipuam

392 566 564 598 infamiam
585 564 784 597 contrahent
806 564 900 608 quod
918 565 1085 598 Valentini
1105 571 1135 598 et
1156 566 1369 610 Carpocratis
1388 566 1594 611 eloquantur
1613 566 1791 611 dogmata;
1811 579 1958 612 quorum
1978 569 2063 603 alter

392 623 531 666 angelos
558 622 790 665 limnogeneos
816 622 949 655 Clu-isto
976 622 1080 659 dixit:
1105 623 1190 655 alter
1216 629 1329 656 autem
1355 624 1494 669 angelos
1520 624 1641 657 mundi
1668 630 1837 658 creatores
1856 625 2059 660 adtirmaxii.

392 682 545 724 Namque
573 678 615 712 ab
641 679 693 712 liis
714 679 854 711 sortasse
874 679 988 711 Ariani
1008 679 1140 717 edocti,
1162 679 1314 712 Verbum
1333 681 1392 713 Dei
1412 686 1609 726 comparant
1639 681 1779 726 angelis.
1808 682 1872 714 Sed
1896 683 1985 715 enim
2005 684 2064 728 qui

395 739 475 770 liaec
502 738 731 780 imaginantur
747 762 754 771 ,
783 735 826 768 al)
853 736 1015 780 hymnico
1042 735 1298 769 confundentur
1323 736 1477 770 dicente:
1510 752 1524 768 ι(
1550 739 1627 783 quis
1653 736 1895 771 assimilabitur
1919 740 2065 774 Domino

393 806 432 827 ex
461 794 539 826 tiliis
560 794 643 826 Dei?
670 794 707 825 Et
735 793 811 837 quis
836 792 956 824 similis
984 791 1043 825 tibi
1071 792 1159 824 inter
1177 791 1280 830 deos,
1301 793 1446 827 Domine
1466 794 1503 827 '2³
1525 808 1540 825 »
1566 794 1715 827 Audient
1741 795 1860 833 simul,
1881 796 1906 828 si
1926 795 2066 840 quidem

394 851 522 883 ‹list-cre
543 850 657 882 xoleut
671 875 678 884 ,
701 849 992 893 comparationem
1012 849 1101 881 iuter
1119 849 1261 882 omuino
1280 849 1494 893 homogenea
1513 850 1585 884 fieri
1605 850 1734 889 solere,
1757 862 1826 885 non
1846 858 1958 885 autem
1978 853 2068 886 inter

395 909 634 951 lieterogeuea.

490 966 598 997 Nemo
625 964 738 1007 itaque
759 964 866 995 Deum
886 974 962 996 eum
983 962 1123 996 homine
1149 969 1342 1008 comparat;
1367 974 1478 1007 neque
1504 975 1621 997 rursus
1646 964 1819 998 hominem
1838 976 1915 998 cum
1936 965 2066 1005 brutis,

395 1034 503 1067 neque
531 1021 619 1065 ligna
647 1032 724 1053 cum
752 1018 942 1064 lapidibus.
965 1025 1107 1064 propter
1133 1025 1273 1053 naturae
1298 1020 1626 1055 dissimilitudinem.
1655 1022 1718 1055 Sed
1739 1023 1827 1055 Deus
1853 1023 1993 1067 quidem
2016 1024 2070 1056 in-

395 1078 634 1123 comparabilis
661 1090 714 1110 res
740 1084 808 1114 est,
831 1077 936 1109 homo
963 1083 1076 1109 autem
1103 1088 1181 1110 cum
1207 1077 1348 1111 homine
1374 1084 1611 1123 comparatur,
1639 1078 1770 1122 lignum
1796 1090 1873 1112 cum
1900 1080 2010 1124 ligno,
2036 1086 2070 1114 et

395 1148 471 1169 eum
494 1135 605 1181 laptdo
626 1135 722 1180 lapis.
745 1136 812 1167 Nee
831 1136 1011 1179 quisquam
1032 1133 1213 1180 usurpabit
1231 1135 1266 1168 in
1286 1135 1338 1168 liis
1356 1135 1566 1169 vocabulum
1589 1149 1604 1166 «
1625 1136 1748 1169 melior
1769 1150 1784 1167 »
1806 1136 1865 1169 sed
1885 1137 1938 1170 vel
1959 1137 2072 1181 potius

395 1193 483 1226 dicet
502 1193 555 1225 x‘el
578 1193 696 1237 magis.
727 1193 773 1225 lta
796 1192 959 1236 loseplius
985 1192 1127 1237 pulcher
1153 1193 1260 1237 magis
1286 1198 1358 1226 erat
1384 1204 1486 1237 quam
1513 1192 1634 1226 fratres
1656 1193 1747 1232 eius,
1767 1199 1801 1226 et
1818 1192 1942 1226 Rachel
1968 1204 2072 1237 quam

398 1252 465 1283 Lia.
494 1252 577 1283 Tum
605 1257 637 1283 et
663 1249 758 1283 sidus
783 1249 874 1282 haud
903 1249 1025 1283 melius
1051 1249 1197 1288 dicitur,
1226 1250 1285 1284 sed
1311 1251 1425 1295 potius
1451 1250 1561 1295 gloria
1590 1250 1743 1283 differre.
1772 1251 1809 1283 ln
1839 1250 2074 1295 heterogeneis

397 1315 527 1345 autem,
553 1319 630 1340 eum
657 1307 779 1351 aliquis
805 1318 843 1339 ea
864 1307 1009 1339 invit-em
1035 1313 1230 1351 comparat,
1252 1313 1334 1340 tune
1359 1306 1569 1340 vocabulum
1591 1321 1606 1338 «
1628 1307 1752 1341 melior
1774 1321 1790 1339 »
1813 1307 1856 1340 de
1881 1307 2074 1341 differentia

399 1371 600 1410 umrpatur.
623 1365 708 1397 sicut
734 1364 777 1397 de
803 1365 965 1409 sapientia
986 1370 1017 1397 et
1037 1363 1210 1409 lapidibus
1235 1364 1396 1397 diximus.
1426 1365 1569 1409 Si-ergo
1594 1364 1733 1398 dixisset
1758 1364 1952 1409 apostolus:
1981 1370 2076 1398 tanto

400 1423 511 1467 potius
538 1421 628 1454 tilius
654 1421 782 1466 augelis
809 1421 999 1458 antecellit,
1028 1420 1080 1453 vel
1109 1427 1203 1454 tauto
1229 1427 1279 1453 est
1304 1422 1434 1458 maior,
1463 1421 1586 1465 aliquis
1611 1420 1711 1454 vobis
1736 1427 1931 1466 praetextus
1957 1420 2074 1459 fieret,

399 1480 494 1526 quasi
514 1481 542 1512 is
569 1478 677 1512 tilium
698 1491 774 1512 rum
796 1479 925 1523 angelis
947 1485 1173 1523 compararet.
1203 1480 1299 1511 Nunc
1319 1484 1433 1511 autem
1452 1490 1558 1523 quum
1578 1479 1669 1511 dicat
1688 1478 1866 1512 meliorem
1886 1490 1965 1512 eum
1983 1489 2073 1516 esse.

401 1543 602 1580 tantumque
627 1535 786 1573 differre,
810 1541 975 1580 quantum
1003 1534 1093 1568 filius
1120 1546 1138 1568 a
1163 1535 1269 1568 servis
1294 1534 1429 1571 differt,
1453 1535 1603 1568 ostendit
1628 1546 1707 1567 eum
1727 1533 1770 1568 ab
1789 1534 1991 1579 angelorum
2016 1546 2077 1568 na-

402 1601 476 1627 tura
503 1593 690 1625 diversum.
720 1593 901 1637 Quumque
928 1603 1045 1625 rursus
1064 1592 1153 1625 dieat
1177 1603 1254 1625 eum
1274 1592 1388 1625 onmia
1416 1591 1594 1629 fundasse,
1616 1591 1829 1625 demonstrat
1854 1592 1966 1636 ipsum
1986 1603 2003 1625 a
2022 1603 2078 1625 re-

403 1650 466 1683 lius
491 1649 653 1683 omnibus
673 1650 768 1683 factis
787 1649 973 1683 divorsum.
1003 1650 1115 1689 Quum
1142 1661 1224 1693 ergo
1251 1650 1278 1682 is
1304 1649 1459 1682 dixersus
1485 1649 1526 1682 sit
1552 1655 1585 1682 et
1610 1648 1856 1693 lieterogeneus
1875 1659 1893 1682 a
1912 1648 2078 1682 factarum

404 1720 516 1741 rerum
544 1714 681 1743 natura,
701 1718 871 1752 quaenam
899 1706 970 1739 sieri
997 1712 1109 1751 potest
1134 1707 1347 1751 comparatio
1373 1706 1427 1739 vel
1455 1705 1644 1739 similitudo
1671 1704 1878 1738 substantiae
1903 1706 1974 1738 eius
1999 1717 2079 1738 eum

404 1765 498 1797 sactis
525 1763 651 1797 rebusl3
680 1765 860 1809 Propterea
887 1769 919 1796 et
945 1764 1016 1808 ipse
1042 1762 1133 1796 filius
1159 1774 1228 1797 non
1251 1763 1335 1795 dixit
1363 1763 1393 1795 ⁹:
1419 1777 1434 1793 «
1457 1769 1553 1808 pater
1578 1774 1674 1796 meus
1698 1762 1821 1795 melior
1846 1773 1900 1795 me
1925 1768 1973 1795 est
1997 1775 2012 1793 »
2036 1773 2078 1795 ne

403 1822 478 1866 quis
497 1833 574 1853 eum
602 1827 801 1854 extraneum
823 1820 865 1853 ab
884 1821 976 1853 illius
1001 1826 1122 1853 natura
1141 1821 1360 1853 existimaret.
1390 1820 1454 1853 Sed
1477 1834 1492 1851 «
1516 1820 1625 1853 maior
1647 1833 1662 1851 »
1684 1819 1789 1856 dixin
1810 1829 1880 1851 non
1900 1824 2013 1851 tamen
2032 1817 2080 1850 ob

403 1878 673 1923 magnitudinem
695 1877 842 1921 aliquam
867 1883 921 1910 aut
943 1883 1093 1922 tempus,
1116 1877 1174 1910 sed
1195 1882 1336 1922 propter
1355 1888 1453 1910 suam
1473 1888 1512 1910 ex
1532 1882 1628 1921 patre
1650 1875 1918 1920 generationem.
1945 1873 2080 1907 Nihilo-

404 1935 516 1967 minus
543 1935 593 1967 xel
622 1946 728 1978 quum
756 1934 883 1966 diceret
907 1947 922 1963 «
945 1934 1055 1967 maior
1073 1940 1123 1966 est
1144 1947 1159 1964 »
1182 1933 1431 1967 demonstravit
1451 1944 1569 1966 rursus
1588 1931 1796 1965 substantiae
1819 1931 2077 1976 proprietatem.

404 1992 443 2024 Et
469 1992 609 2036 quidem
635 1992 737 2023 etiam
764 1990 960 2035 apostolus,
988 2002 1057 2024 non
1083 1991 1163 2035 quia
1189 1992 1404 2036 potissimum
1431 1989 1534 2023 Verbi
1561 1988 1785 2023 substantiam
1812 1999 1831 2021 a
1856 1987 1959 2021 rebus
1985 1987 2081 2021 factis

404 2048 597 2081 discernere
623 2047 745 2083 vellet,
771 2047 877 2080 dixit:
909 2061 923 2077 «
951 2053 1046 2080 tanto
1072 2046 1194 2080 melior
1220 2047 1349 2093 angelis
1374 2046 1526 2080 effectus.
1558 2061 1573 2077 »
1602 2048 1660 2079 Est
1686 2045 1776 2078 enim
1802 2043 2082 2089 incomparabilis

406 2106 519 2149 potius
546 2110 646 2149 atque
673 2104 844 2141 dixersus,
869 2105 928 2137 sed
956 2104 997 2137 ad
1022 2102 1124 2137 verbi
1151 2104 1420 2137 incarnationem
1446 2104 1650 2148 respiciens,
1671 2108 1703 2135 et
1730 2107 1903 2146 peractam
1928 2111 1970 2134 eo
1995 2107 2082 2134 tem-

407 2174 489 2207 pore
520 2161 563 2194 ab
594 2163 667 2206 ipso
698 2163 957 2200 oeconomiam,
987 2162 1222 2195 demonstrare
1251 2162 1361 2195 voluit
1389 2173 1459 2195 non
1490 2172 1561 2195 esse
1587 2161 1653 2194 hoc
1683 2159 1791 2193 simile
1821 2158 2016 2204 prioribus;
2045 2164 2082 2192 ut

405 2225 572 2264 quantum
600 2223 719 2252 natura
744 2219 859 2252 differt
886 2231 903 2253 a
930 2220 1040 2252 missis
1066 2226 1143 2253 ante
1169 2220 1281 2264 ipsum
1297 2245 1305 2257 ,
1335 2219 1549 2252 tantumdem
1580 2219 1686 2251 immo
1712 2224 1745 2250 et
1772 2217 1879 2261 magis
1905 2217 2012 2261 gratia
2039 2215 2082 2249 ab

408 2276 481 2321 ipso
507 2281 539 2308 et
566 2286 626 2320 per
653 2277 764 2321 ipsum
791 2276 895 2313 saeta,
918 2277 1040 2310 melior
1067 2276 1269 2321 angelorum
1296 2277 1484 2309 ministerio
1504 2281 1677 2321 appareat.
1706 2276 1792 2308 Nam
1818 2274 1905 2308 servi
1930 2273 2083 2307 officium

410 2333 649 2366 tantummodo
675 2340 725 2366 est
751 2332 881 2367 fructus
906 2335 1061 2379 exigere3
1083 2334 1144 2367 tilii
1171 2340 1284 2367 autem
1305 2341 1337 2367 et
1356 2334 1505 2372 domini,
1529 2332 1643 2366 debita
1662 2333 1855 2370 remittere,
1876 2337 1910 2364 et
1927 2331 2005 2364 vitis
2030 2330 2083 2364 lo-

409 2391 577 2423 cationem
604 2390 800 2424 transferre.

505 2448 681 2480 Sufficiunt
702 2447 783 2480 haec
804 2446 927 2492 pudori
949 2446 1146 2480 incutiendo
1165 2447 1206 2479 iis
1223 2448 1282 2492 qui
1302 2447 1478 2480 veritatem
1499 2453 1712 2492 oppugnant.
1737 2446 1837 2487 Quod
1857 2446 1884 2479 si
1903 2446 1982 2490 quia
2001 2444 2084 2478 scri·

411 2511 506 2548 ptum
533 2510 583 2538 est
606 2518 621 2534 «
645 2505 752 2537 sactus
774 2518 789 2534 »
812 2504 934 2538 nolunt
954 2504 997 2537 de
1017 2504 1090 2537 filio
1115 2504 1266 2541 dictum,
1291 2516 1352 2537 ceu
1378 2504 1469 2537 idem
1488 2505 1529 2537 sit
1549 2516 1586 2537 ac
1609 2518 1623 2535 «
1647 2510 1715 2542 est;
1740 2518 1755 2535 »
1777 2503 1831 2537 vel
1857 2503 1938 2548 quia
1964 2501 2084 2535 melius

411 2562 636 2594 ministerium
663 2568 775 2595 actum
801 2562 859 2599 sit,
880 2560 1089 2594 vocabulum
1113 2574 1128 2592 «
1151 2561 1258 2595 faetus
1281 2575 1296 2592 »
1319 2562 1471 2606 accipere
1489 2568 1522 2595 et
1540 2561 1752 2606 intelligere,
1774 2567 1811 2594 ut
1834 2560 2001 2597 diximum
2024 2557 2083 2592 sed

413 2619 603 2651 existimant
623 2618 666 2651 al)
685 2619 748 2652 hac
767 2619 916 2651 dictione
941 2617 1067 2651 factum
1087 2618 1245 2651 denotari
1264 2617 1416 2651 Verbum
1429 2644 1436 2656 ,
1459 2618 1598 2653 audiant
1622 2630 1751 2652 rursus.
1780 2619 1812 2651 Si
1837 2616 1978 2662 quidem
1996 2626 2083 2649 unus

415 2675 613 2719 angelorum
640 2676 732 2710 filius
757 2682 825 2714 est,
851 2676 984 2709 dicatur
1010 2681 1090 2708 tunc
1116 2681 1186 2708 tam
1212 2676 1255 2709 de
1280 2676 1346 2709 hoe
1371 2687 1476 2721 quam
1502 2676 1545 2710 de
1570 2676 1638 2709 illis
1663 2674 1872 2709 vocabulum
1897 2687 1913 2706 «
1934 2672 2040 2706 factus
2065 2685 2080 2702 »

499 2802 527 2829 ⁸1„
550 2800 580 2825 ln
593 2805 708 2836 utroque
723 2802 814 2829 codiee
828 2803 909 2837 paris.
926 2806 952 2829 et
966 2801 1073 2829 mediol.
1090 2802 1129 2834 (si
1144 2805 1214 2829 recte
1229 2801 1328 2828 lectum
1345 2801 1413 2834 fuit)
1427 2802 1525 2836 Iacob;
1540 2801 1587 2829 sed
1600 2802 1658 2829 sine
1671 2801 1754 2828 dubio
1766 2797 1940 2828 scribendum
1954 2801 2012 2825 erat
2026 2797 2082 2824 lob.
