2205 3177
150 584 231 619 Iflier.
240 581 339 603 xxxln.

160 652 168 659 ’
186 649 212 669 13.
229 646 304 668 tvm.
320 648 338 666 9.

207 709 236 729 (ἕν
259 714 273 733 ρ
296 709 340 727 tw.

272 940 291 953 v.
309 936 340 954 15.

207 962 243 980 ar.
258 966 273 986 p
295 962 341 981 2¹6.

151 1165 159 1172 ¹
177 1161 222 1181 loh.
236 1160 295 1181 Vlll.
309 1162 340 1179 46.

157 2187 164 2195 ¹
183 2186 228 2205 lob.
243 2185 302 2205 vm.
314 2187 346 2205 132.

280 2305 299 2319 v.
317 2302 346 2320 ΠΔ

182 2530 188 2536 ’
206 2527 265 2547 nem
288 2526 314 2546 11Δ
331 2529 341 2539 '²

283 2697 342 2715 ⁷17

382 165 444 198 ¹56
878 168 906 190 s.
934 165 1060 189 evalui
1086 163 1305 187 Atexfflnmxi
1331 160 1534 184 ssxPLANfflo

378 237 496 272 rabant
523 236 622 270 etiam
649 239 782 266 sanctos
807 229 980 276 apostolos
1005 240 1074 262 non
1100 227 1204 261 semel
1232 228 1265 260 in
1291 225 1471 271 synedrio,
1492 223 1625 257 crimini
1651 222 1769 256 dantes
1788 221 1909 255 Christi
1935 220 2035 254 disci-

381 297 547 342 pulatum.

857 352 967 376 omno
983 358 1049 375 men
1067 352 1099 373 in
1117 351 1219 373 sinum
1237 355 1336 372 meum
1353 348 1558 370 conver-tetur.

474 407 606 442 Oratio,
628 405 734 450 inquit
747 430 754 438 .
776 414 848 437 mea
875 404 909 436 in
935 403 1046 435 sinum
1065 412 1179 434 meum
1199 405 1431 435 convertetur,
1452 397 1487 430 id
1509 403 1559 429 est
1579 395 1668 429 haud
1687 395 1839 429 inefficax
1859 405 1967 439 neque
1986 393 2037 426 fu-

380 467 447 500 tilis
473 465 533 498 fuit
561 462 650 508 apud
678 463 785 495 Deum
803 485 810 498 ,
839 460 946 493 immo
970 470 1054 492 vero
1080 456 1294 503 acceptabilis
1312 482 1319 491 ,
1348 462 1379 488 et
1405 455 1508 488 veluti
1537 454 1571 486 in
1597 454 1708 486 sinum
1734 463 1846 485 meum
1871 451 2034 485 coniecta.

381 523 534 556 Solemus
559 521 649 553 enim
675 518 779 551 veluti
798 518 873 550 sinu
899 517 1054 561 excipere
1079 526 1166 560 quae
1192 513 1291 546 nobis
1310 512 1510 545 adferuntur
1527 510 1630 543 dona.
1657 508 1757 549 Quod
1777 515 1887 542 autem
1905 513 2038 541 sancto-

380 591 454 613 rum
475 588 591 623 preces
617 577 705 609 Deus
724 574 898 610 admittat,
919 573 995 618 quis
1014 571 1169 605 dubitet?
1190 570 1301 616 palam
1327 570 1401 614 ipso
1427 568 1558 601 dicente
1571 593 1578 604 ,
1600 566 1704 599 modo
1722 565 1860 610 quidem
1881 565 1910 597 'z
1931 564 2037 597 clama

379 636 420 670 ad
440 647 510 671 me,
531 641 562 667 ct
582 644 646 678 ego
665 639 697 666 te
716 631 912 667 exaudiam:
935 629 1039 663 modo
1059 635 1171 662 autem
1190 626 1326 660 cuilibet
1349 626 1458 658 oranti
1480 626 1508 657 ':
1531 624 1641 658 adhuc
1660 630 1692 656 te
1711 623 1887 667 loquente,
1909 620 2035 654 dicam:

379 704 454 727 ecce
481 691 613 725 adsum.
641 709 663 714 -
688 689 747 723 Vel
774 688 946 722 contrario
973 698 1072 720 sensu
1099 685 1163 718 hoc
1189 684 1313 717 dicitur
1332 695 1348 716 a
1369 683 1540 728 psalmista
1560 693 1640 726 pro:
1664 692 1765 714 orans
1787 680 1909 713 reiecta
1928 678 2039 723 recepi

379 762 396 783 a
424 749 570 783 Domino
596 745 781 792 postulata,
803 744 927 790 quibus
946 744 1056 776 sinum
1078 752 1191 775 meum
1212 740 1352 785 replevi.
1382 739 1417 771 ld
1439 750 1544 784 porro
1564 738 1692 773 innuit,
1716 746 1946 782 perseverasse
1963 734 2042 767 illos

380 808 413 840 in
440 811 597 851 peccato:
620 803 702 836 nihil
723 803 813 835 enim
833 803 1077 846 impetrarunt,
1100 798 1228 842 inquit,
1252 796 1297 830 ob
1324 796 1477 830 vesaniae
1502 805 1692 832 excessum:
1713 794 1867 828 oratione
1885 792 1988 825 veluti
2007 791 2041 823 in

382 865 533 909 ipsorum
560 862 670 894 sinum
698 858 834 892 reflexa.

946 921 1099 947 missinati
1116 921 1189 941 sunt
1200 933 1208 946 ‚
1225 925 1279 941 nee
1296 917 1480 944 compuncti.

478 976 512 1009 ld
540 982 604 1010 est,
627 973 734 1019 rigida
755 972 877 1005 mansit
903 977 933 1004 et
961 968 1180 1004 inexorabilis
1200 979 1294 1000 mens
1313 967 1464 999 illorum.
1486 967 1727 999 Verumtamen
1746 976 1809 1011 ego
1828 963 2039 1009 ignorabam.

382 1034 470 1075 Quid
490 1044 571 1066 xero
591 1029 814 1076 ignorabam?
833 1029 973 1062 Causam
994 1026 1118 1060 scilicet
1131 1051 1139 1061 ,
1161 1024 1207 1057 ob
1226 1036 1329 1070 quam
1349 1023 1480 1068 flagella
1500 1021 1807 1060 consumebantur,
1828 1022 1911 1066 quin
1930 1027 2041 1055 tamen

380 1093 442 1137 ipsi
469 1093 790 1134 compungerentur.
820 1085 911 1119 Nihil
931 1086 1041 1122 enim,
1063 1089 1098 1116 ut
1126 1083 1214 1119 dixi,
1235 1081 1398 1114 habentes
1415 1080 1509 1125 qrxod
1529 1080 1661 1113 crimini
1683 1079 1820 1117 darent,
1843 1079 1975 1112 Christo
1994 1079 2043 1111 ni-

381 1148 566 1181 hilominus
592 1143 835 1177 irascebantur.
864 1143 1022 1175 Attamen
1043 1144 1069 1173 is
1089 1139 1201 1185 palam
1220 1138 1351 1171 dixerat
1372 1139 1401 1169 ':
1423 1137 1499 1181 quis
1522 1147 1561 1169 ex
1581 1135 1677 1169 vobis
1697 1141 1813 1181 arguet
1831 1146 1885 1168 me
1903 1135 1946 1168 de
1964 1146 2044 1180 pec—

380 1204 476 1238 cato‘?
496 1203 526 1235 Si
548 1202 723 1235 veritatem
743 1200 820 1233 dico
833 1225 840 1237 ,
863 1210 923 1232 cur
941 1197 1024 1231 mihi
1050 1208 1110 1229 vos
1129 1196 1268 1228 minime
1287 1194 1447 1228 creditis?
1467 1194 1583 1238 ltaque
1603 1193 1749 1238 peccati,
1771 1193 1896 1237 inquit,
1918 1191 2044 1225 nullius

381 1262 535 1295 conscius
561 1270 666 1292 eram.

760 1322 973 1345 'tentaverunt
991 1326 1052 1346 me,
1068 1319 1338 1341 subsannaverunt
1354 1323 1401 1339 me
1417 1317 1669 1338 subsannatione.

477 1376 540 1415 Qui
567 1373 758 1419 evangelica
785 1372 909 1417 scripta
935 1370 1040 1415 leget,
1062 1369 1128 1402 hoc
1154 1369 1255 1401 etiam
1275 1378 1374 1401 ausos
1395 1366 1537 1399 ludaeos
1562 1366 1748 1410 comperiet
1775 1365 1935 1399 adversus
1959 1367 2046 1399 vitae

382 1439 516 1466 nostrae
543 1437 734 1467 auctorem.
756 1440 879 1474 nempe
905 1428 1089 1461 Christum.
1120 1427 1297 1459 Sexcentas
1323 1425 1412 1457 enim
1439 1423 1544 1456 malas
1570 1423 1786 1457 cumularunt
1806 1424 1835 1457 ei
1855 1422 2047 1457 tribulatio-

382 1501 459 1524 nes,
482 1501 518 1523 ac
545 1499 708 1535 persaepe
734 1491 963 1521 accesserunt,
985 1485 1184 1529 magistrum
1203 1482 1342 1527 quidem
1370 1492 1446 1513 eum
1474 1481 1700 1526 appellantes,
1722 1480 1782 1514 sed
1807 1480 1981 1526 decipulas
1999 1481 2048 1514 la·

381 1558 554 1592 queosque
579 1545 805 1579 intendentes.
833 1543 997 1576 Miserunt
1023 1552 1089 1574 una
1116 1552 1193 1573 eum
1220 1539 1368 1584 propriis
1394 1537 1569 1583 discipulis
1595 1538 1636 1570 ad
1664 1549 1742 1571 eum
1762 1538 1976 1571 Herodianos
1997 1537 2047 1571 di-

383 1610 512 1637 centes:
537 1604 664 1636 scimus
690 1608 722 1634 te
749 1602 839 1634 viam
863 1599 999 1633 Domini
1025 1609 1102 1631 cum
1129 1597 1319 1629 sinceritate
1345 1595 1484 1632 docere,
1514 1606 1623 1639 neque
1649 1594 1709 1627 tibi
1735 1593 1924 1639 quemlibet
1949 1605 2049 1628 curae

382 1673 472 1699 esse;
495 1672 563 1694 non
590 1661 680 1693 enim
708 1659 827 1692 faciem
853 1657 1002 1691 hominis
1028 1655 1204 1688 rexereris.
1235 1655 1323 1686 Licet
1353 1664 1392 1686 ne
1418 1653 1548 1686 Caesari
1575 1652 1656 1685 dare
1682 1651 1868 1691 tributum,
1893 1663 1956 1686 nec
1981 1653 2048 1685 ne?

383 1718 558 1751 Interdum
585 1717 710 1759 legales
735 1715 951 1760 quaestiones
977 1718 1226 1758 proponentes,
1248 1717 1277 1744 et
1306 1710 1456 1743 discendi
1485 1709 1697 1743 voluntatem
1716 1720 1797 1754 prae
1822 1721 1856 1742 se
1882 1709 2045 1744 ferentes.

383 1774 578 1807 nitebantur
604 1773 731 1818 aliquid
758 1772 873 1805 venari
901 1782 940 1804 ex
967 1781 1026 1803 ore
1052 1769 1143 1805 eius,
1170 1768 1265 1800 sicuti
1292 1768 1455 1811 scriptum
1482 1772 1542 1799 est.
1573 1766 1637 1799 Sed
1664 1777 1865 1810 responsum
1892 1771 1972 1799 tunc
1997 1778 2050 1799 re-

384 1832 551 1865 tulerunt:
574 1842 634 1863 cur
654 1842 706 1863 mc
728 1829 879 1866 tentatis,
902 1827 1122 1873 hypocritae?
1149 1827 1223 1858 Non
1244 1826 1334 1857 enim
1357 1824 1428 1857 lieri
1450 1829 1582 1868 poterat
1601 1830 1635 1856 ut
1656 1835 1734 1856 eum
1753 1823 1896 1856 laterent
1914 1824 1972 1868 qui
1991 1835 2051 1857 cor

382 1889 475 1921 videt
501 1900 538 1921 ac
564 1898 679 1923 renes,
700 1892 730 1919 ct
759 1885 890 1918 occulta
911 1884 1018 1918 novit.
1048 1882 1147 1922 Quod
1170 1894 1250 1915 xero
1270 1882 1367 1914 illum
1388 1882 1489 1914 etiam
1515 1879 1813 1918 subsannaverint,
1836 1880 1926 1913 haud
1953 1891 2050 1925 aegre

383 1945 600 1989 cognoscitur
627 1956 666 1977 ex
694 1944 733 1977 iis
758 1954 844 1987 quae
870 1942 912 1975 de
935 1952 976 1974 eo
995 1941 1117 1985 scripta
1144 1946 1234 1972 sunt.
1264 1940 1416 1982 Namque
1440 1937 1641 1971 universalis
1659 1938 1817 1971 Servator
1835 1949 1872 1971 ac
1892 1937 2051 1971 dominus

384 2002 533 2035 dixerat:
556 2013 673 2037 anien,
696 2012 811 2035 anien.
833 1999 911 2031 dico
936 1997 1052 2031 robis:
1074 1998 1131 2041 qui
1160 2006 1353 2029 >ermonem
1381 2007 1493 2027 meum
1521 1994 1634 2029 audit.
1657 1994 1832 2039 creditque
1856 1995 1886 2028 ei
1912 1995 1970 2039 qui
1996 2006 2050 2027 me

384 2060 494 2096 misit,
516 2058 614 2091 habet
642 2059 745 2090 xitatn
772 2057 1034 2101 sempiternam:
1056 2054 1274 2098 addiditque:
1297 2064 1406 2097 neque
1425 2059 1571 2086 mortem
1592 2051 1719 2084 xidehit
1739 2052 1772 2084 in
1791 2057 1979 2085 aeternum.
2008 2054 2050 2085 At

385 2116 433 2149 illi
461 2116 537 2148 duri
565 2127 601 2148 ac
627 2113 784 2159 superbi,
810 2113 856 2146 ob
882 2124 981 2146 suum
1008 2112 1135 2157 pingue
1162 2112 1356 2155 ingenium.
1384 2110 1512 2142 dictum
1538 2120 1607 2142 non
1634 2108 1859 2154 intelligentes
1884 2109 2049 2143 adversati

385 2178 464 2205 sunt
482 2171 632 2205 dicentes
654 2173 682 2203 ἐ
705 2169 876 2204 Abraham
905 2175 1061 2202 mortuus
1086 2175 1153 2202 est,
1177 2168 1362 2212 prophetae
1390 2167 1467 2199 item
1495 2167 1620 2199 mortui
1648 2171 1744 2203 sunt;
1771 2172 1805 2199 lu
1831 2177 1913 2199 vero
1939 2167 2002 2199 ais:
2023 2167 2050 2199 si

386 2229 462 2273 quis
479 2239 671 2261 sermonem
692 2239 804 2260 meum
819 2227 978 2263 audierit,
999 2237 1066 2259 non
1086 2224 1212 2258 xidehit
1231 2231 1375 2257 mortem
1393 2225 1424 2257 in
1442 2229 1629 2257 aeternum.
1647 2224 1755 2263 Quem
1773 2229 1804 2256 te
1822 2223 1934 2268 ipsum
1949 2222 2051 2256 facis?

827 2292 968 2314 nestitae
984 2292 1121 2313 animam
1138 2297 1235 2312 meam
1252 2297 1269 2312 a
1287 2289 1487 2316 malignitate
1504 2295 1619 2311 eorum.

479 2343 684 2376 ludaeorum
705 2341 830 2386 ubique
851 2346 1038 2374 memorata
1058 2341 1246 2384 impietate,
1269 2339 1396 2383 diuque
1416 2338 1458 2370 de
1478 2338 1615 2370 salutari
1636 2338 1791 2382 passione
1810 2336 1982 2382 psalmista
2006 2336 2052 2369 lo-

388 2406 502 2438 cutus,
533 2400 721 2433 m=ce<sario
748 2399 878 2433 intulit,
901 2397 946 2431 ob
973 2398 1128 2442 priorum
1156 2396 1434 2439 intelligentiam.
1456 2395 1498 2427 de
1525 2395 1772 2428 resurrectione
1796 2405 1935 2438 quoque
1960 2393 2051 2426 illius

388 2470 405 2491 a
431 2459 574 2491 mortuis
600 2468 804 2490 sermonem.
834 2456 947 2488 Gratia
973 2455 1063 2487 enim
1089 2453 1165 2489 Dei,
1189 2464 1252 2497 pro
1278 2451 1438 2484 omnibus
1462 2458 1608 2484 mortem
1634 2452 1796 2497 gustavit,
1819 2451 1866 2484 uti
1886 2451 2050 2495 scriptum

388 2521 434 2547 est
457 2516 484 2552 ';
508 2514 597 2548 haud
619 2521 729 2547 tamen
750 2513 871 2546 mansit
892 2513 926 2545 in
944 2517 1055 2544 morte
1074 2510 1238 2555 captivus.
1267 2510 1356 2553 Ergo
1376 2509 1505 2541 etiamsi
1525 2514 1622 2553 pater
1639 2519 1717 2541 eum
1735 2507 1982 2552 redintegrasse
1999 2506 2052 2540 di-

390 2573 494 2610 citur,
517 2579 663 2605 attamen
691 2571 724 2604 id
750 2572 862 2616 ipsum
889 2581 950 2615 per
978 2568 1086 2601 silium
1114 2568 1229 2600 secisse
1255 2566 1495 2603 adfirmamus,
1517 2567 1575 2610 qui
1601 2566 1764 2611 sapientia
1789 2566 1868 2603 Dei,
1890 2571 1921 2598 et
1947 2565 2051 2609 patris

388 2634 495 2661 virtus
520 2635 580 2661 est.

996 2692 1024 2714 A
1041 2691 1182 2714 leonibus
1200 2690 1322 2712 unicam
1339 2695 1448 2712 meam.

485 2743 613 2775 Leones
639 2743 716 2776 dicit
747 2749 802 2776 aut
829 2742 935 2775 malas
960 2748 994 2775 et
1019 2740 1205 2774 contrarias
1231 2739 1418 2784 potentias,
1446 2749 1534 2782 quae
1560 2737 1722 2770 adversus
1748 2736 1918 2769 Christum
1942 2734 2051 2779 quod-

391 2798 551 2832 ammodo
579 2800 805 2844 irrugierunt,
826 2800 880 2833 vel
908 2800 1000 2844 ipsos
1024 2808 1163 2843 quoque
1182 2796 1323 2830 fortasse
1343 2795 1547 2828 ludaeorum
1566 2794 1746 2839 principes.
1775 2794 1827 2827 Sic
1852 2793 1942 2826 enim
1961 2793 2052 2837 ipso-
