2205 3177
492 196 525 220 IN
551 197 732 220 EPJSTOLAM
759 197 796 220 Π-
825 196 868 218 AD
894 194 1087 218 CORINTHIOS
1111 195 1185 218 CAP.
1214 195 1264 217 111.
1292 193 1332 217 ET
1357 193 1403 217 IV.
1744 182 1782 215 GI

110 265 184 312 pria
204 263 295 298 Deus
320 262 380 300 sit,
402 261 463 296 sed
486 263 567 308 quia
591 262 667 297 talis
692 261 903 295 existimatur
922 258 965 293 ab
989 260 1030 292 iis
1049 260 1109 305 qui
1134 271 1256 293 verum
1281 258 1542 304 naturalemque
1561 258 1670 292 Deum
1694 258 1793 304 igno-

110 328 199 356 rant.
228 323 358 355 Rursus
381 320 469 354 illud
496 321 722 355 admiratione
749 319 892 363 dignum
917 323 986 350 est:
1010 317 1202 362 theologice
1227 318 1319 351 enim
1345 317 1500 362 loquitur
1518 315 1661 355 Paulus,
1683 322 1716 349 et
1741 316 1794 348 in-

110 379 316 414 carnationis
340 379 512 424 Unigeniti
538 378 690 412 enucleat
718 376 939 421 mysterium:
960 385 1038 408 ecce
1063 375 1154 407 enim
1180 374 1358 408 manifeste
1384 374 1671 407 illuminationem
1690 385 1794 407 evan-

108 438 187 482 gelii
213 437 343 483 gloriae
366 437 509 475 Christi,
532 436 754 482 apostolicam
774 432 924 479 appellat
944 431 1249 477 praedicationem.
1276 433 1318 465 Et
1337 438 1450 466 tamen
1471 432 1498 465 is
1522 432 1580 477 qui
1601 431 1795 477 appellatur

108 494 282 533 Christus,
303 495 362 528 Dei
387 494 552 527 naturalis
571 493 680 530 filius,
701 491 873 526 unctionis
897 501 977 523 suae
998 496 1173 534 tempore,
1195 489 1256 522 etsi
1282 490 1425 534 ipsemet
1445 489 1551 522 sancti
1570 490 1715 534 Spiritus
1733 488 1795 522 da-

110 559 166 587 tor
190 553 252 590 sit,
275 558 397 586 unctus
423 552 550 585 dicitur
578 562 596 584 a
624 551 695 583 Deo
719 555 753 582 et
780 555 876 594 patre
903 547 981 581 oleo
1009 547 1168 581 laetitiae.
1197 548 1289 591 Ergo
1316 547 1428 591 speeie
1456 552 1571 580 nostra
1598 552 1791 592 assumpta.

108 621 347 656 apparensque
367 610 401 643 in
421 609 519 643 terris
537 608 644 641 homo
663 606 878 651 unigenitum
897 606 957 638 Dei
976 603 1146 641 Verbum,
1170 610 1250 637 tunc
1269 603 1409 637 demum
1435 604 1621 638 rectissime
1641 604 1793 637 Christus

108 679 181 701 esse
212 667 416 712 intelligitur
445 666 652 710 diciturque.
683 665 800 709 ltaque
827 662 912 697 fides
938 674 1007 696 non
1035 674 1115 707 erga
1143 661 1334 708 simplicem
1361 667 1463 706 atque
1490 673 1599 694 unum
1624 674 1642 695 e
1669 661 1794 695 nostris

109 725 289 759 hominem
316 725 531 770 praedicatur
555 722 690 756 mundo
717 722 760 756 ab
787 722 959 768 inspiratis
984 719 1204 758 doctoribus,
1225 721 1284 765 qui
1309 720 1417 753 immo
1436 720 1601 753 nunciant
1628 720 1687 753 Dei
1712 720 1795 753 Ver-

109 782 194 816 bum
221 784 256 816 in
284 783 433 817 humana
460 781 570 816 forma
597 786 793 819 ostensum,
822 786 924 825 atquc
952 779 998 812 uti
1029 778 1298 824 primogenitum
1325 778 1359 811 in
1384 777 1502 811 multis
1529 776 1691 810 fratribus
1716 788 1795 810 eum

109 841 169 886 qui
194 847 244 875 est
269 840 474 885 unigenitus.
503 839 590 872 Nam
616 849 787 883 quaenam
805 836 944 871 demum
966 848 983 870 a
1004 835 1104 869 nobis
1124 835 1375 880 intelligeretur
1399 835 1608 868 illuminatio
1628 835 1794 879 evangelii

110 898 241 943 gloriae
266 899 392 944 ipsius,
417 897 482 930 nisi
507 896 608 930 simul
636 897 707 942 ipse
735 895 987 940 intelligeretur
1011 895 1102 927 Deus
1129 900 1163 927 et
1188 894 1303 939 imago
1330 894 1456 939 patris,
1478 904 1588 938 neque
1615 892 1797 926 hominum

111 954 191 989 filiis
209 966 288 1001 par,
310 954 370 989 sed
389 954 659 988 substantialiter
678 954 792 1000 potius
811 959 843 987 et
863 951 1064 986 naturaliter
1088 951 1201 985 silius?
1220 952 1339 996 Neque
1357 951 1487 985 idcirco
1506 950 1669 989 dicimus,
1691 961 1797 995 opor-

112 1018 183 1046 tere
205 1013 294 1058 patri
312 1024 452 1058 quoque
472 1023 610 1046 carnem
629 1011 843 1046 adtribuere:
865 1022 976 1055 neque
996 1010 1153 1055 imaginis
1171 1008 1396 1055 pulchritudo
1414 1008 1466 1041 his
1485 1020 1526 1042 ex
1545 1007 1649 1042 rebus
1667 1008 1795 1045 extitit:

110 1069 171 1104 sed
195 1070 283 1104 illud
302 1071 411 1115 magis
429 1071 582 1116 reputari
600 1070 744 1115 dignum
763 1076 829 1107 est,
850 1070 959 1102 Deum
978 1069 1079 1101 etiam
1100 1074 1176 1101 ante
1196 1079 1334 1101 carnem
1353 1066 1572 1112 adsumptam
1592 1066 1694 1100 fuisse
1713 1066 1798 1099 Ver—

110 1126 214 1166 bum,
235 1128 467 1162 characterem
477 1152 487 1165 v,
510 1128 771 1172 naturalemque
790 1127 972 1172 imaginem
992 1126 1168 1171 genitoris.
1197 1125 1421 1170 Vicissimque
1440 1124 1501 1158 illo
1521 1123 1613 1169 apud
1634 1135 1696 1157 nos
1723 1135 1797 1157 ver-

111 1191 226 1223 sante,
247 1186 353 1230 patris
372 1185 557 1230 imaginem
575 1185 809 1219 inhaerentem
830 1185 893 1229 ipsi
915 1183 1015 1217 fuisse
1035 1183 1300 1217 existimandum
1319 1189 1385 1219 est,
1407 1182 1619 1215 humanitate
1637 1180 1717 1214 licet
1737 1192 1798 1226 per

112 1241 403 1288 dispensationem
429 1254 507 1276 cum
534 1244 608 1288 ipso
635 1243 811 1276 existente.
840 1243 1031 1287 Reputatur
1056 1252 1139 1286 ergo
1165 1247 1341 1285 tamquam
1371 1251 1459 1273 unus
1485 1250 1563 1273 cum
1592 1250 1692 1272 carne
1721 1250 1792 1273 sua.

114 1301 222 1334 Porro
249 1307 283 1335 et
309 1301 356 1334 sic
382 1301 495 1346 imago
523 1307 573 1334 est
600 1301 722 1345 patris,
750 1306 918 1346 quatenus
942 1299 1033 1333 Deus
1057 1305 1124 1337 est,
1151 1304 1185 1332 et
1211 1309 1252 1331 ex
1277 1298 1352 1343 ipso
1376 1297 1578 1331 naturaliter
1602 1303 1794 1342 generatus.

326 1376 389 1402 Qui
407 1376 517 1399 illuxit
533 1376 567 1398 in
586 1376 730 1400 eol-«libus
748 1375 863 1397 nostris
880 1375 920 1397 ml
938 1374 1206 1397 illuminationem
1220 1374 1373 1396 scientiae
1389 1373 1512 1402 gloriae
1528 1372 1586 1395 nei

769 1420 802 1441 in
821 1419 901 1441 facie
918 1418 1038 1441 Christi
1058 1418 1139 1440 lesu.

211 1473 312 1514 Quod
339 1473 424 1507 {ides
451 1474 486 1506 in
512 1474 621 1507 Deum
644 1474 704 1513 sit,
725 1473 855 1507 etiamsi
882 1474 917 1506 in
942 1472 1026 1506 faeie
1053 1479 1251 1507 exerceatur
1269 1472 1412 1511 Christi,
1434 1471 1548 1518 palam
1566 1471 1645 1506 facit
1668 1483 1801 1518 praece-

113 1529 217 1564 dente
244 1530 418 1566 locutione
441 1531 605 1576 mysticus
630 1531 766 1565 doctor.
796 1531 913 1565 Vocati
933 1530 1071 1564 fuerunt
1099 1532 1190 1564 enim
1217 1536 1251 1564 et
1269 1530 1384 1564 ludaei
1411 1537 1443 1564 et
1461 1530 1587 1564 ethnici
1612 1530 1654 1564 ad
1676 1531 1798 1564 Christi

113 1589 363 1633 cognitionem:
385 1589 420 1622 hi
447 1589 590 1634 quidem
615 1595 791 1634 tamquam
818 1600 857 1622 ex
886 1600 1005 1622 errore.
1031 1589 1186 1634 salsoque
1210 1587 1304 1622 cultu
1331 1587 1374 1622 ad
1393 1599 1510 1622 veram
1535 1588 1595 1621 Dei
1622 1588 1795 1627 notitiam,

114 1645 165 1679 illi
183 1653 298 1680 autem
317 1646 431 1681 edocti
451 1653 528 1681 sunt
547 1647 728 1681 meliorem
754 1658 859 1692 quam
877 1647 913 1680 in
940 1647 1013 1692 lege
1033 1653 1106 1680 erat
1132 1646 1361 1693 disciplinam.
1389 1646 1574 1691 Propterea
1593 1645 1693 1679 divus
1711 1656 1799 1690 quo-

112 1714 181 1748 que
206 1703 346 1743 Paulus,
369 1711 513 1750 propter
535 1705 744 1738 eminentem
770 1704 894 1738 Christi
913 1704 1107 1743 scientiam,
1129 1704 1212 1750 legis
1238 1703 1413 1737 doctrinas
1432 1703 1691 1749 parvipendisse
1717 1713 1800 1735 con-

114 1760 269 1806 spicitur.
298 1762 383 1795 Cum
401 1773 485 1807 ergo
504 1761 676 1795 Christum
695 1762 855 1795 doctores
878 1762 1093 1808 praedicent;
1116 1768 1217 1807 atque
1235 1762 1270 1795 in
1289 1762 1400 1795 Deum
1419 1760 1615 1798 credentes,
1638 1760 1671 1792 in
1691 1770 1800 1792 unum

114 1829 305 1864 verumque
329 1820 439 1854 Deum
458 1819 619 1859 eredant;
643 1820 727 1865 quid
748 1820 781 1853 ni
800 1821 890 1854 Deus
909 1821 951 1854 sit
971 1820 1138 1858 Christus,
1160 1819 1253 1853 haud
1279 1831 1359 1853 sane
1378 1818 1506 1852 nothus
1525 1824 1583 1852 aut
1601 1816 1800 1864 pseudony—

116 1887 212 1915 mus,
234 1876 269 1909 id
288 1883 339 1910 est
356 1877 511 1911 diversae
531 1889 549 1912 a
568 1883 664 1924 patre
684 1884 842 1916 naturae,
864 1877 923 1911 sed
944 1889 1045 1912 verus
1064 1878 1178 1924 potius
1197 1884 1230 1911 et
1248 1889 1289 1911 ex
1308 1877 1381 1911 eius
1405 1875 1595 1910 substantia
1616 1875 1800 1909 constans?

116 1933 410 1968 Intellectualibus
436 1935 593 1981 profecto
619 1935 768 1970 tenebris
793 1942 829 1978 et·
852 1935 1022 1969 diabolica
1049 1935 1251 1982 deceptione
1270 1947 1368 1968 mens
1386 1935 1576 1968 errantium
1599 1932 1796 1967 obsidetur:

116 1991 176 2025 sed
195 1992 284 2025 Deus
304 1994 463 2038 promisit
483 1993 556 2027 sore
576 2000 613 2027 ut
631 1993 674 2028 de
694 1993 844 2027 tenebris
869 1993 927 2027 lux
949 1994 1178 2039 resplendeat.
1208 1994 1264 2027 Ait
1289 1995 1381 2028 enim
1400 1991 1526 2026 alicubi
1546 1985 1608 2038 per
1628 1992 1747 2025 isaiam
1768 1991 1796 2023 ἐ

118 2062 135 2079 «
159 2050 309 2096 populus
335 2051 394 2096 qui
415 2050 556 2085 sedebat
573 2052 608 2084 in
628 2051 797 2090 tenebris,
820 2063 977 2097 magnam
1005 2052 1118 2086 hausit
1137 2052 1266 2085 lucem:
1288 2052 1347 2097 qui
1367 2050 1528 2084 habitatis
1552 2051 1587 2083 in
1607 2050 1748 2095 regione
1767 2055 1797 2082 et

116 2106 241 2142 umbra
258 2109 398 2147 mortis,
421 2109 538 2142 lumen
557 2108 657 2142 vobis
681 2109 867 2143 illucescet.
893 2124 909 2140 »
931 2111 1015 2143 Tum
1035 2116 1067 2143 et
1087 2109 1186 2143 divus
1205 2109 1315 2143 David
1335 2109 1381 2143 ait
1401 2108 1411 2118 *
1424 2134 1432 2147 ,
1453 2115 1628 2154 tamquam
1655 2118 1715 2141 ore
1740 2118 1799 2141 eo-

116 2176 195 2199 rum
220 2166 279 2211 qui
300 2167 333 2199 in
353 2166 497 2212 caligine
523 2166 742 2213 tenebrisque
768 2175 964 2202 versantur:
985 2169 1065 2213 quia
1085 2174 1121 2201 tu
1143 2167 1355 2201 illuminabis
1379 2166 1556 2201 lucernam
1581 2177 1710 2204 meam,
1731 2165 1801 2198 Do-

117 2223 227 2261 mine:
253 2225 343 2257 Deus
368 2225 434 2263 mi,
460 2224 673 2259 illuminabis
698 2225 857 2259 tenebras
884 2237 987 2259 meas.
1017 2240 1032 2258 »
1059 2226 1228 2266 Quoniam
1255 2236 1339 2258 vero
1366 2224 1537 2270 completa
1562 2230 1612 2258 est
1639 2225 1673 2257 in
1700 2221 1801 2256 nobis

119 2281 226 2324 patris
251 2282 454 2326 promissio,
475 2282 701 2329 divinumque
721 2282 821 2318 nobis
847 2283 1078 2318 intellectuale
1096 2284 1215 2317 lumen
1240 2282 1385 2321 effulsit,
1406 2283 1631 2328 eognovimus
1654 2280 1801 2326 gloriam

120 2338 194 2371 eius
214 2338 250 2371 in
268 2338 353 2372 facie
374 2339 510 2374 Christi.
531 2341 661 2375 Deinde
680 2342 743 2375 nisi
763 2348 849 2375 esset
868 2342 1022 2375 Christus
1042 2341 1243 2375 naturaliter
1262 2352 1410 2386 vereque
1429 2340 1539 2377 Deus,
1560 2341 1618 2384 qui
1638 2338 1711 2372 fieri
1732 2349 1805 2384 pos-

120 2402 170 2429 set
197 2402 233 2429 ut
260 2397 365 2441 patris
390 2397 537 2442 gloriam
560 2400 595 2433 in
620 2411 662 2433 eo
687 2400 927 2434 cerneremus?
947 2401 988 2433 Et
1008 2406 1121 2434 tamen
1147 2399 1250 2433 audio
1269 2400 1379 2433 Deum
1399 2405 1533 2444 patrem
1554 2396 1731 2430 manifeste
1749 2395 1802 2429 di-

120 2454 254 2488 centem
275 2453 304 2486 *z
331 2468 346 2485 «
368 2454 514 2500 gloriam
540 2468 652 2491 meam
677 2458 775 2492 alteri
802 2469 872 2492 non
898 2457 1002 2492 dabo.
1029 2473 1044 2489 »
1067 2458 1170 2503 Atqui
1197 2469 1274 2491 eam
1292 2457 1387 2491 dedit
1407 2455 1497 2493 filio:
1519 2466 1603 2500 ergo
1622 2466 1691 2487 non
1718 2452 1804 2487 alius

120 2510 165 2545 ab
187 2511 250 2545 illo
274 2518 340 2550 est,
363 2513 425 2546 nisi
451 2519 619 2558 quantum
638 2515 681 2549 ad
700 2527 884 2561 personam
903 2522 935 2549 ct
958 2515 1213 2550 subsistentiam
1238 2516 1435 2561 propriam,
1458 2525 1499 2547 ne
1525 2512 1682 2546 videatur
1708 2517 1804 2557 pater

122 2568 210 2602 salso
228 2569 353 2603 dixisse
371 2581 406 2603 se
426 2571 603 2615 propriam
628 2571 773 2616 gloriam
792 2574 827 2606 in
847 2573 931 2607 facie
957 2572 1019 2606 filii
1045 2572 1286 2610 collocavisse;
1308 2582 1411 2616 seque
1430 2569 1621 2604 naturalem
1642 2569 1748 2602 Deum
1768 2569 1803 2601 in

120 2627 197 2672 ipso
217 2633 249 2660 et
269 2638 330 2673 per
350 2628 462 2673 ipsum
482 2629 658 2673 cognosci:
677 2628 778 2663 facies
796 2631 887 2664 enim
902 2631 1028 2664 dicitur
1046 2637 1080 2664 et
1099 2631 1213 2675 imago
1231 2636 1264 2663 et
1284 2628 1449 2674 splendor
1463 2626 1701 2660 subsistentiae
1715 2627 1799 2660 eius.

123 2685 163 2719 Et
189 2696 269 2719 sane
296 2685 469 2719 revelatur
496 2684 587 2719 filius
613 2697 630 2719 a
656 2693 769 2732 patre,
789 2688 1006 2734 vicissimque
1034 2688 1125 2721 filius
1150 2693 1285 2733 patrem
1310 2686 1345 2719 in
1372 2697 1407 2719 se
1431 2686 1506 2730 ipso
1533 2683 1634 2718 nobis
1659 2684 1800 2718 revelat.

808 2753 846 2775 ln
865 2755 945 2776 vasis
962 2754 1122 2777 ficlilibus.

218 2802 349 2836 Fictilia
374 2813 453 2836 vasa
479 2801 625 2836 dicimus
643 2813 790 2848 corpora
809 2802 935 2848 quibus
954 2803 1270 2840 circumvestimur,
1292 2801 1377 2835 dum
1402 2802 1436 2835 in
1462 2800 1681 2835 sensibilibus
1700 2799 1804 2834 rebus

120 2870 314 2893 versamur.
335 2860 507 2895 Sententia
527 2866 641 2895 autem
660 2850 735 2894 est:
747 2860 910 2906 quoniam
932 2861 1044 2895 adhuc
1063 2871 1164 2895 carne
1183 2859 1402 2898 circumdati,
1424 2859 1576 2894 veritatis
1595 2857 1803 2905 contempla-

1834 670 1872 690 (ἰν.
1885 674 1909 695 p.
1924 672 1955 690 9:3⁴

1837 1374 1893 1396 cn».
1909 1374 1946 1396 lv.
1962 1377 1981 1395 c⁴

1840 2007 1847 2017 ‘
1863 2004 1891 2026 ts.
1908 2004 1944 2025 lx:
1961 2008 1979 2024 21

1838 2119 1846 2127 ’
1863 2116 1898 2137 Ps:
1914 2116 1983 2137 xvu.
2000 2118 2031 2137 29<

1841 2294 1880 2314 cr.
1893 2298 1917 2319 p.
1933 2295 1964 2314 9³.

1843 2467 1850 2475 ⁹
1867 2465 1895 2486 Is.
1911 2464 1978 2487 XLII.
1994 2469 2013 2485 a
