2205 3177
145 365 153 373 ·
169 363 248 389 tlphcs.
264 363 290 383 11.
310 366 338 383 ιι,

146 424 152 431 ·
166 421 182 441 11
203 422 254 442 (ἴοι
267 421 284 439 Υ
309 423 338 442 ιΤ.

153 941 159 947 “
179 938 212 958 Γ»
228 938 301 959 (Ml
319 942 336 958 t.

265 1689 285 1703 ν,
303 1686 309 1703 1

267 1918 286 1932 v.
306 1915 335 1932 174Δ

177 2034 183 2040 ·
200 2031 253 2052 Luc.
270 2031 287 2051 Ι.
302 2034 333 2051 τῆ.

204 2145 219 2165 P
235 2161 238 2164 .
254 2145 299 2165 CL

197 2203 234 2222 (ir.
250 2209 271 2229 7¹·
288 2206 333 2223 ΞΜ.

385 165 447 198 158
885 174 912 195 S.
941 173 1068 196 crtum]
1096 173 1318 196 ALExANmuNt
1344 174 1550 198 Exrmxarto

379 252 417 272 ex
439 247 527 273 terra
550 238 713 272 formato.
736 236 943 270 vocabulum
967 251 982 268 «
1007 236 1130 270 factum
1150 244 1197 271 est
1222 251 1237 268 »
1260 238 1423 272 refertur:
1445 239 1576 272 animae.
1595 245 1708 273 autem
1729 240 1771 274 ad
1791 241 1972 287 imaginem
1992 242 2052 276 Dei

380 305 529 332 creatae,
551 294 757 328 xocabulum
782 310 796 324 α
817 300 967 327 creatum
987 300 1048 327 est.
1070 309 1084 325 »
1107 296 1275 334 Quoniam
1295 307 1378 329 vero
1398 297 1523 330 creatio
1543 308 1788 341 saepenumero
1807 299 1931 332 dicitur
1949 299 2050 333 etiam

380 367 443 400 pro
464 353 722 387 ret'ormatitme.
746 358 846 396 atque
866 352 899 384 in
921 351 1040 385 melius
1061 353 1292 391 restitutione,
1315 359 1350 386 ut
1371 352 1456 386 illud
1477 353 1506 386 ἐ
1528 354 1622 398 siqua
1643 365 1731 388 nova
1750 355 1784 388 in
1804 356 1937 390 Christo
1956 368 2052 390 erea-

380 412 426 444 tio
453 417 513 443 est.
543 411 581 442 Et
609 408 694 441 illud
724 410 755 441 ':
786 415 821 442 ut
848 409 918 441 duo
945 415 1074 443 crearet
1101 410 1135 443 in
1162 422 1267 443 unum
1294 422 1422 444 novum
1450 410 1646 449 hominem;
1674 411 1816 445 fortasse
1840 413 2046 447 vocabulum

381 485 394 498 u
421 468 545 501 sactum
564 473 610 500 est
637 481 651 496 u
674 466 717 499 de
744 467 852 511 prima
873 467 1022 500 hominis
1041 468 1214 501 existentia
1234 468 1378 505 dicitur:
1400 469 1588 503 secundum
1611 483 1626 500 «
1649 476 1799 503 creatum
1825 476 1875 504 est
1897 484 1912 502 »
1934 471 1977 504 de
1996 484 2047 505 se·-

378 525 487 558 eunda
514 525 585 558 eius
610 536 671 569 per
689 524 811 557 Christi
838 525 979 569 gratiam
1007 525 1275 569 regeneratione.
1304 526 1476 566 Quantum
1502 532 1614 559 autem
1640 526 1755 560 differt
1774 539 1791 561 a
1811 528 1954 573 simplici
1977 539 2031 562 ser

379 593 479 615 mone
506 581 705 615 mandatum
732 583 808 619 llei.
832 581 1032 615 tantundem
1058 582 1145 615 inter
1171 583 1377 615 creationem
1403 594 1441 616 ac
1467 583 1630 617 facturam
1657 584 1806 618 interest.

817 646 990 670 Consilium
1007 650 1110 670 nun-m
1128 647 1253 670 nomint
1271 650 1373 670 manet
1392 649 1425 670 ὶιι
1441 651 1614 672 aeternum.

474 698 665 731 Rexertitur
690 709 773 742 ergo
800 697 864 731 lioc
891 697 968 730 loco
994 697 1035 730 ad
1062 697 1281 741 cogitandum
1302 697 1345 731 de
1365 698 1534 743 Unigeniti
1553 699 1621 732 vita
1647 699 1682 732 in
1708 710 1828 737 carue,
1850 705 1883 733 et
1903 699 1985 745 quid
2005 699 2048 733 ab

375 766 416 788 co
442 755 481 787 sit
510 756 644 799 egregie
673 755 798 788 sactum
826 754 1029 787 considerat.
1059 755 1144 787 Nam
1170 753 1228 788 ille
1253 754 1311 799 qui
1338 754 1541 788 credebatur
1563 757 1653 789 Deus
1678 767 1750 790 esse
1775 756 1876 790 huius
1901 757 2045 795 saeculi,

376 824 438 845 nec
458 823 526 845 non
547 819 577 845 et
599 812 806 845 daemonum
826 811 995 857 populus.
1019 822 1132 845 amara
1153 810 1252 844 nobis
1270 811 1519 846 moliebantur:
1541 813 1708 858 plurimae
1731 815 1820 847 enim
1840 821 1936 848 erant
1954 825 2049 848 mor-

376 870 416 903 tis
443 870 638 915 decipulae,
659 877 690 903 et
713 870 839 914 peccati
861 869 972 914 laquei
993 869 1117 914 passim
1137 870 1275 903 extenti.
1299 870 1336 902 ln
1355 870 1408 903 via
1429 870 1507 909 hac,
1529 871 1657 916 inquit,
1683 883 1749 916 qua
1769 871 1965 917 gradiebar,
1988 872 2048 906 ab·

376 927 584 961 seonderunt
605 928 687 961 milii
708 928 866 972 laqueum
886 928 909 960 '.
932 928 1048 971 Neque
1068 927 1207 960 illorum
1228 928 1397 972 nequitiae
1417 927 1557 962 artificia
1576 929 1673 963 vitari
1693 935 1862 975 poterant.
1885 931 2049 965 Homines

375 986 503 1031 quippe
531 985 718 1019 adorabant
747 985 810 1018 lios
836 985 927 1030 ipsos
946 985 1100 1030 impuros
1125 985 1282 1030 spirituS,
1307 992 1339 1018 et
1364 986 1504 1030 quidem
1531 986 1631 1019 etiam
1657 985 1765 1032 ligna,
1788 993 1821 1021 et
1846 987 1995 1033 lapides,
2015 995 2046 1022 et

375 1043 495 1077 mundi
522 1043 705 1079 elementa;
735 1054 795 1076 nec
820 1043 1001 1087 quisquam
1027 1048 1096 1076 erat
1123 1043 1180 1088 qui
1208 1042 1295 1076 bene
1321 1050 1457 1088 ageret,
1486 1055 1528 1077 ne
1553 1055 1642 1077 unus
1666 1044 1824 1088 quidem,
1852 1044 1935 1078 dum
1962 1045 2048 1079 adeo

374 1102 467 1145 graii
488 1099 612 1133 morbo
633 1105 872 1145 premerentur
891 1111 1027 1135 omnes.
1049 1111 1218 1146 nemoque
1237 1100 1364 1133 collum
1384 1099 1426 1134 ab
1446 1101 1586 1134 illorum
1604 1103 1838 1146 praepotentia
1857 1101 2048 1136 subducere

375 1158 518 1194 valeret.
540 1159 597 1202 qui
620 1157 718 1191 nobis
744 1158 915 1191 dominari
939 1157 1113 1191 volebant.
1143 1157 1207 1191 Sed
1227 1158 1384 1204 dispersit
1409 1160 1498 1192 Deus
1524 1159 1662 1192 consilia
1689 1159 1903 1204 principum,
1925 1160 2049 1205 eripuit

374 1226 436 1247 nos
455 1216 689 1260 servaxitque.
712 1216 865 1261 captivos
891 1215 1054 1253 redemit,
1077 1220 1109 1248 et
1135 1216 1320 1260 tyrannicis
1342 1215 1518 1261 expeditos
1537 1216 1682 1261 laqueis,
1705 1217 1784 1261 iugo
1802 1228 1865 1250 suo
1884 1216 2045 1261 alligavit.

374 1273 574 1305 lusiam-axii
603 1273 695 1305 enim
721 1272 835 1306 omnia
862 1274 895 1306 in
923 1272 1074 1310 Christo,
1096 1279 1197 1318 atque
1223 1271 1266 1306 al)
1293 1273 1475 1306 universali
1501 1274 1696 1319 principatu
1719 1274 1875 1307 Satanam
1900 1273 2045 1319 depulit.

372 1331 489 1374 Neque
516 1341 578 1363 nos
605 1329 835 1375 aliquamdiu,
858 1330 892 1363 id
919 1336 968 1363 est
995 1329 1152 1363 dimenso
1178 1336 1352 1375 tempore.
1378 1331 1422 1364 ita
1449 1330 1553 1363 futuri
1580 1341 1715 1370 sumus,
1743 1331 1804 1364 sed
1829 1331 1862 1364 in
1890 1330 1990 1376 longa
2016 1337 2049 1365 et

373 1387 504 1421 infinita
531 1387 662 1421 saecula
683 1387 878 1420 extenditur
897 1388 1003 1432 gratia
1023 1388 1106 1420 eius.
1136 1388 1220 1421 Nam
1241 1387 1335 1433 quod
1361 1389 1450 1421 Deus
1477 1394 1611 1422 sanctus
1637 1388 1804 1427 decrevit,
1825 1388 1953 1433 inquit,
1973 1390 2049 1434 quis

374 1443 551 1490 dissipabit
578 1445 611 1477 '‘1‘
631 1445 721 1488 Ergo
748 1445 884 1477 Domini
910 1444 1090 1478 eonsilium
1116 1451 1231 1478 manet
1256 1445 1290 1478 in
1318 1451 1512 1484 aeternum,
1533 1451 1566 1479 et
1592 1446 1814 1490 cogitationes
1839 1446 1952 1480 cordis
1976 1447 2049 1480 eius

375 1503 409 1535 in
436 1503 692 1547 generationem
712 1508 743 1535 et
763 1503 1033 1547 generationem.
1063 1504 1180 1548 Neque
1199 1502 1263 1537 sub
1282 1503 1350 1536 alio
1369 1502 1529 1548 deinceps
1554 1504 1697 1542 erimus,
1719 1503 1778 1537 sed
1802 1504 1874 1549 ipse
1894 1515 1932 1537 ac
1956 1504 2049 1538 solus

317 1572 334 1588 ³-
375 1559 474 1594 nobis
499 1559 734 1594 dominabitur
759 1560 929 1594 Christus:
958 1560 1113 1605 regnabit
1140 1561 1229 1593 enim
1257 1561 1289 1594 in
1318 1567 1510 1594 aeternum:
1539 1567 1658 1606 atque,
1687 1566 1722 1594 ut
1749 1561 1921 1606 psalmista
1947 1562 1991 1595 ait
2016 1561 2046 1600 ⁹,

374 1618 446 1663 ipse
473 1624 589 1664 pastor
615 1624 730 1651 noster
756 1618 818 1651 erit
845 1618 879 1651 in
905 1618 1050 1651 saecula.

837 1683 935 1706 Beata
953 1690 1042 1713 gen&
1059 1684 1146 1706 euius
1163 1685 1207 1706 est
1224 1682 1390 1711 Βοιιιίιιιιε,
1408 1683 1490 1706 neus
1505 1684 1585 1707 eius!

466 1735 588 1768 Beatus
615 1734 782 1780 populus.
805 1734 863 1779 qui
892 1733 1026 1767 nullum
1046 1734 1112 1767 iam
1132 1735 1284 1779 agnoscit
1312 1733 1434 1767 salsum
1454 1735 1562 1767 Deum
1582 1740 1640 1767 aut
1658 1733 1830 1771 nominat,
1851 1733 1911 1767 sed
1937 1733 2050 1767 domi-

376 1804 458 1825 num
478 1803 514 1825 ac
535 1793 641 1825 Deum
660 1791 723 1824 sibi
744 1791 885 1825 adscivit
911 1803 989 1825 eum
1015 1792 1073 1836 qui
1095 1791 1294 1825 naturaliter
1314 1803 1350 1824 ac
1370 1803 1451 1824 vere
1470 1793 1559 1824 Deus
1578 1797 1647 1830 est,
1668 1792 1767 1836 eique
1787 1792 1934 1824 animam
1953 1803 2049 1825 suam

375 1849 519 1883 addixit!
532 1856 632 1894 atque
648 1850 692 1883 ita
708 1855 812 1882 semet
827 1850 986 1887 secrevit,
1003 1855 1039 1882 ut
1054 1848 1224 1882 hereditas
1236 1848 1496 1893 quodammodo
1511 1855 1541 1882 et
1558 1842 1804 1894 patrimonium
1817 1849 1877 1882 Dei
1890 1850 2045 1883 evaserit.

973 1914 1019 1937 ne
1036 1915 1120 1937 eaelo
1138 1916 1270 1942 respexit
1290 1914 1451 1937 Dominus.

472 1965 565 1998 Idem
591 1965 655 1998 hoe
681 1965 837 1998 existimo
863 1963 987 1997 alicubi
1008 1963 1051 1997 ab
1070 1975 1140 1997 uno
1163 1971 1359 1998 sanctorum
1386 1964 1635 2010 prophetarum
1655 1964 1782 1998 dietum
1796 1991 1803 2003 ,
1824 1964 1929 1998 veluti
1950 1964 2049 1999 nobis

375 2024 408 2056 in
427 2023 561 2056 Christo
581 2023 708 2055 xocatis
728 2022 769 2055 ad
791 2021 1085 2055 justificationem:
1112 2036 1126 2053 «
1149 2028 1181 2055 et
1208 2023 1364 2067 respiciat
1384 2033 1446 2055 nos
1465 2022 1580 2055 oriens
1602 2034 1642 2055 ex
1662 2022 1731 2055 alto
1752 2022 1776 2054 ⁸.
1801 2036 1816 2053 »
1840 2021 1953 2056 Audio
1971 2034 2049 2056 rur-

375 2093 430 2114 sus
455 2080 573 2113 divum
600 2080 808 2125 psalmistam
835 2079 997 2112 Davidem
1023 2079 1192 2113 dicentem
1217 2080 1263 2117 ei,
1291 2080 1349 2124 qui
1376 2080 1408 2112 in
1436 2079 1537 2112 caelis
1563 2085 1611 2112 est
1638 2080 1726 2124 patri
1752 2080 1842 2113 Deo:
1863 2080 1960 2113 visita
1986 2091 2049 2113 nos

286 2146 289 2147 ’
317 2148 333 2164 ’·-
374 2139 407 2171 in
428 2137 566 2171 salutari
588 2143 646 2170 tuo
663 2138 686 2169 '.
707 2138 814 2169 Porro
833 2136 980 2170 salutare
1000 2137 1057 2169 Dei
1079 2138 1184 2181 patris
1204 2143 1420 2182 nuncupatur
1441 2148 1587 2181 vereque
1606 2143 1673 2174 est,
1692 2136 1794 2169 filius.
1812 2137 1941 2182 Reapse
1959 2137 2049 2170 misit

373 2195 415 2227 ad
436 2206 497 2227 nos
517 2195 606 2227 Deus
633 2200 728 2239 pater
755 2194 797 2226 de
823 2194 937 2231 caelo.
961 2200 1135 2239 tamquam
1161 2194 1299 2239 aliquod
1327 2194 1442 2227 lumen
1470 2200 1501 2226 et
1528 2193 1740 2239 lampadem,
1762 2194 1926 2227 iustitiam
1945 2200 1977 2227 et
1996 2205 2048 2227 sa-

373 2253 482 2286 lutare
501 2263 618 2290 suuni,
640 2251 797 2285 videlicet
818 2251 946 2284 silium:
969 2251 1138 2285 iustificati
1157 2252 1248 2285 enim
1269 2251 1395 2285 fuimus
1413 2252 1448 2284 in
1467 2252 1560 2297 ipso.
1582 2258 1615 2285 et
1640 2252 1796 2285 divinum
1820 2250 2050 2285 intellectuale

371 2310 520 2343 vidimus
546 2309 674 2342 lumen.
704 2309 861 2353 Sequitur
887 2320 969 2353 ergo
997 2314 1031 2341 ut
1057 2308 1158 2342 Verbi
1186 2309 1374 2342 incarnatio
1400 2308 1560 2342 credatur
1584 2309 1708 2342 merito
1732 2309 1880 2342 visitatio
1902 2309 1962 2342 Dei
1989 2319 2050 2354 pa-

373 2368 451 2404 tris.
474 2378 597 2412 nempe
622 2378 709 2411 quae
735 2366 800 2399 hoe
828 2366 904 2399 loco
930 2372 1104 2411 respectus
1129 2366 1267 2399 dicitur.

570 2433 615 2456 lle
632 2435 821 2461 praeparato
838 2432 1020 2455 habitaculo
1036 2439 1090 2454 suo
1108 2433 1243 2458 respexit
1259 2438 1352 2459 super
1369 2438 1472 2454 omnes
1488 2433 1542 2459 qui
1561 2432 1708 2454 habitant
1726 2433 1853 2454 terram.

466 2484 708 2528 Praeparatum
728 2482 960 2515 habitaculum
979 2481 1095 2514 divina
1114 2482 1280 2527 scriptura
1305 2481 1436 2515 caelum
1457 2481 1543 2515 solet
1564 2493 1782 2528 nuncupare,
1804 2483 1874 2515 sive
1893 2480 2050 2515 habitan-

371 2546 420 2572 tes
439 2541 472 2572 in
493 2540 588 2573 caelo
608 2539 767 2585 angelos;
789 2545 971 2585 propterea
997 2538 1112 2584 quod,
1135 2544 1171 2572 ut
1197 2537 1363 2575 arbitror.
1387 2550 1455 2571 non
1481 2545 1532 2572 est
1557 2538 1786 2572 laborandum
1805 2539 1961 2584 supernis
1981 2539 2050 2571 vir-

371 2595 519 2633 tutibus,
549 2608 644 2631 secus
670 2609 708 2631 ac
734 2595 853 2633 nobis,
882 2602 918 2630 ut
947 2607 1051 2641 purae
1079 2595 1181 2633 fiant,
1203 2595 1262 2629 sed
1289 2596 1374 2629 adeo
1400 2602 1480 2629 sunt
1505 2603 1638 2630 sanctae
1663 2603 1702 2630 ut
1729 2597 1762 2629 in
1789 2596 1836 2630 eis
1862 2597 2050 2641 requiescat

372 2655 473 2686 Deus.
503 2656 623 2687 Sumus
649 2661 680 2688 et
708 2666 771 2688 nos
797 2654 1031 2688 habitaculum
1056 2654 1135 2693 Dei,
1156 2660 1188 2687 et
1213 2653 1352 2698 quidem
1381 2654 1507 2700 templa
1534 2655 1625 2693 eius;
1651 2661 1886 2689 verumtamen
1913 2666 1982 2688 non
2008 2665 2047 2686 ex

372 2709 521 2754 abrupto
541 2711 582 2743 atl
601 2711 666 2745 hoc
693 2712 929 2756 pervenimus,
951 2711 1010 2745 sed
1036 2712 1142 2756 gratia
1168 2711 1329 2756 donoque
1354 2713 1410 2745 Dei
1438 2711 1626 2751 iustificati,
1646 2711 1766 2746 labore
1792 2723 1917 2757 nempe
1935 2723 1973 2744 ae
1992 2722 2049 2743 su-

371 2766 457 2799 dore
483 2773 635 2800 nostram
663 2775 846 2813 purgantes
872 2775 1043 2808 mentem,
1065 2775 1102 2802 ut
1128 2769 1232 2802 saneti
1252 2768 1382 2805 effecti.
1404 2769 1552 2802 incolam
1575 2769 1762 2803 habeamus
1787 2781 1866 2803 eum
1891 2769 1948 2814 qui
1975 2779 2048 2801 om-

374 2824 455 2856 nino
482 2835 589 2868 purus
616 2836 763 2870 xereque
789 2832 925 2860 sanctus
943 2832 1005 2860 est.
1026 2846 1048 2852 -
1066 2825 1327 2865 Animadverte,
1349 2825 1431 2860 dicit
1449 2826 1577 2866 David,
1600 2826 1728 2860 factum
1753 2826 1796 2860 de
1821 2825 1917 2860 caelo
1934 2836 2049 2871 respe-
