2205 3177
491 172 524 195 IN
548 171 729 194 EPISTOLAM
755 171 778 193 1.
807 169 849 192 ΑΙ)
874 167 1064 191 CORINTHIOS
1089 168 1162 191 CAP.
1191 168 1228 193 11.
1256 168 1307 191 111.
1336 167 1382 190 lv.
1412 167 1456 189 Vt.
1765 155 1810 188 37

142 239 344 287 prophetam
371 238 400 270 ⁸:
427 248 505 270 ecce
531 247 595 282 ego
621 237 707 270 iacio
732 236 766 268 in
794 233 905 267 Sionis
930 231 1152 266 fundamenta
1178 232 1329 278 lapidem
1356 232 1562 278 pretiosum,
1593 229 1809 276 angularem,
1854 264 1858 280 1

140 298 283 341 dignum
306 295 366 340 qui
390 293 467 328 loco
488 294 700 332 fundamenti
720 293 780 329 sit;
803 296 836 324 et
857 289 1010 334 quisquis
1029 288 1177 322 confisus
1202 290 1232 322 ei
1251 289 1373 327 fuerit,
1398 301 1467 323 non
1487 287 1728 322 confundetur.
1751 289 1812 321 Po-

1854 239 1860 243 ·
1878 234 1905 254 ls.
1922 233 1973 253 XXX
1984 234 2013 254 tti

1865 265 1883 280 tl.

141 354 247 387 suisse
272 365 308 387 se
334 353 437 397 igitur
454 352 577 385 Paulus
601 350 785 385 rectissime
803 347 885 380 dicit
903 346 1182 385 fundamentum;
1203 353 1236 380 et
1261 347 1345 381 alios
1369 347 1509 392 quidem
1530 345 1814 392 superaedificare
1858 392 1861 394 -

140 418 241 456 atque
266 409 470 444 adlaborare
497 420 595 455 posse
608 435 616 446 ,
637 419 707 441 non
732 413 844 439 tamen
870 403 965 437 aliud
984 409 1120 448 praeter
1139 404 1207 436 iam
1227 405 1377 449 positum
1404 404 1664 438 fundamentum
1684 405 1812 437 iacere:

89 470 92 474 “
140 479 252 513 neque
277 468 368 501 enim
386 467 478 500 aliud
498 473 548 500 est
565 465 630 499 sub
651 463 745 498 caelo
766 462 885 496 datum
905 460 1121 498 hominibus,
1143 462 1178 494 in
1200 473 1270 507 quo
1295 473 1357 495 nos
1382 468 1540 508 oporteat
1557 461 1694 495 salvari.
1723 462 1817 496 [nus

141 532 191 559 cst
218 525 311 559 enim
335 526 426 558 Deus
451 531 485 558 et
502 530 617 569 pater,
640 533 679 556 ex
703 531 773 565 quo
794 519 908 553 omnia
934 525 965 552 et
986 529 1049 551 nos
1069 519 1103 551 in
1131 519 1217 564 ipso.
1246 519 1287 552 Et
1314 530 1402 552 unus
1421 519 1581 553 dominus
1606 521 1698 553 Iesus
1721 520 1815 554 Chri-

140 588 230 621 stus,
252 594 314 628 per
332 593 435 627 quem
456 581 570 615 onmia
587 585 619 613 et
637 589 699 612 nos
718 588 780 623 per
799 577 927 622 ipsum,
947 576 1108 621 idemque
1131 577 1287 621 corporis
1307 576 1466 609 ecclesiae
1484 583 1583 622 caput
1603 583 1665 610 est.
1687 578 1718 611 Si
1739 579 1816 622 quis

140 650 224 684 ergo
243 639 506 673 fundamentum
525 642 642 682 negat,
666 641 698 669 et
720 640 852 680 petram
871 634 1020 679 respuit,
1043 645 1113 667 11011
1129 634 1165 667 111
1184 634 1257 679 ipsa
1277 633 1335 667 sed
1353 633 1388 666 in
1408 633 1532 667 harena
1551 634 1723 668 aedificat:
1746 646 1816 680 quo

142 695 201 730 fiet
228 703 264 730 ut
290 697 388 731 facile
408 686 595 730 admodum
622 691 852 727 subvertatur.
881 692 967 725 Nam
985 691 1080 736 quod
1103 691 1256 726 Christus
1281 702 1351 725 non
1371 692 1533 730 sustinet,
1559 691 1593 724 id
1614 692 1685 725 sinc
1708 691 1816 726 dubio

142 764 278 798 pessum
306 753 462 792 dabitur,
484 751 562 796 quia
589 750 724 783 firmam
753 749 861 782 basim
889 760 959 782 non
986 747 1100 782 habet.

398 817 439 840 Et
455 822 635 846 cognoscam
653 822 713 838 non
732 820 903 837 sermonem
919 820 1024 837 eorum
1039 814 1095 841 qui
1110 814 1214 836 inflati
1230 814 1316 841 sunt,
1333 813 1385 836 sed
1401 813 1559 835 virtutem.

237 869 409 908 Quaenam
427 867 554 901 utilitas
572 873 622 900 est
643 865 844 911 splendidae
861 865 1063 898 elocutionis
1084 864 1143 898 sed
1169 864 1252 897 nihil
1274 864 1364 910 frugi
1383 863 1556 901 habentis,
1577 864 1687 909 qualis
1704 863 1816 898 ethni-

141 936 261 960 corum
286 925 360 958 est?
385 924 429 958 At
446 925 628 969 inspiratae
649 924 837 968 scripturae
863 922 1011 956 elocutio
1038 922 1181 967 simplex
1204 921 1345 966 quidem
1370 927 1421 955 est
1441 927 1474 955 et
1492 921 1660 966 vulgaris,
1689 921 1748 955 sed
1767 921 1816 954 af-

143 982 288 1016 fluenter
314 981 474 1027 prodest,
504 982 681 1026 facemque
708 979 923 1026 splendidam
950 979 1097 1025 praefert
1124 979 1165 1012 ad
1193 979 1348 1012 notitiam
1373 990 1490 1012 veram
1515 979 1651 1012 divinae
1677 985 1817 1013 naturae.

141 1039 414 1085 adsequendam:
436 1039 550 1073 reddit
576 1045 750 1085 praeterea
769 1038 811 1072 ad
835 1049 938 1071 omne
958 1049 1046 1083 opus
1072 1037 1203 1071 bonum
1220 1037 1382 1075 idoneos,
1404 1038 1462 1082 qui
1482 1038 1533 1070 sni
1556 1036 1698 1071 studiosi
1717 1043 1815 1071 sunt:

139 1108 211 1143 quo
238 1096 344 1137 facto,
373 1103 602 1142 consequetur
632 1097 802 1142 quispiam
832 1096 1005 1129 donorum
1031 1107 1168 1141 quoque
1196 1096 1339 1141 Spiritus
1370 1094 1632 1141 desiderabilem
1658 1096 1814 1140 gratiam.

140 1156 218 1188 Non
242 1155 333 1188 enim
360 1155 394 1188 in
419 1154 534 1188 verbis
561 1154 705 1187 vertitur
732 1164 876 1198 regnum
896 1153 1088 1191 caelorum,
1117 1152 1176 1186 sed
1198 1153 1234 1186 in
1257 1153 1396 1186 virtute.
1426 1153 1534 1186 Porro
1553 1152 1639 1186 illud
1658 1166 1673 1183 «
1694 1153 1729 1186 in
1748 1154 1819 1186 vir-

142 1217 232 1250 tute,
260 1225 276 1242 »
297 1212 323 1244 si
349 1211 391 1244 de
416 1211 538 1244 sanctis
563 1211 725 1256 apostolis
751 1210 892 1247 dicitur,
916 1209 1086 1255 intelliges
1111 1216 1286 1254 tamquam
1312 1210 1347 1242 in
1374 1208 1576 1243 fortitudine
1601 1216 1635 1243 et
1659 1210 1692 1242 vi
1714 1221 1818 1255 quam

141 1267 337 1313 suppeditat.
355 1268 515 1313 Spiritus,
533 1268 626 1301 cuius
648 1278 713 1313 ope
736 1267 898 1300 miracula
917 1278 1054 1311 quoque
1073 1265 1232 1300 edebant.
1255 1267 1312 1299 Sin
1331 1265 1373 1299 de
1392 1265 1491 1299 nobis
1512 1267 1593 1312 ipsis
1612 1268 1819 1312 pronuncia-

142 1331 216 1365 tur,
238 1331 411 1370 tamquam
436 1327 470 1359 in
493 1326 620 1358 virtute
641 1326 730 1358 vitae
751 1330 885 1357 sanctae
911 1335 1103 1369 puraeque.
1125 1323 1255 1357 <lictum
1278 1322 1426 1368 putabis.

427 1391 511 1418 Quid
528 1391 641 1413 vultis?
657 1397 726 1413 cum
742 1391 830 1419 virga
848 1391 969 1413 veniam
984 1390 1023 1412 ad
1043 1397 1106 1417 105,
1123 1397 1163 1412 an
1181 1390 1284 1417 potius
1300 1396 1370 1412 cum
1385 1390 1538 1412 caritate?

238 1441 364 1478 Vultis,
391 1442 520 1485 inquit,
546 1452 607 1474 ceu
633 1441 729 1485 virga
754 1440 902 1484 quadam
928 1442 1131 1478 instructus,
1154 1440 1344 1485 sapientem
1371 1440 1622 1485 correptionem
1649 1444 1820 1487 peccanti-

141 1496 206 1531 bus
232 1497 331 1531 vobis
356 1497 524 1531 inferam?
543 1508 586 1531 an
611 1497 724 1542 potius
752 1508 829 1530 cum
859 1497 1003 1530 lenitatis
1030 1497 1152 1541 spiritu
1179 1503 1209 1530 et
1235 1497 1373 1530 caritate
1397 1498 1555 1537 veniens,
1582 1500 1700 1532 tacitus
1726 1506 1817 1533 tran-

141 1556 256 1588 seam?
279 1555 382 1599 Atqui
409 1554 527 1588 utilior
553 1553 667 1587 futura
693 1559 765 1587 erat
786 1553 868 1598 ipsis
889 1553 1079 1598 correptio,
1099 1565 1186 1598 quae
1213 1560 1287 1587 tum
1312 1553 1422 1587 scelus
1449 1560 1523 1588 tum
1552 1556 1764 1596 socordiam,
1785 1564 1817 1591 et

141 1612 341 1646 huiusmodi
360 1612 512 1645 criminis
530 1612 743 1645 voluntatem
762 1617 971 1656 amputaret,
992 1610 1035 1643 de
1053 1622 1123 1655 quo
1142 1612 1244 1644 etiam
1263 1612 1425 1657 inspirata
1448 1612 1616 1658 scriptura
1636 1614 1819 1649 Israhelitis

142 1682 203 1716 per
222 1670 388 1704 Amosum
411 1669 457 1715 (1)
479 1668 589 1703 aiebat
610 1668 641 1702 ⁶:
667 1683 682 1700 «
708 1668 799 1702 filius
819 1668 918 1702 simul
944 1674 1109 1713 paterque
1126 1669 1198 1701 eius
1219 1668 1261 1702 ad
1283 1680 1386 1702 unam
1406 1669 1565 1703 ancillam
1584 1671 1820 1716 ingredieban-

141 1734 216 1767 tur,
237 1734 275 1762 ut
294 1738 421 1761 nomen
438 1727 499 1761 Dei
520 1728 674 1773 ipsorum
695 1726 973 1760 dehonestarent.
994 1740 1009 1757 »
1032 1726 1256 1765 Huiusmodi,
1278 1727 1405 1772 inquit,
1426 1727 1688 1762 fornicationem
1706 1740 1748 1763 ne
1768 1731 1820 1763 in-

143 1791 194 1818 ter
212 1791 331 1830 gentes
350 1784 492 1830 quidem
510 1786 577 1818 iam
598 1784 722 1818 audiri.
743 1785 897 1828 Namque
914 1783 1082 1818 Theseum
1101 1784 1243 1818 fortasse
1261 1785 1436 1818 audiverat
1456 1786 1530 1819 iure
1549 1786 1717 1821 offensum
1739 1800 1821 1834 pro-

143 1843 221 1888 prio
244 1840 334 1880 filio,
355 1843 454 1886 eique
473 1852 546 1875 esse
570 1843 813 1888 imprecatum,
836 1843 942 1875 immo
968 1848 999 1875 ct
1026 1853 1143 1875 necem
1170 1842 1344 1881 intulisse,
1368 1854 1514 1877 noverca
1539 1851 1737 1879 accusante:
1758 1858 1820 1880 nec

144 1911 213 1933 non
240 1906 273 1933 et
295 1899 380 1933 alios
405 1898 451 1933 ob
478 1899 676 1933 huiusmodi
702 1900 845 1933 crimina
872 1899 1048 1933 dicacitate
1075 1904 1256 1946 poetarum
1285 1900 1460 1935 traductos
1481 1901 1540 1947 (2).

592 1965 735 1988 Iudicari
751 1966 835 1992 apud
853 1966 990 1993 iniquos,
1005 1968 1036 1988 et
1053 1973 1114 1988 non
1132 1966 1215 1993 apud
1232 1968 1368 1989 sanctos?

239 2015 381 2048 Sanctos
401 2014 549 2059 appellat
567 2014 793 2048 sanctificatos
812 2015 846 2048 in
865 2015 1005 2060 spiritu,
1028 2016 1162 2060 iniquos
1182 2022 1296 2049 autem
1315 2016 1472 2049 nondum
1491 2016 1685 2055 credentes,
1705 2023 1824 2062 utpote

143 2072 202 2116 qui
229 2071 272 2105 ad
294 2070 485 2116 quamlibet
512 2071 674 2105 facillime
702 2078 873 2117 proruunt
898 2071 1167 2117 improbitatem.
1197 2073 1287 2106 Nihil
1319 2074 1410 2107 enim
1436 2079 1485 2107 est
1513 2080 1580 2107 tam
1613 2073 1818 2113 absurdum,

143 2128 237 2174 quod
260 2130 319 2174 qui
345 2129 506 2174 ignorant
531 2140 652 2162 verum
680 2135 868 2174 naturaque
895 2130 1035 2175 propria
1060 2131 1188 2168 Deum,
1211 2132 1425 2164 committere
1450 2137 1619 2176 nequeant
1639 2131 1699 2177 (3).

263 2232 265 2234 Ι
464 2195 515 2218 An
532 2196 690 2226 ignoratis
706 2196 787 2223 quocl
803 2196 930 2226 angelos
946 2197 1167 2225 iudicabimus,
1184 2198 1297 2220 nedum
1312 2198 1504 2220 saecularia?

241 2244 341 2284 Quod
361 2245 388 2278 si
414 2245 459 2290 (4)
481 2245 640 2280 nonnulli
666 2245 876 2280 contendant
903 2246 969 2280 dici
994 2246 1183 2292 (vocabulo
1205 2247 1362 2293 angelos)
1383 2247 1425 2281 ab
1445 2260 1486 2281 eo
1506 2248 1718 2286 sace1·dotcs;
1737 2259 1822 2293 qua—

146 2300 194 2334 les
220 2300 360 2335 demum
378 2301 531 2336 dicemus
550 2314 608 2337 eos
629 2303 824 2338 sacerdotes
838 2330 845 2342 ,
871 2303 928 2348 qui
954 2303 1174 2338 mundialiter
1198 2316 1340 2350 prorsus
1366 2306 1542 2339 viverent?
1567 2306 1634 2338 Cur
1655 2317 1737 2351 ergo
1757 2306 1818 2343 ait,

146 2357 286 2403 angelos
314 2358 563 2399 iudicabimus,
592 2361 721 2395 nedum
750 2361 962 2395 saecularia?
988 2363 1119 2407 Nempe
1147 2360 1194 2395 ob
1220 2362 1461 2408 distinguenda
1488 2362 1693 2399 saecularia,
1724 2363 1821 2408 ponit

243 2475 277 2498 (1‘1
299 2472 330 2498 111
352 2479 448 2506 graeco
468 2472 564 2508 Cyrissi
580 2477 654 2501 textu
674 2473 749 2507 (cod.
764 2473 783 2501 f.
798 2477 860 2501 249.
879 2483 903 2501 v.
922 2478 951 2501 17
957 2477 979 2507 .)
1000 2476 1140 2510 perspicue
1161 2481 1201 2503 est
1217 2476 1310 2510 lohel,
1329 2485 1385 2503 non
1406 2479 1506 2509 flam,
1527 2474 1601 2511 qnod
1621 2475 1758 2510 quomodo
1775 2475 1821 2503 ob-

145 2516 258 2550 repserit
277 2516 383 2550 nescio,
398 2516 451 2543 nisi
467 2515 534 2543 forte
553 2517 642 2552 ipsum
659 2519 793 2554 Cyrillum
814 2519 976 2547 humanitus
992 2520 1122 2547 memoria
1137 2519 1243 2547 fefellit.
1264 2522 1317 2547 Par
1334 2525 1405 2548 certe
1422 2528 1496 2547 error
1511 2520 1621 2546 citantis
1640 2520 1756 2546 Paulum
1771 2528 1820 2556 pro

144 2560 224 2586 Petro
245 2560 346 2592 tegitur
368 2560 441 2594 apud
462 2559 579 2587 eundem
601 2561 734 2597 Cyrillum
755 2563 788 2590 de
812 2563 888 2590 ador.
911 2564 938 2591 in
960 2565 1025 2599 spir.
1047 2569 1072 2591 et
1092 2573 1145 2592 ver.
1167 2565 1209 2592 ed.
1231 2565 1312 2600 paris.
1334 2566 1364 2591 T.
1386 2566 1406 2590 1.
1429 2573 1454 2599 p.
1477 2567 1536 2591 330.
1557 2565 1597 2597 D,
1617 2572 1669 2599 qua
1689 2572 1771 2600 super
1791 2573 1820 2593 re

145 2604 224 2639 plura
247 2604 325 2630 verba
348 2603 413 2630 facit
434 2604 572 2632 Aubertus
591 2605 620 2631 in
641 2605 752 2639 adnot„
772 2607 904 2634 mendum
928 2608 956 2635 id
975 2609 1079 2636 scribae
1098 2609 1188 2644 potius
1207 2617 1290 2644 quam
1314 2609 1407 2644 Cyrttli
1428 2608 1594 2635 existimans.

242 2651 277 2680 (z.)¹
297 2648 388 2675 Nostri
408 2656 517 2683 quoque
534 2649 632 2683 tragici
653 2650 683 2676 in
702 2650 862 2678 huiusmodi
880 2658 1042 2687 argumento
1063 2661 1119 2680 non
1138 2653 1221 2680 semel
1240 2653 1336 2680 versati
1358 2657 1438 2685 sunt,
1458 2660 1526 2687 quos
1545 2653 1711 2680 nominatim
1727 2653 1820 2688 appel-

143 2693 201 2720 lare
213 2701 275 2724 ,non
293 2697 377 2720 vacat.
398 2693 467 2728 Quis
484 2701 508 2720 v.
529 2701 570 2727 gr.
591 2693 724 2721 Italorum
742 2695 851 2729 ignorat
869 2697 1060 2733 catastrophen
1082 2697 1207 2732 Hugonis
1227 2701 1253 2724 et
1272 2697 1411 2724 parisinae
1430 2696 1480 2724 sub
1503 2696 1614 2724 Nicotao
1635 2697 1735 2725 estensi
1755 2698 1821 2725 Fer-

145 2738 232 2765 rariae
252 2738 394 2773 principe?

243 2785 278 2814 (3)
297 2783 408 2809 Dictum
431 2782 526 2818 Cyrilli
546 2783 654 2818 sapiens
672 2787 827 2818 temporum
848 2784 970 2812 omnium
993 2785 1156 2821 experientia
1178 2785 1372 2820 comprobavit.

242 2830 277 2859 (4)
297 2828 409 2854 Constat
423 2827 501 2861 hinc,
515 2827 624 2855 nonnisi
638 2828 800 2863 particulam
812 2836 952 2864 superesse
964 2830 1130 2865 prolixioris,
1144 2838 1226 2866 quani
1241 2830 1365 2858 hocloco
1377 2830 1496 2866 Cyrinus
1506 2830 1620 2866 fecerat,
1632 2832 1813 2868 expositionis.

1852 820 1906 850 Cir>
1922 819 1960 840 tv.
1978 823 2008 839 1ι1.

1857 1692 1865 1698 ¹
1882 1689 1930 1710 Am.
1947 1689 1974 1710 11.
1990 1693 2008 1710 2.

1857 1977 1911 1997 (ΛΡ.
1927 1977 1964 1998 Vl.
1984 1980 1999 1997 1.

1859 2378 1896 2399 Gr.
1910 2385 1933 2405 ρ,
1950 2383 1979 2399 36.
