2205 3177
641 213 673 235 tx
700 213 851 235 PSALMUM
878 212 951 233 xXt.
980 212 1019 233 ET
1046 211 1131 233 xxn.
1662 196 1725 230 135

48 290 180 317 storum
208 280 418 326 principem,
440 285 471 312 et
498 278 694 312 docentium
723 277 941 321 magistrum,
970 276 1004 308 in
1029 287 1098 323 quo
1125 282 1202 308 suut
1228 286 1348 308 omnes
1373 274 1556 319 sapientiae
1583 272 1728 306 abscon-

51 341 113 374 diti
140 339 366 382 scientiaeque
385 337 533 370 thesauri
555 336 578 369 '.
607 335 709 368 Cuius
728 335 775 367 rei
797 333 911 378 gnari,
934 332 1016 365 nihil
1038 332 1101 365 sibi
1121 332 1240 366 defore
1260 333 1366 366 aiunt.
1393 332 1618 377 Omnipotens
1637 331 1728 364 cuim

53 398 207 432 Christus
233 396 370 441 copiose
396 394 540 439 largitur
566 404 707 426 munera
735 403 793 424 sua
820 391 871 423 his
897 391 954 435 qui
981 396 1215 434 cognoverunt
1247 389 1433 429 adrentum
1464 390 1548 422 eius.
1576 387 1704 421 Tribuit
1721 414 1729 426 ,

53 456 145 489 enim
170 466 210 488 ex
236 465 295 487 sua
322 452 556 499 plenitudine,
577 451 750 495 donatque
770 450 875 494 patris
895 448 1168 485 benedictiones,
1191 448 1330 492 ipseque
1356 447 1468 480 omnis
1493 446 1576 480 boni
1603 446 1678 479 fons
1702 453 1730 479 et

52 512 267 558 dispensator
293 517 355 544 est.

615 574 653 596 ln
671 574 736 596 loco
753 573 914 595 herbifero
931 579 978 594 me
995 571 1167 594 collocavit.

149 627 439 673 Quandoquidem
458 636 606 670 congrua
627 623 750 657 mibus
769 623 874 656 dictio
894 628 940 655 est
955 648 962 660 ‚
983 622 1149 655 Dominus
1175 627 1290 666 pastor
1315 631 1412 654 meus
1430 626 1499 658 est,
1522 627 1673 665 perstant
1699 622 1731 653 in

55 686 117 719 hac
137 686 307 719 sermonis
326 683 526 729 metaphora
545 683 567 715 ii
586 682 644 726 qui
665 680 728 714 snb
747 681 881 714 Christo
900 679 1052 725 opilione
1071 685 1145 712 sunt
1161 692 1168 716 ;
1190 678 1390 722 adduntque
1410 678 1651 722 proxenientes
1671 678 1732 711 sibi

55 755 74 777 a
95 743 256 788 pastorali
278 754 356 775 cura
377 741 554 777 utilitates,
571 750 655 784 quas
673 737 818 771 herbam
838 749 1028 782 aquamque
1048 742 1258 781 nuncupant.
1277 735 1490 779 Intelligetur
1509 741 1621 767 autem
1642 735 1736 768 locus

55 800 195 845 quidem
224 798 393 835 herbifer,
417 798 474 831 Dei
502 808 636 842 semper
664 796 807 829 virentia
827 794 985 831 oracula,
1008 800 1120 827 sancta
1139 799 1172 826 et
1192 793 1353 838 inspirata
1379 793 1565 837 scriptura,
1587 804 1674 836 quae
1694 793 1734 825 ad

57 857 208 903 spiritale
236 856 343 890 robur
369 855 577 889 credentium
606 853 710 887 corda
737 854 882 887 enutrit:
907 864 991 897 aqua
1020 858 1134 885 autem
1160 852 1275 884 virens
1302 857 1331 883 ct
1359 849 1514 885 xix-isica.
1537 850 1642 882 sancti
1662 851 1735 894 Spi-

58 916 143 948 ritus
170 915 317 958 largitio.
345 933 366 937 —
392 914 459 945 Aut
486 911 591 956 magis
618 911 758 956 proprie
784 910 879 943 locus
907 908 1077 946 herbifer,
1099 909 1276 954 paradisus
1295 914 1344 941 est
1364 906 1454 940 unde
1474 906 1681 943 excidimus,
1705 909 1737 940 iu

57 983 161 1017 quem
188 983 250 1005 nos
276 971 427 1004 Christus
454 969 585 1003 reducit
606 975 637 1002 et
658 968 801 1002 collocat
823 979 883 1013 per
902 978 1025 1012 aquam
1048 967 1286 1011 requietionis,
1307 965 1340 998 id
1362 971 1411 998 est
1431 976 1491 1010 per
1511 964 1734 1010 baptismum.

58 1030 129 1063 Nisi
156 1029 247 1063 enim
270 1029 350 1073 quis
369 1033 506 1061 renatus
533 1026 633 1060 suerit
653 1038 692 1059 ex
713 1037 799 1070 aqua
825 1031 857 1058 et
883 1025 1022 1070 spiritu,
1044 1035 1113 1057 non
1139 1023 1278 1057 intrabit
1300 1024 1332 1056 in
1353 1034 1496 1068 regnum
1517 1022 1690 1056 caelorum
1711 1023 1735 1056 “.

489 1092 568 1115 Nam
585 1093 643 1114 etsi
660 1091 859 1114 ambulavero
876 1091 909 1113 in
927 1091 1026 1113 medio
1043 1091 1171 1112 umbrae
1188 1090 1307 1113 mortis.

155 1145 324 1185 Quoniam
345 1151 428 1177 vero
447 1144 481 1176 in
501 1148 649 1175 mortem
668 1141 789 1175 Christi
810 1140 1020 1187 baptizamur
1038 1141 1046 1149 '
1058 1166 1065 1178 ‚
1086 1140 1218 1173 dicetur
1237 1146 1269 1173 et
1288 1138 1477 1184 baptismus
1498 1137 1619 1171 umbra
1640 1143 1740 1182 atque

61 1202 206 1235 imitatio
231 1202 372 1236 mortis.
394 1212 498 1246 quam
524 1201 644 1233 timere
664 1211 733 1233 non
760 1205 909 1244 oportet.
941 1198 1086 1243 Intelligi
1113 1199 1214 1231 etiam
1241 1204 1350 1243 potest
1380 1196 1500 1230 umbra
1523 1197 1660 1233 mortis,
1683 1207 1743 1228 na-

63 1259 183 1292 turalis
209 1265 239 1292 et
267 1259 459 1292 communis
479 1269 589 1293 mors,
612 1263 647 1290 ut
667 1269 741 1290 eam
759 1257 1008 1301 distinguamus
1027 1267 1044 1289 a
1065 1255 1257 1289 voluntaria
1278 1261 1406 1292 morte,
1429 1255 1561 1287 animae
1581 1255 1719 1298 inquam
1733 1279 1741 1290 ,

62 1328 150 1361 quae
176 1329 244 1349 non
272 1322 319 1349 est
346 1316 467 1349 mortis
493 1314 635 1353 umbra,
657 1315 716 1348 sed
743 1326 822 1348 vcra
848 1326 953 1347 mors.

325 1381 455 1404 Parnsti
472 1382 507 1403 in
522 1382 685 1407 conspectu
702 1387 766 1402 meo
782 1387 933 1407 mensam,
950 1380 1096 1402 adven-sus
1112 1386 1162 1402 eos
1179 1380 1233 1406 qui
1252 1378 1411 1401 tribulant
1427 1385 1484 1401 me.

159 1432 223 1472 Qui
251 1443 291 1464 ex
317 1430 461 1464 ethnicis
479 1430 522 1464 ad
543 1430 896 1467 tidem-accesserunt,
918 1430 1113 1474 evangelica
1139 1440 1254 1462 mensa
1275 1435 1423 1473 gustata,
1445 1428 1563 1462 dicunt
1582 1428 1742 1461 structori

63 1488 136 1522 eius
152 1489 304 1522 Christo:
320 1499 424 1532 quam
444 1486 544 1520 nobis
563 1487 687 1532 parasti
707 1498 876 1525 mensam,
895 1498 933 1521 ea
954 1488 1160 1520 contrariam
1181 1488 1347 1520 rationem
1366 1485 1469 1519 habet
1487 1497 1622 1519 mensae
1640 1485 1746 1519 ethni-

63 1557 196 1580 corum.
225 1547 312 1579 Nam
337 1545 505 1590 sapientes
530 1544 675 1583 ethuici,
698 1545 782 1578 nihil
809 1546 1037 1579 necessarium
1057 1556 1120 1578 nos
1139 1545 1351 1583 docueruut,
1374 1545 1432 1578 sed
1454 1551 1617 1578 sexaruut
1640 1543 1746 1583 tribu—

65 1603 249 1648 laruntque
275 1603 452 1636 doctrinae
479 1602 626 1635 cuiusvis
651 1602 745 1635 utilis
771 1602 859 1636 sanie
879 1609 912 1636 et
930 1603 1056 1647 inopia.
1086 1603 1207 1636 Divina
1234 1614 1329 1636 secus
1355 1613 1516 1647 sacraque
1536 1613 1672 1638 mensa,
1694 1602 1746 1633 in-
1796 1625 1812 1637 ,,

66 1661 193 1706 spirata
221 1671 344 1705 nempe
370 1660 555 1705 scriptura,
578 1659 778 1694 adversatur
804 1661 925 1694 noxiae
944 1660 993 1693 illi
1013 1667 1047 1694 et
1065 1661 1198 1694 ieiunae
1224 1659 1463 1693 tribulantium
1491 1671 1571 1697 uos,
1594 1659 1749 1704 copiosa-

64 1730 132 1764 que
158 1724 206 1752 est
234 1729 272 1751 ac.
298 1718 411 1755 dives,
432 1724 464 1751 et
489 1716 647 1751 ciborum
666 1719 795 1751 variam
814 1718 1027 1763 multamque.
1046 1717 1151 1752 habet
1169 1717 1428 1751 exhibitionem.
1458 1718 1584 1751 Multae
1603 1718 1695 1751 enim
1714 1717 1749 1750 in

65 1786 103 1809 ea
131 1775 218 1809 fiunt
244 1776 476 1821 salutaresque
502 1775 776 1814 exhortationes,
796 1787 885 1820 quae
910 1766 1025 1810 ver-am
1051 1774 1164 1809 bonae
1182 1776 1270 1809 vitae
1290 1776 1457 1809 rationem
1484 1781 1695 1811 monstrant,
1717 1779 1749 1807 et

67 1833 110 1867 ad
136 1834 325 1879 spiritalem
351 1834 528 1867 sanitatem
556 1833 765 1879 provehunt.
794 1834 950 1867 Fortasse
976 1835 1078 1867 etiam
1105 1833 1294 1878 loquuntur
1314 1832 1433 1867 fideles
1455 1834 1521 1866 sic:
1545 1833 1669 1878 parasti
1691 1843 1751 1865 no-

67 1889 119 1923 bis
145 1891 333 1936 spiritalem
360 1902 529 1928 mensam,
552 1898 587 1923 ut
615 1890 692 1924 cibo
719 1890 821 1924 validi
849 1891 976 1929 effecti,
1000 1892 1171 1936 possimus
1198 1902 1276 1924 cum
1303 1890 1579 1936 persecutorilms.
1607 1890 1749 1923 nostris.

66 1959 174 1992 quum
196 1959 284 1993 opus
304 1948 422 1986 fuerit,
443 1940 619 1993 congredi.
641 1950 727 1982 Nam
749 1949 910 1993 spiritalis
928 1948 1019 1982 bona
1039 1949 1182 1982 nutritio
1202 1949 1349 1982 animam
1369 1947 1558 1985 roborans,
1581 1947 1656 1981 facit
1678 1959 1751 1980 eam

67 2011 101 2038 et
127 2006 271 2051 impuris
297 2005 475 2051 spiritibus
494 2012 525 2039 et
546 2017 705 2039 errorum
725 2006 895 2051 magistris
921 2007 1146 2039 resistentem.
1177 2007 1288 2039 Immo
1308 2018 1392 2039 vero
1411 1999 1602 2039 etausncix
1623 2016 1749 2041 iisxss,

67 2074 151 2096 CARO
176 2074 291 2096 nomm
320 2063 387 2107 (l),
417 2063 522 2096 fortes
549 2075 611 2096 nos,
639 2063 802 2096 adversus
828 2064 1029 2109 cupiditates
1055 2064 1308 2109 daemonesque
1336 2070 1497 2109 praestat.
1525 2065 1632 2096 Timet
1660 2064 1751 2096 enini

69 2121 207 2154 Satanas
233 2132 291 2154 eos
317 2121 374 2166 qui
403 2122 457 2166 pie
485 2121 727 2165 mysteriorum
754 2120 840 2154 fiunt
869 2122 1063 2167 participes

347 2186 387 2209 1⁴:1¹
402 2188 616 2209 misericordia
635 2189 689 2209 tua
707 2187 911 2214 subsequetur
927 2194 974 2210 me
991 2188 1135 2210 omnibus
1152 2188 1261 2210 «liebus
1278 2188 1361 2210 vitae
1377 2194 1473 2210 meae.

165 2235 354 2269 Abundans
380 2248 521 2282 prorsus
540 2243 572 2271 ct
594 2243 757 2282 perpetua
777 2238 952 2282 continget
974 2237 1041 2271 illis
1060 2237 1233 2275 alacritas,
1254 2238 1312 2282 qui
1341 2238 1373 2270 in
1400 2237 1536 2271 Christo
1556 2235 1753 2277 sanctificati

70 2293 211 2338 eiusque
237 2293 498 2328 charismatibus
524 2294 617 2339 digni
640 2294 790 2332 fuerint,
812 2301 899 2328 utet
920 2306 1033 2328 sacrae
1060 2306 1197 2328 mensae
1223 2294 1468 2331 accubuerint,
1490 2301 1519 2328 et
1549 2295 1627 2328 oleo
1654 2298 1754 2338 caput

71 2351 376 2396 impinguaverint.
399 2362 460 2385 nec
487 2363 556 2385 non
575 2352 618 2385 de
637 2353 769 2398 optimo
795 2352 899 2386 calice
919 2353 960 2386 ad
982 2352 1182 2386 ebrietatem
1212 2365 1318 2398 usque
1345 2352 1507 2387 biberint.
1538 2352 1575 2385 Id
1595 2352 1686 2385 enim
1705 2351 1756 2383 iu-

70 2407 149 2441 dico
175 2407 358 2453 significari
385 2420 461 2441 cum
489 2409 613 2442 dicitur
637 2411 696 2443 Dei
718 2410 952 2444 misericordia
979 2411 1137 2456 persequi
1164 2410 1426 2456 quodammodo
1451 2410 1600 2454 aliquem
1627 2409 1756 2441 eunctis

71 2466 161 2499 vitae
187 2465 321 2499 diebus.
351 2468 426 2499 Non
453 2467 543 2499 enim
571 2468 724 2501 aufertur
749 2468 827 2502 data
855 2469 957 2502 semel
987 2480 1002 2501 a
1031 2469 1164 2502 Christo
1183 2470 1307 2503 sanctis
1333 2470 1459 2514 gratian
1481 2473 1511 2501 et
1539 2468 1610 2500 sine
1639 2466 1755 2511 pacni-

71 2524 175 2557 tentia
195 2530 271 2556 sunt
292 2523 382 2556 dona
401 2524 473 2557 eius
492 2530 525 2557 et
551 2525 684 2558 vocatio
704 2526 728 2558 '.
751 2525 876 2560 Scribit
902 2527 1015 2571 itaque
1040 2527 1140 2560 divus
1167 2527 1291 2560 Paulus
1317 2527 1369 2559 his
1389 2527 1433 2559 ita
1453 2517 1657 2562 muneratis,
1680 2535 1757 2568 reg—

73 2592 158 2614 num
184 2580 362 2614 immobile
381 2592 440 2614 eos
460 2583 624 2627 recepisse
645 2583 676 2620 ';
700 2594 810 2629 neque
829 2585 922 2617 enim
941 2596 958 2618 a
978 2584 1067 2618 datis
1087 2583 1186 2617 bonis
1212 2584 1368 2617 excidere
1392 2589 1540 2628 queunt:
1563 2581 1758 2615 firmissima

70 2639 203 2684 quippe
223 2645 255 2672 et
275 2639 475 2672 inconcussa
497 2646 545 2672 est
566 2647 763 2674 sanctorum
783 2653 871 2686 spes.
901 2643 1085 2676 Enimvero
1105 2642 1213 2687 prisca
1235 2642 1337 2675 etiam
1357 2641 1410 2674 lex
1423 2667 1430 2676 .
1454 2651 1663 2686 quamquam
1685 2650 1759 2673 um-

73 2695 175 2730 bram
202 2703 235 2730 et
262 2703 362 2742 typos
390 2709 457 2730 non
485 2698 533 2731 rei
560 2698 738 2731 veritatem
764 2698 920 2737 tenebat,
949 2698 1028 2733 fidei
1055 2705 1252 2732 sanctorum
1280 2697 1592 2731 immutabilitatem
1619 2696 1760 2742 oblique

74 2753 254 2787 innuebat:
278 2753 461 2787 mandabat
480 2755 625 2805 enimxut
646 2756 680 2788 in
701 2753 844 2789 sabbato
871 2768 973 2790 nemo
1001 2755 1223 2789 tabernaculo
1249 2766 1311 2788 suo
1339 2755 1512 2800 prodiret,
1534 2766 1655 2788 verum
1675 2753 1758 2787 inibi

172 2840 206 2869 (ι)
225 2836 416 2864 Animadverte
434 2845 524 2864 veram
544 2837 649 2864 domini
673 2839 758 2865 nostri
782 2839 842 2866 lesu
866 2839 965 2867 Christi
991 2848 1099 2867 carnem
1122 2839 1150 2866 iu
1171 2839 1354 2866 eucharistico
1374 2842 1563 2872 sacramento,
1584 2839 1697 2874 eiusque
1715 2846 1759 2865 sa-

81 2880 182 2908 lutares
201 2880 322 2908 effectus.

1769 345 1775 350 ·
1792 341 1876 361 coloss.
1893 341 1920 361 [l.
1941 344 1958 360 3,

1781 1038 1786 1046 ‘
1805 1035 1853 1055 loti.
1869 1035 1907 1057 ltt.
1925 1039 1935 1055 ,ἦ

1780 1098 1800 1113 v.
1817 1095 1835 1113 st.

1780 1154 1787 1160 ⁷
1805 1151 1869 1172 Rom.
1887 1152 1922 1171 Nl.
1939 1155 1958 1171 23.

1798 2545 1805 2551 '
1822 2542 1887 2563 Rom.
1903 2541 1942 2562 XI.
1959 2543 1990 2561 29.

1797 2605 1806 2611 ¹
1818 2600 1888 2622 Hebr.
1897 2601 1944 2622 ΧΗ,
1957 2604 1987 2621 23⁴
