2205 3177
638 143 670 166 lx
698 144 851 167 PSALMt'M
877 145 970 166 LXXI.
1001 144 1108 167 Lxxn.
1138 145 1177 167 ET
1202 145 1322 168 Lxxnl.
1757 133 1825 167 ,⁸253

137 209 227 242 Deus
254 207 431 245 Israhelis,
455 213 491 240 tu
512 218 602 241 unus
621 207 705 241 hacc
725 207 893 241 mirabilia
914 213 1049 251 patrare
1070 208 1227 253 potuisti,
1249 219 1372 252 nempe
1391 208 1532 240 Satanae
1559 208 1747 252 potentiam
1767 207 1825 241 de-

140 272 290 303 struere,
312 271 345 298 et
365 266 516 298 irretitos
535 265 745 299 daemonum
766 265 948 310 tyrannide
975 266 1120 310 eripere.
1150 266 1394 299 Animadverte
1419 271 1549 303 autem,
1573 264 1657 298 nihil
1684 276 1826 310 prorsus

139 323 312 356 dictorum
334 323 366 355 in
386 321 453 356 hoc
474 322 607 368 psalmo
627 324 811 356 convenire
830 322 1004 355 Salomoni
1024 322 1067 355 <le
1086 323 1184 357 Uriae
1210 334 1316 356 uxore
1343 328 1442 360 nato;
1463 334 1525 356 nec
1550 322 1726 356 videlicet:
1748 328 1825 356 ante

139 380 250 414 solem
269 392 396 414 nomen
416 381 500 413 eius.
523 381 591 413 Nec
611 379 715 412 illud:
737 385 814 412 ante
835 379 951 412 lunam
971 391 1032 425 per
1052 381 1184 414 saecula
1205 380 1421 414 saeculorum
1439 385 1524 414 erat.
1546 379 1703 425 Undique
1723 381 1826 425 igitur

138 443 233 482 patet
258 437 302 470 de
328 438 403 470 lesu
430 437 565 470 Christo
591 437 721 470 dictum
748 448 818 470 esse
843 437 935 470 hunc
962 437 1131 481 psalmum
1157 438 1216 482 (1).

772 532 1002 570 PSALMUS
1032 533 1186 570 LXXII.

422 615 570 643 Domine,
587 616 621 638 iu
639 616 766 639 civitate
784 618 838 638 tua
855 617 1025 645 imaginem
1042 616 1180 642 ipsorum
1196 616 1235 638 ad
1254 615 1391 638 nihilum
1408 616 1539 643 rediges.
1858 621 1878 635 v.
1893 618 1925 636 ευ.

235 665 283 698 De
310 665 445 698 civitate
471 665 626 709 loquitur
645 676 792 710 superna
812 671 844 699 et
864 665 1103 701 intellectuali,
1126 676 1214 710 quae
1232 671 1342 698 mater
1361 670 1476 698 nostra
1496 670 1557 697 est.
1585 665 1670 697 Nam
1691 664 1715 696 si
1736 665 1820 697 ima-

135 722 251 766 ginem
272 728 383 760 tuam,
405 733 425 754 o
444 722 554 757 Deus,
577 729 836 756 conservassent
862 722 1033 761 homines,
1056 723 1179 755 merito
1205 722 1376 755 civitatem
1401 731 1540 766 quoque
1565 720 1742 754 caelestem
1766 732 1818 754 es-

137 784 213 811 sent
238 777 366 823 adepti.

381 843 526 866 'renuisti
542 850 671 866 manum
687 845 849 867 dexteram
865 850 979 871 meam,
994 846 1025 866 et.
1042 844 1075 866 in
1094 844 1254 866 voluntate
1272 845 1326 865 tua
1342 842 1498 865 deduxisti
1515 847 1572 864 me·
1854 844 1929 894 25:241).-
1945 871 1990 890 ω’,

232 892 401 932 Quoniam
428 893 574 926 iustitiae
600 899 783 938 operator,
808 894 867 927 Dei
894 894 1001 938 gratia
1026 893 1196 937 glorians,
1223 891 1353 926 dixerat
1375 905 1390 922 «
1414 891 1549 924 tenuisti
1575 896 1639 924 etc.
1666 904 1681 921 »
1705 889 1739 923 id
1764 896 1814 924 est

131 948 395 983 observatorem
420 961 475 983 me
501 950 720 984 voluntatum
747 939 884 984 tuarum
910 950 1135 987 constituisti:
1159 949 1287 983 idcirco
1313 960 1374 983 ceu
1400 959 1561 993 magnum
1588 946 1671 993 quid
1694 954 1725 981 et
1745 949 1815 980 exi-

135 1007 244 1039 mium
271 1006 450 1040 declarans
475 1007 510 1039 id
537 1007 738 1041 universalis
763 1008 872 1046 Deus,
894 1006 1151 1053 propemodum
1170 1005 1335 1040 exclamat
1361 1005 1477 1039 dicens
1495 1015 1594 1038 mox:
1615 1004 1697 1050 quid
1723 1005 1812 1037 enim

134 1063 218 1096 mihi
245 1069 294 1097 est
322 1064 355 1096 in
382 1063 501 1097 caelo?
522 1069 588 1097 etc.

612 1129 696 1156 Quia
712 1136 793 1157 ecce,
809 1131 864 1156 qui
880 1130 1031 1159 elongant
1049 1136 1079 1151 se
1096 1136 1113 1151 n
1132 1130 1162 1151 te
1178 1129 1337 1156 pei-ibunt,

230 1178 399 1223 Elongant
425 1190 461 1212 se
485 1178 626 1223 quidam
647 1190 665 1212 a
684 1180 833 1212 Domino
860 1190 929 1212 non
952 1177 1120 1212 localibus
1139 1178 1274 1223 spatiis,
1297 1176 1357 1211 sed
1377 1175 1623 1210 consuetudine
1640 1174 1810 1221 quodam-

131 1235 260 1273 modo,
282 1236 466 1273 sententia,
489 1247 527 1269 ac
552 1235 720 1269 moribus.
750 1237 905 1281 Namque
932 1234 1082 1281 improbi
1109 1234 1265 1268 homines
1284 1240 1317 1268 et
1335 1235 1468 1273 iniusti,
1490 1234 1544 1267 vel
1571 1233 1718 1266 aliorum
1744 1233 1810 1266 cri-

132 1293 263 1325 minum
290 1293 337 1325 rei
354 1318 362 1331 ‚
391 1293 512 1338 procul
538 1294 610 1326 Deo
636 1304 707 1327 esse
733 1293 907 1326 dicuntur.
936 1293 1071 1326 Etenim
1096 1303 1183 1337 quae
1209 1293 1407 1325 communio
1433 1291 1500 1325 luci
1526 1301 1603 1324 cum
1630 1289 1808 1323 tenebris?

130 1349 231 1383 Secus
250 1361 333 1383 vero
359 1349 442 1383 boni
467 1361 506 1383 ae
531 1351 626 1389 iusti,
647 1356 681 1384 et
700 1350 957 1396 praeclarorum
976 1361 1055 1395 erga
1083 1349 1285 1395 religionem
1303 1349 1506 1383 meritorum
1533 1348 1674 1387 conscii,
1697 1358 1807 1393 prope

131 1407 240 1440 Deum
267 1413 357 1440 sunt.

1851 1134 1871 1149 R
1887 1133 1919 1150 21,

1849 1156 1886 1176 Gr.
1900 1162 1923 1182 p.
1939 1159 1983 1177 ιτα.

615 1473 789 1497 Perdidisti
806 1480 909 1497 omnes
927 1474 981 1501 qui
999 1474 1200 1496 fornicantur
1215 1473 1270 1495 abs
1288 1475 1327 1495 te.
1841 1475 1861 1490 v·
1878 1472 1908 1491 Ξῖ-

226 1524 473 1558 Fet-nicationis
492 1530 600 1558 mater
619 1531 669 1558 est
686 1524 920 1558 incredulitas.
941 1525 1028 1557 Nam
1047 1524 1124 1569 quis
1140 1524 1249 1556 Deum
1267 1521 1395 1567 ubique
1414 1525 1625 1568 praesentem
1642 1520 1802 1559 credens,

127 1586 159 1613 et
182 1580 323 1625 singulis
342 1580 474 1614 actibus
493 1581 702 1620 adstantem,
723 1587 754 1615 et
776 1580 933 1614 cordium
952 1580 1146 1614 voluntates
1165 1580 1455 1625 introspicientem
1468 1604 1475 1617 ,
1497 1578 1573 1623 quis
1591 1578 1731 1622 inquam
1748 1576 1802 1610 vel

129 1637 324 1683 improbam
351 1638 594 1683 cogitationem
620 1638 834 1676 admitteret,
863 1637 916 1671 vel
943 1637 1023 1671 mali
1050 1636 1180 1682 aliquid
1205 1636 1411 1683 perficeret?
1437 1636 1549 1675 Quare
1575 1634 1629 1673 hi,
1658 1645 1719 1668 ceu
1744 1634 1803 1679 qui

126 1696 235 1728 Deum
255 1695 298 1728 de
317 1696 473 1740 ipsorum
494 1695 624 1729 actibus
645 1695 735 1729 hand
755 1696 961 1740 cogitantem
979 1695 1129 1728 iudicant
1142 1720 1149 1732 ,
1171 1694 1294 1727 merito
1314 1692 1488 1739 peribunt.
1510 1692 1684 1726 Cessemus
1704 1702 1722 1724 a
1741 1691 1803 1736 spi—

127 1752 235 1785 ritalis
261 1752 494 1786 fornicationis
524 1753 681 1787 moribus
697 1779 704 1791 ,
734 1764 775 1786 ne
802 1763 993 1798 congruum
1018 1750 1242 1797 debitumque
1267 1751 1393 1796 peccati
1424 1748 1633 1783 amatoribus
1662 1748 1799 1781 exitium

127 1808 323 1842 subeamus.
344 1810 403 1843 Est
422 1816 536 1843 autem
553 1810 715 1856 spiritalis
734 1809 913 1843 fornicatio
932 1820 1034 1843 omne
1053 1820 1159 1854 genus
1178 1808 1348 1853 nequitiae
1367 1813 1399 1841 et
1417 1806 1633 1852 impuritatis.
1662 1805 1703 1838 Et
1721 1804 1799 1850 quia

127 1872 264 1911 peccata
289 1879 307 1900 a
333 1867 392 1900 Dei
418 1868 675 1913 propinquitate
701 1878 764 1901 nos
789 1873 964 1912 separant,
993 1866 1186 1899 auferamus
1210 1864 1326 1898 dirum
1352 1864 1417 1897 hoc
1442 1862 1744 1909 impedimentum,
1765 1866 1797 1894 et

125 1923 289 1968 quicquid
309 1924 456 1957 invicem
475 1925 754 1970 appropinquare
772 1923 946 1970 prohibet.
968 1924 1058 1957 Deus
1077 1924 1186 1961 enim,
1208 1922 1316 1967 inquit
1339 1922 1366 1959 ',
1388 1921 1603 1967 propinquus
1621 1930 1684 1964 ego
1703 1930 1777 1952 sum
1789 1943 1797 1956 ,
1838 1919 1923 1967 ΕΜΓ·
1940 1920 2018 1941 ’‘⁸¹¹¹-

126 1991 195 2013 non
221 1981 311 2014 Deus
338 1988 501 2015 remotus.

745 2073 974 2112 PSALMUS
1002 2070 1175 2111 LXXIII.

622 2162 744 2186 Dedisti
760 2169 830 2186 eum
847 2169 946 2186 escam
960 2162 1085 2190 populls
1101 2161 1299 2188 Aethiopum.
1832 2165 1852 2181 v.
1872 2165 1901 2181 ιι.

221 2210 407 2257 Aethiopas
437 2212 502 2245 dici
533 2212 745 2246 credendum
769 2219 820 2246 est
845 2212 1000 2246 homines
1030 2212 1108 2246 illos
1137 2212 1196 2257 qui
1225 2209 1483 2245 obtenebratam
1512 2208 1794 2253 obscuratamque

123 2274 274 2302 mentem
301 2267 446 2307 habent,
467 2275 500 2303 et
525 2269 681 2303 nondum
706 2269 824 2303 dix-ino
849 2269 978 2303 lumine
1004 2269 1219 2302 illustratam.
1241 2269 1368 2302 Verum
1387 2267 1409 2300 ii
1428 2267 1486 2312 qui
1511 2277 1620 2312 genua
1642 2264 1715 2299 filio
1734 2264 1794 2298 sse-

124 2332 239 2364 ctum,
260 2325 303 2359 de
328 2325 454 2372 quibus
479 2326 609 2360 dictum
635 2328 699 2361 suit
717 2328 748 2365 ⁹,
769 2338 885 2361 eoram
912 2326 973 2360 illo
998 2326 1176 2372 procident
1196 2325 1399 2370 Aetliiope5‚
1424 2323 1467 2358 ab
1489 2335 1530 2357 eo
1556 2323 1789 2360 illustrantur,
1832 2337 1840 2343 ·
1858 2332 1893 2354 1³³.
1910 2334 1986 2355 Lxxi.
2001 2337 2020 2354 9.

122 2389 224 2427 atque
249 2383 440 2417 exclamant
459 2384 490 2417 ἐ
511 2386 553 2418 sit
579 2385 743 2430 splendor
762 2384 892 2419 domini
911 2385 971 2418 Dei
990 2384 1098 2417 nostri
1116 2395 1217 2429 super
1236 2394 1311 2416 nos.
1340 2383 1404 2422 Qui
1431 2388 1543 2415 autem
1569 2392 1677 2427 prope
1696 2380 1792 2413 inde·
1831 2386 1888 2433 {ff-
1905 2386 2020 2408 LXXXIX

123 2438 261 2474 lebilem
286 2439 415 2475 habent
439 2441 710 2487 improbitatem,
731 2449 832 2488 atque
851 2443 887 2475 in
906 2452 965 2475 sua
988 2447 1204 2488 perseverant
1232 2439 1426 2485 nigredine,
1448 2438 1481 2472 hi
1501 2449 1574 2472 esca
1600 2437 1680 2471 fient
1708 2448 1791 2483 apo-

123 2503 228 2532 statae
253 2498 411 2532 draconis
437 2498 621 2544 capitibus,
644 2506 676 2533 et
702 2499 816 2545 gladio
842 2499 976 2533 cadent.

736 2565 784 2588 'Du
800 2565 921 2588 siccasti
937 2565 1044 2587 fluvios
1061 2564 1177 2587 Eamu-
1828 2567 1848 2581 ι,
1866 2564 1895 2582 in.

218 2614 263 2647 Ea
288 2624 374 2658 quae
393 2614 427 2647 in
447 2613 583 2648 deserto
609 2615 824 2659 contigerunt
849 2615 946 2653 dicit,
968 2624 1075 2659 quum
1094 2613 1213 2646 elicitis
1232 2612 1275 2646 de
1295 2623 1380 2658 rupe
1399 2612 1494 2656 aquis
1518 2608 1650 2657 populo
1667 2616 1788 2656 potum

121 2669 291 2715 praebuit.
320 2670 430 2704 Ethan
458 2671 503 2716 (2)
528 2672 796 2717 interpretantur
822 2677 992 2709 austrum3
1013 2670 1054 2704 ad
1081 2676 1234 2703 austrum
1260 2680 1343 2703 xero
1369 2668 1511 2703 Iudaeae
1536 2667 1697 2702 Iordanes
1722 2672 1784 2701 est.

220 2747 255 2775 (1)
273 2745 378 2779 Reapse
396 2744 525 2772 ecclesiae
544 2749 647 2779 patres,
666 2753 717 2772 nec
735 2753 790 2772 non
809 2745 861 2780 ipsi
880 2745 995 2772 Hebraei
1015 2744 1048 2771 de
1067 2744 1177 2771 Christo
1197 2743 1271 2770 hunc
1290 2743 1424 2778 psalmum
1444 2743 1666 2777 interpretantur⁴

216 2797 254 2827 (2)
270 2797 355 2840 *⁸2:375
374 2795 469 2819 nolam
488 2793 543 2820 sive
562 2795 690 2821 austrum
710 2801 759 2821 cur
777 2793 968 2829 interpretetur
980 2793 1112 2829 Cyrillus,
1127 2801 1182 2819 non
1202 2792 1267 2819 satis
1287 2800 1336 2826 ego
1355 2791 1446 2824 video,
1462 2800 1524 2818 nain
1545 2795 1616 2818 certe
1634 2791 1692 2818 eius
1712 2789 1784 2816 radix
