2205 3177
671 211 702 232 lx
729 210 879 231 psamttm
906 209 1000 231 xmn.
1030 210 1068 231 ET
1095 210 1185 231 xmv.
1712 200 1774 231 199

107 276 331 312 tellectualem
345 301 352 310 .
375 286 435 309 ceu
456 273 606 307 Verbum
626 285 664 307 ex
686 279 813 311 mente,
835 274 906 305 sine
933 272 1001 305 ulla
1030 274 1210 317 partitione
1230 273 1280 305 vel
1302 272 1480 306 divisione.
1510 273 1592 313 Quis
1610 273 1700 306 enim
1726 285 1778 307 se-

108 334 239 381 parabit
266 346 284 367 a
310 333 413 366 corde
440 344 499 366 seu
524 338 638 365 mente
655 331 834 367 Yerbum.
856 330 949 375 quod
978 332 1010 362 in
1037 331 1107 374 ipsa
1134 337 1181 363 est
1197 357 1204 367 ,
1227 337 1257 364 et
1284 342 1324 363 ex
1350 331 1420 376 ipsa
1436 356 1443 367 ,
1469 341 1672 376 semperque
1698 342 1775 364 cum

109 393 203 438 ipsa‘?
223 398 254 425 et
273 390 412 435 quidem
432 390 479 423 sic
497 388 665 434 separabit
679 415 686 424 ,
709 395 745 422 ut
764 394 857 421 extra
876 388 984 432 ipsam
1005 389 1146 420 omnino
1165 388 1230 420 sit'?
1250 388 1390 421 Videtur
1408 389 1498 421 enim
1517 388 1776 433 quodammodo

107 448 201 494 quod
228 448 474 493 pronunciatur
501 458 630 492 perque
656 445 808 489 linguam
828 444 1003 490 profertur
1028 444 1192 481 xerbum,
1215 444 1307 478 aliud
1332 445 1413 489 quid
1441 456 1512 478 esse
1535 445 1578 479 ab
1603 452 1776 480 eructante

107 508 219 552 ipsum
245 505 368 543 corde;
389 504 449 538 sed
469 504 581 550 prodit
608 503 748 548 quidem
773 514 814 536 ex
840 514 899 539 eo.
922 508 1069 535 attamen
1090 503 1123 534 in
1142 514 1183 535 eo
1202 509 1267 539 est,
1290 513 1400 547 neque
1426 502 1573 536 alienum
1592 503 1634 536 ab
1653 503 1775 537 eodeni

107 570 168 597 est.
198 565 272 596 Non
299 563 390 596 enim
416 561 488 595 fieri
515 567 623 606 potest
644 567 679 594 ut
700 571 795 594 mens
822 572 880 593 seu
906 571 966 592 cor
984 558 1091 592 verbo
1111 570 1271 603 umquam
1291 565 1418 593 careat:
1442 571 1552 604 neque
1578 561 1658 593 item
1679 567 1715 594 ut
1735 562 1773 594 sit

108 619 269 657 verbum,
291 621 374 664 quin
393 625 481 653 extet
501 630 540 652 ex
559 624 672 651 mente
699 624 800 663 atque
827 619 860 650 in
888 623 1020 653 mente,
1043 617 1112 649 sive
1138 617 1170 648 in
1197 616 1301 649 corde
1320 622 1350 649 et
1371 628 1410 649 ex
1437 617 1540 650 corde
1562 618 1772 662 (t).1gitur,

106 677 200 711 velut
225 678 370 722 exempli
397 677 522 722 gratia,
544 687 603 709 cor
621 674 834 720 verbumque
855 676 889 708 in
916 676 986 708 Deo
1012 674 1245 709 admittentes.
1268 675 1388 707 mentis
1408 681 1542 708 nostrae
1567 676 1705 708 oculum
1733 675 1774 709 ad

107 746 144 768 ea
170 746 257 779 quae
283 733 458 768 sensibiles
483 745 536 766 res
563 733 730 766 excedunt
756 732 993 770 intendamus,
1014 732 1143 776 Deique
1168 730 1270 764 Verbi
1297 733 1550 776 generationem
1577 732 1677 777 digna
1703 734 1775 766 Deo

108 793 237 825 ratione
264 790 384 824 factam
409 790 608 828 credamus;
636 790 730 835 quod
757 801 837 823 sane
864 796 962 835 pater
987 788 1082 822 verbi
1109 789 1213 822 instar
1238 800 1279 821 ex
1305 788 1408 821 corde
1437 790 1613 822 eructavit.
1643 790 1775 823 Bonum

107 853 219 881 autem
245 846 330 880 illud
358 847 525 892 appellat,
547 853 579 880 et
597 853 687 880 certe
706 848 911 882 rectissime,
933 845 978 879 ob
998 846 1212 891 propositum
1239 844 1302 877 sibi
1326 856 1479 890 scopum.
1509 846 1594 878 Nam
1613 847 1691 890 quia
1711 859 1774 892 pro

107 904 226 938 mundi
252 904 358 937 salute
385 915 422 937 ae
446 905 533 940 vita,
555 903 786 938 voluntariam
811 904 1076 938 exinanitionem
1103 903 1171 948 pati
1190 902 1317 938 voluit,
1340 913 1404 947 pro
1429 913 1488 936 sua
1515 904 1691 947 congenita
1712 901 1775 937 bo-

107 963 230 1000 nitate,
251 963 390 1007 Deoque
416 962 517 1007 digna
537 961 714 995 clementia
729 988 736 999 ,
758 973 895 995 necesse
921 967 990 994 erat
1018 972 1108 994 nunc
1134 961 1279 993 maxime
1304 959 1386 994 boni
1413 960 1601 1006 epithetum
1628 961 1690 1006 ipsi
1715 961 1775 994 ad-

108 1019 278 1058 tribuere;
304 1030 449 1064 namque
475 1019 574 1052 simul
602 1026 633 1053 et
661 1020 718 1052 lux
745 1025 794 1052 est
820 1026 851 1052 et
879 1019 947 1052 vita
973 1025 1004 1051 et
1030 1018 1191 1063 sapientia
1218 1024 1246 1051 et
1274 1019 1393 1051 virtus.
1424 1018 1599 1056 Profecto,
1622 1025 1657 1051 ut
1684 1018 1771 1055 dixi,

107 1078 141 1109 in
167 1076 357 1110 excelsitate
383 1076 559 1122 gloriaque
579 1076 765 1110 divinitatis
786 1076 877 1110 filius:
896 1082 1070 1114 versatum
1093 1075 1151 1108 sed
1171 1075 1270 1108 simul
1298 1087 1337 1108 ac
1363 1082 1466 1108 semet
1487 1076 1689 1113 exinanivit,
1712 1075 1775 1108 hu-

105 1134 274 1167 manitatis
301 1134 480 1167 modulum
499 1135 636 1179 patitur.
659 1135 761 1167 Decet
781 1140 895 1167 autem
915 1133 1091 1166 hominem
1111 1144 1149 1166 ea
1169 1132 1298 1165 discere
1324 1132 1412 1165 velle
1431 1144 1518 1177 quae
1543 1133 1660 1166 nescit.
1689 1133 1773 1166 Nam

105 1197 273 1236 quatenus
297 1192 403 1229 Deus,
425 1192 565 1236 inspirat
585 1192 763 1225 hominum
783 1190 955 1224 mentibus
973 1202 1111 1224 omnem
1129 1189 1209 1223 boni
1231 1190 1403 1226 notitiam,
1425 1197 1525 1234 atque
1544 1191 1588 1223 ita
1610 1189 1694 1223 fiunt
1715 1190 1775 1223 ad-

106 1248 351 1282 monitionibus
377 1249 448 1282 eius
473 1250 652 1294 sapientes.

200 1306 329 1339 Videsis
356 1317 437 1351 ergo
464 1307 497 1339 in
525 1306 593 1343 his,
616 1306 811 1350 loquentem
840 1304 912 1338 silio
938 1316 998 1338 ceu
1024 1305 1090 1337 iam
1110 1303 1295 1337 humanato
1323 1310 1470 1349 patrem:
1492 1303 1569 1337 dico
1589 1314 1652 1348 ego
1669 1315 1773 1349 opera

107 1374 180 1397 mea
207 1363 289 1408 regi.
319 1364 485 1396 Promittit
512 1364 602 1396 enim
624 1362 876 1408 propemodum
902 1361 1085 1395 docturum
1106 1372 1140 1394 se
1161 1373 1256 1399 eum,
1278 1357 1402 1405 quihus
1427 1361 1475 1394 uti
1503 1360 1624 1394 debeat
1645 1372 1772 1394 sermo-

106 1419 225 1458 nibus;
245 1420 344 1453 simul
372 1431 434 1453 nos
460 1420 639 1465 impellens
658 1426 695 1453 ut
717 1419 808 1452 illius
827 1429 932 1464 opera
952 1419 1115 1452 aemulari
1134 1418 1290 1451 velimus
1320 1419 1432 1463 Opera
1450 1429 1531 1451 vero
1551 1418 1609 1451 Dei
1630 1417 1774 1451 dicimus

105 1477 298 1522 religiosam
322 1478 445 1513 vitam,
469 1484 502 1511 et
528 1483 720 1511 sanctarum
747 1478 919 1511 actionum
946 1483 1119 1513 tenorem,
1141 1487 1286 1520 quarum
1315 1476 1400 1509 ratio
1426 1487 1465 1509 ex
1491 1475 1684 1520 evangelica
1711 1475 1774 1508 do-

103 1536 211 1568 ctrina
230 1534 328 1568 nobis
346 1535 505 1568 innotuit.
528 1535 618 1568 Dixit
636 1535 726 1568 enim
747 1536 905 1568 Senator
926 1535 955 1567 *t
981 1547 996 1565 «
1019 1545 1035 1566 a
1056 1545 1110 1567 me
1130 1534 1205 1578 ipso
1224 1533 1308 1566 nihil
1329 1533 1432 1571 facio:
1454 1533 1513 1567 sed
1532 1534 1590 1578 qui
1609 1534 1697 1566 misit
1718 1544 1771 1566 me
1810 1536 1953 1588 inl'l'J'Jffll'
1972 1538 1999 1555 ’,ψ

104 1599 215 1637 pater,
235 1594 308 1638 ipse
325 1592 407 1625 mihi
426 1592 625 1626 mandatum
643 1592 754 1630 dedit,
774 1592 857 1637 quid
876 1591 988 1625 dicam
1006 1597 1037 1624 et
1056 1590 1312 1635 quideloquar.
1332 1605 1347 1622 »
1369 1592 1408 1624 Et
1427 1602 1545 1624 rursus
1562 1591 1584 1623 '.
1609 1604 1624 1621 «
1641 1589 1768 1627 Verba,
1815 1601 1821 1606 ‘
1840 1597 1887 1618 10¹¹-
1906 1597 1953 1617 VH-
1971 1600 1999 1616 ¹⁶·

101 1661 188 1695 quae
213 1662 277 1695 ego
302 1650 444 1695 loquor,
467 1661 535 1683 non
563 1656 641 1683 sunt
666 1660 760 1687 mea,
782 1649 842 1683 sed
869 1650 940 1682 eius
965 1649 1023 1693 qui
1050 1649 1140 1682 misit
1166 1660 1232 1681 me.
1259 1663 1273 1679 »
1296 1648 1417 1682 Scribit
1443 1649 1545 1681 etiam
1564 1649 1697 1693 sapiens
1716 1648 1770 1680 Io-

101 1707 231 1741 hannes
252 1707 294 1740 de
313 1707 434 1740 eodem
455 1708 478 1740 “.
505 1720 520 1737 «
542 1707 606 1746 Qui
625 1706 731 1740 credit
750 1706 784 1739 in
804 1705 914 1740 filium
927 1733 935 1745 ‚
957 1706 1101 1751 signavit
1121 1706 1230 1739 Deum
1256 1717 1328 1739 esse
1353 1716 1524 1739 veracem.
1553 1706 1662 1745 Quem
1681 1705 1771 1737 enim
1813 1716 1817 1720 ’
1836 1712 1885 1732 lun.
1902 1712 1938 1731 ¹¹1-

100 1764 190 1797 Deus
209 1764 316 1801 misit,
332 1765 360 1797 is
378 1763 481 1797 vverba
502 1765 560 1796 Dei
581 1764 745 1808 loquitur.
767 1777 782 1794 »
804 1765 888 1797 Nam
908 1770 1090 1809 postquam
1109 1762 1257 1796 discussa
1276 1763 1359 1808 legis
1378 1762 1517 1800 umbra,
1534 1768 1640 1795 semet
1658 1763 1770 1807 ipsum

101 1820 186 1853 dixit
211 1832 281 1854 esse
299 1822 494 1859 veritatem,
516 1821 700 1866 docuitque
721 1821 955 1854 adorationem
976 1821 1174 1866 cultumque
1194 1822 1228 1854 in
1248 1821 1367 1866 spiritu
1388 1827 1419 1854 et
1438 1821 1598 1857 veritatffl
1619 1831 1662 1853 ne
1681 1819 1770 1852 forte

103 1877 249 1916 Iudaeis,
271 1877 304 1910 hi
325 1884 459 1923 praeter
476 1879 535 1911 Dei
554 1878 766 1912 voluntatem
785 1879 985 1912 viderentur
1005 1877 1078 1912 fieri
1098 1890 1288 1915 sermones,
1309 1890 1475 1924 personae
1494 1878 1553 1912 Dei
1574 1879 1677 1923 patris
1697 1888 1772 1922 pru-

102 1933 239 1973 denter,
261 1941 298 1968 ut
317 1935 405 1973 dixi,
428 1947 505 1968 suas
523 1936 758 1969 accommodat
777 1947 889 1970 voces.
913 1936 1003 1970 Illud
1019 1947 1157 1981 quoque
1176 1937 1451 1971 meminerimus.
1473 1937 1582 1969 Deum
1602 1936 1637 1968 in
1655 1940 1771 1968 monte

100 1991 217 2025 Horeb
237 1998 444 2037 congregato
466 1992 603 2025 lsraheli
623 1992 842 2026 denunciasse
862 1993 904 2027 de
923 1993 1057 2027 Christo
1083 1993 1254 2027 dicentem
1273 1993 1490 2038 hierophanti
1509 1993 1617 2037 Moysi
1638 1994 1666 2024 ':
1688 2002 1770 2037 pro—
1810 1989 1904 2034 {summ
1921 1987 1990 2007 '‘⁸¹''

99 2049 237 2094 phetam
256 2050 303 2082 eis
322 2049 492 2083 suscitabo
511 2061 549 2083 ex
572 2051 725 2094 ipsorum
744 2050 924 2089 fratribus,
945 2057 1119 2096 tamquam
1137 2057 1185 2084 te:
1207 2050 1367 2096 daboque
1387 2049 1493 2084 verba
1512 2061 1587 2084 mea
1606 2050 1658 2083 ori
1677 2050 1767 2086 eius,

99 2107 158 2151 qui
183 2106 344 2151 loquetur
368 2106 437 2139 illis
461 2118 697 2152 quaecumque
722 2107 834 2141 eidem
858 2108 1080 2142 mandavero.
1114 2123 1128 2139 »
1158 2109 1310 2152 Denique
1336 2109 1438 2142 etiam
1464 2108 1616 2141 Christus
1646 2105 1769 2140 alicubi

99 2163 182 2197 dicit
202 2164 229 2196 ἐ
255 2178 269 2193 ι(
292 2170 388 2209 pater
407 2164 515 2209 diligit
537 2164 665 2201 filium,
686 2171 717 2198 et
736 2166 849 2198 omnia
869 2165 1079 2198 demonstrat
1100 2166 1150 2202 ei,
1171 2176 1258 2210 quae
1278 2167 1349 2210 ipse
1369 2166 1465 2199 facit:
1487 2166 1571 2211 quin
1591 2171 1621 2198 et
1642 2165 1770 2198 maiora
1810 2177 1816 2181 ·
1835 2173 1874 2194 loli
1901 2173 1924 2191 ι,
1940 2178 1956 2193 :¹

99 2220 347 2254 demonstrabit
366 2222 395 2255 ei
415 2233 536 2267 opera,
559 2228 595 2255 ut
616 2234 675 2255 vos
695 2223 877 2255 miremini.
902 2236 918 2253 »
940 2224 1025 2255 Nam
1045 2222 1137 2267 quod
1160 2229 1254 2267 pater
1274 2223 1345 2256 tilio
1364 2234 1468 2268 opera
1487 2221 1662 2257 ostendat,
1684 2220 1771 2253 dicet

100 2278 240 2312 fortasse
267 2278 388 2323 aliquis
413 2290 480 2312 non
507 2291 579 2313 esse
605 2279 764 2316 alienum*
780 2278 822 2313 ab
848 2279 1018 2313 humanae
1037 2279 1244 2314 conditionis
1262 2279 1472 2315 humilitate:
1495 2285 1583 2313 certe
1603 2278 1637 2311 id
1657 2278 1770 2311 exina-

100 2336 236 2369 nitionis
263 2347 367 2381 scopo
393 2338 561 2382 congruit.
590 2337 655 2371 Sed
681 2337 857 2383 praeclare
883 2337 1071 2371 admodum
1098 2337 1207 2370 tilium
1231 2344 1326 2383 pater
1353 2337 1502 2383 appellat
1526 2348 1659 2381 regem,
1681 2346 1723 2368 ne
1744 2335 1770 2367 is

100 2392 188 2426 forte
206 2394 293 2426 intra
321 2393 539 2429 humanitatis
565 2395 746 2429 modulum
773 2396 949 2429 continere
966 2395 1122 2429 videatur
1142 2396 1260 2429 insitae
1286 2395 1350 2429 sibi
1377 2395 1576 2428 naturaliter
1598 2393 1770 2438 dignitatis

99 2455 130 2483 et
150 2462 302 2484 summae
328 2450 529 2484 excelsitatis
553 2453 766 2497 mysterium.
796 2453 934 2486 Etiamsi
961 2453 1052 2485 enim
1077 2452 1184 2486 factus
1210 2459 1258 2486 est
1279 2453 1313 2486 in
1333 2459 1420 2486 terra
1447 2452 1571 2487 homo.
1593 2450 1702 2484 nihilo
1721 2456 1770 2483 ta-

99 2518 177 2540 men
203 2508 335 2545 minus.
357 2509 435 2553 quia
462 2510 677 2543 aeternaliter
701 2511 835 2555 genitus
854 2522 871 2544 a
893 2521 971 2555 rege
997 2516 1093 2556 patre
1119 2510 1200 2549 fuit,
1223 2522 1281 2543 rex
1300 2515 1412 2543 manet
1440 2510 1473 2542 in
1500 2508 1645 2542 naturali
1672 2507 1770 2541 celsi-

98 2564 216 2598 tudine
241 2576 317 2603 sua,
339 2565 441 2611 digna
467 2567 538 2599 Deo
563 2567 739 2606 videlicet,
762 2574 796 2602 et
821 2580 961 2602 omnem
987 2574 1178 2602 creaturam
1203 2573 1397 2612 superante.

507 2631 633 2661 Lingua
649 2639 716 2655 mea
733 2633 871 2656 calamus
888 2634 1008 2656 sen-ibae
1024 2632 1170 2655 velociter
1185 2632 1360 2654 scribentis
1809 2637 1828 2651 v.
1844 2635 1863 2651 2.

193 2679 271 2713 Alio
291 2679 402 2714 adhuc
423 2681 529 2715 modo
547 2680 647 2715 nobis
665 2683 755 2716 Deus
774 2689 869 2728 pater
888 2689 1004 2717 natum
1024 2682 1067 2715 de
1086 2694 1144 2715 sua
1164 2681 1351 2715 substantia
1371 2679 1522 2715 Verbum
1542 2680 1765 2714 demonstrat.

98 2737 262 2782 Linguam
287 2738 378 2771 enim
404 2749 498 2772 suam
524 2739 610 2773 illud
637 2739 805 2785 appellat,
831 2752 901 2775 non
927 2752 1007 2775 sane
1032 2740 1206 2773 diversum
1231 2738 1314 2784 quid
1343 2738 1506 2784 loquens,
1533 2738 1591 2772 sed
1618 2749 1655 2772 ea
1681 2749 1769 2783 quae

193 2866 229 2895 (1)
247 2863 346 2892 Confer
363 2865 551 2900 Augustinum
570 2864 604 2892 de
622 2865 754 2894 Trinitate
774 2866 819 2893 lib.
842 2867 891 2894 tx.
913 2870 955 2894 12.
