2205 3177
261 2371 297 2390 cr,
312 2376 333 2395 Γ.
353 2360 395 2391 ium,

461 200 523 230 121)
959 206 986 228 S.
1015 205 1141 227 (ZYRlLLl
1169 206 1387 228 ALEXAxnmxl
1414 206 1618 229 EXPLANATIO

456 272 563 304 lutare
588 270 708 303 Clu-isti
736 269 925 304 constituit.
946 275 976 302 ct
1005 268 1132 314 ubique
1158 270 1423 303 inaudicntlum:
1445 270 1658 305 confidenter
1675 272 1766 305 enim
1792 273 1827 306 in
1853 273 2011 307 universo
2038 273 2123 307 orbe

454 328 683 374 praedicatum
713 326 784 359 suit.

700 390 830 417 Eloquia
851 390 974 412 Domini
993 391 1114 417 eloquin
1132 393 1231 419 casm,
1248 395 1413 420 argeutum
1432 393 1504 421 igne
1521 394 1632 419 somn-s
1649 395 1870 417 examinatum.

543 444 637 475 Casta
658 441 690 474 iil
711 447 758 474 est
779 447 887 474 castos
913 442 1108 474 etlicicntia:
1132 443 1324 476 nullatenus
1351 444 1441 475 enim
1465 454 1501 476 ea
1522 443 1610 477 male
1631 456 1664 477 se
1691 443 1836 481 liabent,
1858 444 1915 478 sed
1936 445 2021 478 adeo
2040 451 2117 478 sunt

450 499 627 545 splendida
654 505 682 531 et
712 498 903 535 defaecata,
930 505 963 531 ut
993 505 1171 543 argentum
1197 500 1397 537 xhieantur,
1427 501 1504 545 igne
1530 512 1599 534 non
1626 501 1729 534 semel
1756 501 1813 534 sed
1841 503 2033 547 saepissime
2061 514 2119 536 ex-

449 563 602 589 coctum:
632 556 665 588 id
692 556 782 589 enim
809 555 989 601 significari
1017 555 1166 589 arbitror
1192 556 1362 590 vocabulo
1388 571 1403 588 «
1426 558 1560 603 septies.
1587 571 1601 587 »
1627 557 1771 591 Probata
1797 565 1873 592 sunt
1900 570 1983 603 ergo
2009 565 2118 592 terrae

391 632 399 647 .»
447 613 566 646 int-olis
585 613 772 646 Servatoris
790 613 941 646 oracula.
971 632 993 638 —
1022 613 1152 647 ludaeis
1178 625 1238 658 per
1265 614 1383 646 lsaiam
1410 614 1594 660 exprobrat
1618 615 1785 648 Dominus
1807 615 1836 648 ²:
1862 622 2041 660 argentum
2058 627 2118 649 ve-

446 678 553 704 strum
582 670 673 704 liaud
699 677 747 703 cst
776 670 978 715 probatum,
1002 682 1125 716 nempe
1152 670 1230 704 {idei
1257 671 1412 705 doctrina
1433 672 1624 706 adulterina
1643 678 1691 705 cst
1717 679 1748 706 et
1769 674 1902 718 spuria,
1923 685 2034 719 neque
2058 684 2117 706 ve-

448 739 522 761 rum
551 728 662 772 regiae
688 728 845 772 imaginis
871 727 1100 761 characterem
1127 728 1289 761 retinens.

912 792 974 819 Tu,
992 792 1135 819 Domine,
1151 793 1302 815 custodies
1321 800 1388 817 uos.
1405 795 1434 815 et
1453 795 1656 816 conservabis.

543 842 734 876 Secundum
762 854 843 875 xero
870 852 1064 887 anagogen,
1086 849 1161 875 orat
1189 842 1357 887 propbeta
1378 849 1413 876 ut
1432 844 1596 888 eripiatur
1622 856 1639 877 a
1666 844 1815 883 iutlaica,
1837 843 2028 878 cuiusmodi
2053 842 2117 878 sub

444 900 622 933 Set-vatore
649 900 730 937 fuit,
752 906 850 943 gente
878 900 1073 937 incredula,
1096 899 1308 938 truculenta,
1330 906 1364 933 et
1389 900 1557 934 adultera.

1037 965 1075 987 lu
1093 966 1227 988 circuitu
1246 966 1336 992 impii
1353 966 1528 988 ambulant.

540 1014 731 1048 Secundum
759 1026 842 1047 vero
868 1026 1064 1059 anagogen,
1087 1015 1164 1048 ideo
1191 1015 1271 1048 dicit
1297 1015 1469 1049 custodies
1496 1027 1577 1055 nos,
1602 1017 1681 1061 quia
1708 1028 1770 1050 nos
1794 1016 1946 1062 undique
1972 1016 2117 1049 circum·—

446 1079 531 1106 stant
560 1073 672 1117 impii.
694 1072 793 1105 saluti
821 1078 956 1105 nostrae
984 1072 1194 1106 insidiantes.

1103 1168 1332 1206 PSALMUS
1365 1169 1452 1206 XII.

1049 1253 1088 1276 111
1107 1254 1212 1281 finem,
1230 1254 1366 1281 psalmus
1384 1254 1509 1277 Bavidi.

538 1304 636 1337 Hunc
662 1304 749 1336 canit
777 1303 948 1348 psalmum
974 1304 1102 1348 peccati
1129 1304 1179 1337 sui
1206 1305 1399 1349 paenitens;
1421 1304 1521 1337 simul
1544 1303 1644 1338 nobis
1662 1303 1808 1338 salutare
1827 1304 1913 1338 illud
1933 1304 2112 1342 nuncians,

443 1374 459 1394 a
486 1372 556 1405 quo
583 1372 740 1394 normam
767 1361 977 1406 accepimus,
999 1371 1066 1405 qua
1093 1367 1168 1406 post
1195 1367 1371 1407 peccatum
1398 1361 1559 1395 accedere
1585 1361 1628 1395 ad
1654 1363 1763 1396 Deum
1789 1362 1970 1407 possimus.

950 1426 1017 1453 Quo
1035 1434 1131 1454 usque
1147 1429 1266 1449 avertes
1284 1427 1394 1450 faciem
1411 1429 1498 1450 tuam
1514 1434 1534 1450 a
1550 1428 1612 1450 me?

536 1476 625 1517 Quid
651 1483 701 1510 est
726 1476 820 1522 quod
846 1476 967 1510 faciem
985 1477 1075 1510 Deus
1095 1488 1112 1509 a
1133 1475 1369 1522 peccatoribus
1389 1478 1531 1510 avertit?
1550 1478 1629 1522 quia
1648 1477 1809 1523 indignos
1828 1483 1965 1523 aspectu
1984 1488 2046 1510 suo
2064 1477 2115 1510 iu-

440 1533 541 1567 dicat.
560 1533 794 1574 Quamobrem
813 1545 878 1579 ego
897 1534 1102 1567 conscientia
1122 1544 1195 1566 mea
1216 1539 1459 1578 compunctus,
1476 1535 1604 1579 Deique
1624 1534 1787 1568 iudicium
1805 1541 1977 1572 metuens,
1996 1539 2115 1579 utpote

440 1591 559 1635 procul
588 1590 630 1624 ab
656 1602 697 1624 eo
723 1590 769 1624 ob
796 1597 973 1636 peccatum
999 1589 1198 1629 submotus,
1222 1602 1283 1636 per
1308 1590 1551 1635 paenitentiam
1570 1592 1672 1624 animi
1692 1591 1921 1625 voluntariam
1946 1601 2112 1628 renovor,

439 1660 481 1682 ne
508 1648 596 1683 forte
621 1650 655 1682 in
682 1655 821 1694 peccato
847 1650 987 1682 moriar.
1018 1649 1130 1693 Atque
1156 1659 1192 1681 ca
1220 1660 1273 1681 res
1299 1648 1383 1681 mihi
1415 1649 1629 1693 potissimum
1656 1660 1848 1683 maerorem
1879 1648 1982 1682 animi
2008 1653 2111 1681 creat.

439 1707 505 1739 Pro
523 1718 593 1751 quo
612 1706 835 1751 SJmmarbus
854 1706 958 1739 dixit:
981 1717 1097 1739 curam
1117 1706 1150 1738 in
1171 1705 1274 1739 corde
1295 1717 1372 1739 meo
1391 1706 1559 1750 quotidie.
1588 1707 1659 1740 lam
1678 1706 1760 1739 haec
1779 1707 1886 1739 nostri
1906 1704 2114 1739 admonendi

440 1774 537 1796 causa
557 1764 681 1808 scripta
701 1770 797 1802 sunt,
820 1769 921 1808 atque
948 1762 1093 1796 docendi
1113 1762 1290 1807 quomodo
1310 1769 1468 1807 oporteat
1488 1774 1505 1796 a
1524 1764 1670 1808 peccatis
1692 1763 1910 1808 resipiscere,
1931 1761 2114 1807 praedictis

439 1820 552 1853 serbis
572 1826 744 1865 tamquam
766 1820 956 1866 pharmacis
982 1826 1128 1854 utentes.
1150 1820 1210 1853 Yel
1231 1820 1331 1853 etiam
1359 1819 1569 1854 oblivionem
1591 1819 1741 1866 appellat
1761 1819 1875 1854 auxilii
1895 1819 2112 1857 dilationem,

439 1884 581 1923 oratque
608 1890 649 1911 ne
675 1890 692 1910 a
719 1878 833 1912 divina
861 1890 1000 1923 prorsus
1027 1877 1243 1923 providentia
1271 1878 1486 1911 destituatur.

867 1944 1024 1969 Quamdiu
1042 1943 1235 1966 exaltabitur
1252 1944 1397 1966 inimicus
1414 1950 1497 1966 meus
1514 1950 1607 1971 super
1623 1945 1687 1967 me?

534 1994 723 2038 Interrogat
749 1993 792 2027 de
819 1994 870 2026 his
889 1995 1015 2031 Deum,
1037 2005 1107 2026 non
1134 1994 1229 2038 quasi
1257 2004 1411 2031 causam,
1433 1993 1494 2027 sed
1520 1995 1599 2039 quia
1625 1999 1710 2027 nutu
1729 2005 1791 2027 suo
1810 1993 1976 2039 impedire
1994 1992 2113 2026 eadem

439 2056 562 2096 potest.
591 2071 613 2075 —
638 2052 723 2084 Nam
750 2051 774 2083 si
803 2051 857 2097 pie
876 2050 976 2084 nohis
994 2050 1189 2084 viventibus
1214 2050 1422 2096 deprimitur
1447 2051 1572 2089 hostis,
1593 2051 1742 2085 vicissim
1768 2049 1985 2096 peccantibus
2003 2049 2114 2083 extol-

438 2108 531 2141 litur.
559 2108 645 2141 Nam
671 2109 811 2141 Satanae
830 2108 976 2141 elevatio
995 2115 1043 2141 est
1057 2134 1064 2146 ,
1086 2108 1266 2141 hominum
1293 2108 1503 2141 humiliatio:
1525 2110 1603 2154 quia
1629 2109 1713 2142 sicut
1734 2109 1824 2142 Deus
1843 2107 1958 2141 salutis
1976 2112 2114 2140 nostrae

438 2176 535 2199 eausa
563 2165 674 2199 efferri
702 2165 844 2203 dicitur,
866 2167 911 2199 ita
931 2165 1090 2199 diabolus
1108 2166 1210 2199 exitio
1237 2172 1355 2199 nostro
1381 2165 1557 2199 extollitur
1578 2166 1636 2211 (1).
1665 2166 1832 2200 Sufficiat.
1854 2165 1984 2210 inquit,
2005 2164 2035 2198 ei
2059 2175 2112 2197 se·-

437 2223 503 2256 mel
532 2223 633 2256 fuisse
659 2223 804 2259 elatum,
827 2223 909 2256 dum
930 2235 993 2269 ego
1012 2224 1138 2257 scilicet
1159 2229 1296 2269 peccato
1323 2224 1548 2269 deprimcrer.
1578 2225 1644 2258 Cur
1669 2225 1735 2258 iam
1759 2223 1887 2257 diutius
1913 2228 2031 2256 contra
2056 2232 2112 2255 me

438 2280 636 2313 extollitur?

975 2347 1018 2369 Ne
1036 2354 1181 2374 umquam
1198 2348 1391 2370 obdormiam
1408 2349 1440 2370 in
1458 2350 1567 2371 morte.

530 2397 643 2430 Somni
672 2397 809 2429 nominc
836 2397 1007 2442 pigritiam
1034 2396 1242 2441 designavit,
1263 2408 1330 2441 qua
1355 2396 1482 2431 obsessi
1502 2399 1591 2432 witae
1611 2397 1794 2443 phantasiis
1818 2407 2000 2441 vagamur,
2021 2395 2111 2429 otio-

434 2454 528 2498 sique
555 2455 588 2486 in
615 2454 800 2500 voluptatis
820 2454 908 2487 lecto
927 2453 1103 2487 cubamus.
1134 2456 1182 2487 Ne
1201 2455 1314 2499 itaque
1334 2455 1489 2500 pigritiae
1515 2467 1676 2489 somnum
1702 2454 1777 2488 dira
1803 2465 1897 2488 mors
1921 2451 2109 2497 subsequa-

435 2517 507 2545 tur.
537 2511 721 2545 illuminari
748 2512 867 2546 oculos
894 2522 992 2547 suos.
1022 2512 1054 2544 id
1083 2517 1131 2545 est
1157 2513 1289 2545 animae
1322 2524 1457 2550 sensus,
1488 2514 1657 2558 postulat,
1687 2519 1724 2546 ut
1751 2512 1890 2546 videant
1914 2511 2105 2544 veritatem.

433 2568 578 2607 Vereor,
601 2570 728 2614 inquit,
750 2581 793 2603 ne
812 2581 953 2603 somnus
971 2570 1004 2602 in
1024 2575 1169 2602 mortem
1191 2569 1340 2607 desinat,
1363 2571 1390 2603 si
1410 2570 1645 2605 vehementior
1665 2570 1723 2604 fiat
1741 2570 1971 2604 calamitatum
1990 2566 2104 2601 dolor.

871 2636 933 2662 Qui
952 2635 1109 2658 tribulant
1126 2642 1187 2661 me,
1203 2635 1391 2658 exultabunt
1407 2637 1433 2658 si
1451 2638 1552 2660 motus
1570 2637 1669 2659 fuero.

530 2684 629 2716 Sicuti
658 2685 783 2718 athleta
810 2691 903 2718 extra
931 2685 1028 2718 stadii
1056 2685 1188 2718 sulcum
1218 2685 1396 2729 prosiliens
1422 2686 1591 2724 xincstur,
1620 2686 1663 2719 ita
1690 2685 1892 2719 christianus
1921 2681 2109 2728 deperditis

435 2748 520 2781 quae
542 2739 637 2773 initio
657 2748 829 2786 acceperat
851 2742 970 2779 donis,
993 2741 1178 2775 subversus
1197 2741 1299 2774 cadit.
1322 2743 1397 2775 Non
1418 2743 1520 2787 igitur
1539 2744 1779 2781 immutemur,
1801 2753 1843 2775 ne
1862 2740 2023 2786 gaudium
2043 2739 2110 2772 ini-

436 2805 530 2826 micis
558 2798 682 2830 nostris
708 2810 874 2831 creemus.

544 2867 551 2887 t
587 2864 658 2890 ttae(-
680 2865 786 2893 xis-etas
804 2876 833 2894 ex
853 2867 956 2902 Cyn-illo
975 2868 1085 2899 recitat,
1106 2875 1175 2903 quae
1194 2867 1239 2894 alii
1262 2868 1352 2894 nescio
1371 2868 1508 2902 quomodo
1528 2867 1562 2896 ad
1580 2869 1763 2896 Athanasium
1784 2871 1932 2895 traxerunt-
