2205 3177
270 266 311 285 'ls
338 265 396 285 ὶ1.1

209 840 213 843 ·
233 837 265 856 t¹-.
282 836 350 856 xxv.
366 840 398 857 21.

230 867 232 870 ’
253 862 288 882 l’s.
304 862 348 883 XC.
367 865 398 883 1·.’.

205 893 210 897 ·
229 889 293 909 erm.
311 889 347 909 lv.
364 892 396 910 21³.

233 1194 236 1197 ·
256 1191 306 1211 Lex.
323 1191 359 1211 M.
376 1196 395 1211 s,

259 1366 295 1382 ¹112
310 1368 332 1387 1¹-
351 1365 393 1383 11’·.

235 2164 240 2168 “
259 2161 309 2181 Lm.
325 2161 351 2182 Χ.
367 2165 387 2182 D.

246 2730 283 2749 (ιν.
299 2734 322 2755 p.
339 2732 383 2750 12¹³.

178 2823 184 2828 ·
194 2820 245 2841 ιω.
254 2819 287 2841 Χῖ
297 2820 381 2847 1.::.sq.

447 146 491 177 78
958 153 986 175 s.
1011 153 1138 175 cvnu.1.t
1166 153 1386 176 ALEXANDRINI
1413 153 1618 176 EXPLANATIO

444 227 533 246 versos
551 224 631 253 atque
645 221 806 252 spectantes.
830 216 933 243 Deinde
950 216 1088 251 quomodo
1106 216 1186 243 nobis
1203 221 1296 244 narrat
1315 216 1446 251 propheta
1464 224 1478 244 a
1496 223 1525 243 se
1543 216 1601 251 ipso
1616 216 1703 245 visos?
1721 217 1824 252 Nempe
1836 225 1898 244 cum
1916 217 2030 250 gloriam
2044 217 2124 249 vidit,

445 269 525 298 atque
549 264 583 289 ita
603 263 708 288 locutus
725 265 764 287 est
787 264 812 286 ':
835 260 887 287 xidi
905 260 1053 287 Dominum
1069 261 1183 288 sabaoth
1203 261 1343 288 sedentem
1361 268 1443 295 super
1456 261 1557 288 solium
1574 261 1710 287 excelsum
1729 265 1755 287 et
1771 261 1918 288 elevatum:
1940 265 1967 288 et
1982 261 2123 296 Seraphim

445 307 551 333 stabant
570 306 639 331 circa
660 304 743 331 illud.
760 309 783 330 et
799 304 950 331 Dominum
967 305 1014 338 qui
1033 309 1089 331 erat
1110 312 1191 339 super
1206 305 1307 332 solium
1325 303 1491 336 laudabant,
1507 304 1564 331 alas
1581 303 1765 331 extendentes.
1786 305 1830 331 Sic.
1847 304 1971 332 videlicet
1983 306 2011 332 in
2028 310 2123 333 sancto

444 358 551 384 quoque
575 347 750 375 tabernaculo
774 347 897 374 collocati
920 352 1012 379 eraut,
1032 348 1083 375 alis
1107 349 1326 384 propitiatorium
1349 347 1556 375 obumbrantes.
1577 347 1657 382 Quod
1678 348 1701 374 si
1722 347 1885 375 Cherubinis
1907 357 1973 376 auro
1994 348 2124 376 confectis

445 402 490 418 vox
511 393 602 426 aliqua
626 396 650 418 et
670 399 758 418 sermo
779 391 866 418 inesse
888 392 1038 426 potuisset,
1058 391 1244 419 laudavissent
1262 392 1356 427 utique
1378 392 1528 419 Dominum
1550 391 1682 423 sabaoth,
1703 390 1826 419 videlicet
1846 392 1919 419 hunc
1939 393 1985 427 qui
2007 393 2034 419 in
2055 393 2123 420 servi

447 437 531 463 torma
551 435 675 470 apparuit
697 435 783 461 lilium
805 435 979 467 unigenitum
999 444 1030 462 ex
1048 437 1106 463 Deo
1129 440 1204 471 patre
1225 436 1387 464 naturaiiter
1408 440 1510 463 ortum.

1071 485 1223 507 solummodo
1240 485 1262 506 in
1279 485 1337 507 cibis
1353 487 1376 506 ct
1393 485 1493 512 potibus.

522 525 611 550 Yetuit
632 525 705 550 Deus
724 524 873 559 quominus
893 524 1103 552 comederentur
1121 524 1328 560 choerogryllus
1347 529 1373 551 et
1392 524 1514 551 camelus
1534 528 1560 551 et
1580 525 1670 551 stellio
1687 529 1713 551 et
1732 524 1841 551 similia.
1862 526 1920 552 Hoc
1940 528 2047 557 autem,
2067 531 2123 551 non

442 573 469 595 111
493 568 649 595 lmiusmodi
668 568 797 595 animalia
819 569 997 603 vituperaret.
1013 569 1058 596 sed
1079 574 1109 596 111
1128 570 1209 596 vitam
1231 576 1373 604 moresque
1395 569 1504 603 iniquos
1524 570 1622 595 sectari
1638 568 1801 603 prohiberet.
1822 569 1919 596 Nonne.
1938 569 2012 595 0111111
2032 572 2059 595 et
2072 575 2123 595 nos

440 620 525 639 cornu
547 612 625 639 ferire
644 612 756 639 solitum
778 617 886 639 taurum
907 612 1024 640 dicimus
1043 622 1092 648 pro
1106 613 1230 648 improbo
1252 613 1379 640 homine?
1398 613 1504 640 leonem
1521 621 1568 647 pro
1584 612 1731 640 iracundo?
1746 620 1823 639 suem
1839 620 1886 647 pro
1900 613 2025 647 impuro?
2045 611 2123 639 lubet

439 662 530 684 antem
551 657 692 684 comedere
711 665 760 684 nos
779 657 910 684 animalia
930 666 1000 692 quae
1014 657 1148 691 ungulam
1169 657 1297 684 dividunt
1311 661 1337 684 et
1352 657 1503 684 ruminant.
1528 657 1625 684 Omnis
1644 657 1743 692 quippe
1762 657 1847 683 virtus
1864 656 1963 691 duplex
1982 661 2035 684 est:
2056 663 2121 683 nam

438 701 477 727 vel
498 701 577 728 nobis
597 701 662 736 ipsis
683 701 751 728 bene
772 701 902 733 facimus,
923 701 1005 728 veluti
1027 710 1088 728 cum
1110 701 1262 736 voluptates
1281 705 1471 736 amputamus,
1493 710 1539 728 cor
1558 702 1750 736 puriticamus,
1771 700 1933 735 cupiditates
1950 700 2120 728 cohibemus.

439 745 485 771 tet
506 745 567 772 aliis
587 753 671 780 aeque
694 745 761 771 bene
779 745 910 776 facimus,
933 745 1059 772 inimicos
1080 744 1236 779 diligendo,
1252 744 1335 772 iratos
1353 745 1546 777 exhilarando,
1562 744 1747 779 indulgendo,
1767 744 1968 779 compatiendo.
1989 745 2038 771 Est
2056 750 2121 778 ergo

437 789 536 824 duplex
556 789 674 816 iustitiae
696 788 808 821 modus,
829 797 926 823 nempe
947 789 969 816 si
990 789 1028 815 vel
1050 788 1130 815 nobis
1150 788 1230 823 ipsis,
1252 788 1292 816 vel
1312 789 1374 815 aliis
1393 789 1587 823 gratificentur.
1610 791 1666 815 Iam
1684 797 1746 817 vero
1767 788 1964 823 progredientis
1980 788 2069 823 operis
2087 787 2120 813 fi-

435 842 502 865 gura
523 838 563 860 est
583 842 643 868 pes,
664 834 737 860 iuxta
761 832 843 860 illud:
867 841 912 867 pes
933 840 1009 859 meus
1030 833 1105 859 stetit
1127 833 1152 858 in
1174 832 1278 859 directo
1297 834 1320 858 ’.
1341 834 1389 866 Et,
1410 840 1445 860 ne
1464 841 1510 868 pes
1534 838 1597 861 tuus
1615 833 1737 861 offendat
1756 835 1778 860 ”.
1800 834 1883 865 Item,
1902 833 2013 860 semitas
2034 834 2121 858 rectas

434 882 489 904 tere
512 877 626 912 pedibus
647 878 701 904 tuis
722 880 742 903 ’.
766 877 904 909 [amulam
920 882 1010 904 autem
1032 876 1152 903 dividere
1168 876 1305 911 siguificat
1320 877 1388 903 velle.
1407 885 1458 904 nos
1474 877 1614 905 ambulare
1634 882 1720 910 recte,
1740 882 1799 905 tum
1815 885 1878 912 erga
1896 884 1946 904 nos
1960 877 2034 912 ipsos
2053 882 2118 910 ope-

436 921 537 952 raudo,
559 926 616 948 tum
636 921 697 948 aliis
716 921 784 947 benc
804 920 939 947 faciendo.
960 921 1013 955 Qui
1035 928 1098 952 ergo
1119 924 1219 947 rectam
1239 920 1295 955 agit
1314 920 1412 953 vitam,
1427 929 1546 956 suosque
1566 930 1655 948 mores
1674 922 1743 949 bene
1762 922 1916 957 componit,
1936 922 2120 955 virtutemque

435 974 496 998 erga
517 965 584 992 alios
604 966 750 1000 expromit:
772 969 963 999 praetereaque
985 965 1012 991 in
1032 972 1082 992 suo
1103 965 1204 999 pariter
1224 964 1305 992 corde
1328 964 1418 991 divina
1440 964 1568 999 dogmata
1591 970 1692 999 versat,
1712 970 1739 993 et
1758 965 1877 993 divinam
1897 964 2051 992 doctrinam
2070 971 2118 991 ru—

436 1011 536 1038 minat.
557 1018 671 1044 eamque
692 1018 746 1035 non
765 1009 906 1038 cognoscit
924 1008 1014 1035 solum
1037 1017 1129 1036 verum
1144 1009 1227 1036 etiam
1247 1008 1417 1041 considerat,
1433 1017 1516 1044 seque
1537 1009 1632 1037 eadem
1651 1010 1699 1037 alit
1719 1015 1746 1037 et
1766 1014 1869 1037 ceteros
1889 1009 1995 1039 erudit;
2015 1008 2061 1035 hic
2073 1007 2119 1035 ni-

435 1055 535 1080 mirum
555 1059 581 1080 et
601 1053 732 1081 tinnulam
756 1053 867 1085 dividit,
888 1057 914 1080 et
935 1053 1070 1085 ruminat,
1092 1062 1232 1088 purusque
1252 1061 1378 1081 sermone
1399 1057 1453 1086 est,
1474 1058 1500 1080 et
1519 1062 1599 1089 opere
1621 1054 1771 1089 perfectus,
1791 1055 1941 1089 scripturas
1961 1052 2118 1080 minutatim

434 1098 642 1129 comminuens,
667 1097 818 1132 seduloque
839 1102 974 1125 scrutans.
1002 1097 1148 1124 Hominem
1171 1106 1233 1124 vero
1255 1097 1301 1132 qui
1323 1098 1437 1125 nonnisi
1459 1105 1547 1124 unum
1572 1106 1601 1124 ex
1626 1098 1667 1124 his
1693 1098 1807 1130 habeat,
1832 1102 1909 1124 vocat
1929 1096 2114 1124 immundum.

433 1143 501 1168 Nam
526 1142 572 1176 qui
595 1142 677 1167 vitam
701 1146 802 1168 rectam
827 1141 940 1174 habeat,
961 1140 1060 1175 dogma
1085 1146 1176 1168 autcm
1199 1149 1370 1177 perversum,
1391 1141 1554 1169 immundus
1575 1145 1627 1169 est.
1649 1143 1716 1168 Item
1738 1141 1784 1176 qui
1806 1141 1958 1168 doctrinam
1979 1141 2039 1167 sine
2058 1147 2117 1166 mo-

432 1185 506 1212 ribus
525 1189 623 1212 teneat.
647 1186 680 1211 111
699 1193 763 1219 ergo
784 1185 864 1212 unica
886 1193 913 1212 re
933 1185 1064 1220 praediti,
1086 1186 1163 1212 vitari
1180 1194 1195 1213 a
1213 1186 1293 1213 nobis
1309 1185 1418 1213 debent.
1441 1187 1555 1218 Carnes,
1577 1186 1667 1220 inquit
1682 1185 1817 1220 scriptura
1838 1186 1865 1216 ”,
1886 1183 1984 1211 horum
2001 1191 2057 1210 uon
2074 1190 2118 1210 co-

433 1229 545 1256 medetis
555 1250 561 1261 ,
576 1238 663 1264 neque
681 1237 741 1256 ossa
758 1230 880 1264 ipsorum
895 1229 1054 1264 adtingetis.
1075 1229 1209 1257 Videlicet
1228 1230 1427 1264 haereticorum
1446 1229 1585 1257 doctrinas
1600 1238 1633 1256 110
1649 1230 1691 1256 1115
1705 1229 1817 1264 quidem
1832 1228 1947 1255 mortuis
1961 1226 2116 1261 gustabitis.

432 1274 514 1299 Porro
536 1273 672 1299 camelum
698 1272 765 1299 dicit
788 1273 928 1300 hominem
952 1273 1075 1300 nobilem
1096 1278 1178 1309 atque
1201 1273 1330 1301 divitem:
1354 1274 1474 1309 leporem
1499 1273 1539 1301 vel
1562 1273 1742 1307 cuniculum,
1763 1272 1830 1299 dicit
1851 1280 1899 1307 pro
1922 1278 2047 1306 paupere.
2071 1269 2119 1296 Ait

431 1325 495 1351 ergo
515 1325 603 1351 neque
625 1325 770 1351 pauperem
794 1324 882 1352 neque
903 1316 1013 1344 divitem
1038 1317 1128 1344 salvos
1149 1317 1207 1345 fore
1230 1318 1283 1344 nisi
1306 1317 1373 1345 haec.
1393 1317 1447 1345 duo
1469 1317 1635 1353 possideant.
1659 1318 1853 1352 Quaecumque
1873 1319 1966 1343 autem
1987 1315 2017 1341 in
2038 1313 2118 1348 aquis

431 1361 488 1387 alas
510 1361 609 1388 habent
630 1361 670 1387 vel
690 1369 834 1396 squamas,
851 1362 916 1388 haec
932 1361 1146 1389 manducabitis.
1167 1363 1242 1389 Mare
1262 1362 1383 1389 mundus
1405 1366 1459 1394 est,
1475 1363 1564 1397 pisces
1581 1365 1672 1389 autem
1693 1361 1818 1388 homines
1836 1360 1883 1395 qui
1901 1360 1931 1386 in
1948 1359 2000 1386 hoc
2013 1356 2118 1385 mundo

432 1410 535 1432 terrena
560 1406 685 1439 sapiunt,
706 1410 731 1432 et
756 1405 805 1432 hac
829 1406 892 1432 illac
917 1406 996 1433 variis
1019 1407 1092 1433 curis
1114 1405 1324 1438 distrahuntur,
1345 1414 1432 1441 neque
1454 1407 1482 1433 in
1503 1406 1610 1434 caelum
1632 1406 1770 1441 suspicere
1790 1409 1904 1440 queunt.
1925 1403 1980 1438 Qui
2000 1409 2065 1438 ergo
2085 1409 2117 1428 ex

430 1449 550 1484 piscibus
570 1449 671 1476 habeut
691 1458 819 1485 squamas
839 1454 866 1477 et
885 1450 957 1482 alas,
978 1451 1004 1477 hi
1025 1450 1104 1477 facile
1123 1450 1298 1483 discurrunt,
1319 1459 1393 1478 mare
1413 1451 1500 1478 valide
1519 1451 1705 1483 verberantes,
1726 1454 1752 1477 et
1770 1452 1955 1484 emergentes,
1975 1447 2117 1481 solemque

428 1498 596 1528 spectantes3
617 1498 643 1521 et
657 1494 793 1528 profunda
813 1493 925 1529 quidem
939 1494 1104 1526 devitantes,
1118 1495 1188 1521 acin
1204 1495 1347 1530 superficie
1364 1495 1448 1522 veluti
1469 1495 1644 1529 navigantes,
1658 1501 1746 1529 neque
1765 1498 1797 1520 ut
1813 1492 1983 1520 testudinum
2001 1498 2115 1525 genera,

430 1543 515 1565 terrae
531 1538 651 1573 proxima
661 1559 667 1570 ,
683 1539 790 1565 marino
809 1538 876 1565 limo
889 1542 1036 1565 vescentes.
1058 1539 1221 1574 Squamatos
1236 1538 1303 1565 dicit
1319 1538 1445 1565 homines
1461 1538 1507 1573 qui
1527 1538 1612 1565 levius
1628 1541 1754 1572 peccant,
1769 1541 1910 1572 propterea
1927 1534 2002 1570 quod
2018 1533 2117 1561 mundi

429 1582 497 1608 mari
521 1586 587 1609 sunt
610 1581 747 1614 demersi,
769 1590 858 1617 neque
882 1590 943 1609 vero
967 1582 1094 1617 publice,
1117 1582 1164 1609 sed
1187 1583 1310 1609 restricte
1332 1586 1456 1617 tecteque
1480 1586 1608 1617 peccant;
1629 1586 1656 1608 et
1676 1585 1768 1608 tamen
1789 1584 1934 1614 emergunt
1954 1577 2115 1606 idemtidem

427 1626 567 1661 solemque
589 1626 734 1661 aspiciunt.
757 1627 810 1661 Qui
832 1634 893 1653 vero
915 1627 1039 1662 squamis
1060 1631 1153 1653 carent
1175 1626 1305 1661 nudoque
1328 1634 1441 1661 corpore
1465 1630 1544 1658 sunt,
1567 1627 1594 1652 hi
1616 1626 1687 1653 inter
1706 1627 1795 1652 Deum
1820 1623 2010 1658 mundumque
2031 1622 2114 1649 alter-

428 1674 508 1701 nant,
529 1674 575 1697 aut
597 1670 781 1705 virginitatem
802 1679 832 1697 ac
854 1671 1063 1705 temperantiam
1083 1678 1139 1698 non
1160 1675 1281 1704 servant,
1302 1670 1349 1698 sed
1370 1671 1437 1697 alias
1457 1671 1549 1697 nescio
1568 1679 1635 1705 quas
1652 1671 1780 1701 virtutes3
1801 1673 1827 1695 et
1846 1668 1895 1695 1105
1911 1675 2021 1702 quoque
2036 1669 2116 1693 vocat

426 1715 594 1742 immundos.
617 1716 654 1741 Ex
672 1715 767 1742 avibus
787 1716 850 1742 illas
868 1716 957 1742 reiicit
971 1723 1041 1751 quae
1059 1715 1215 1742 sublimiter
1232 1716 1339 1748 volant,
1355 1720 1382 1742 et
1398 1723 1460 1742 cum
1482 1715 1635 1742 humilibus
1652 1723 1708 1741 non
1727 1717 1943 1749 congregantur,
1963 1711 1993 1739 id
2009 1715 2051 1738 est
2067 1710 2115 1737 ho—

428 1759 515 1785 mines
535 1759 676 1793 superbos.
698 1761 813 1787 Cortum
836 1764 927 1787 autem
949 1764 974 1787 et
997 1760 1149 1792 vulturem,
1170 1764 1265 1795 utpote
1286 1767 1396 1795 rapaces
1414 1764 1441 1787 et
1459 1759 1492 1786 ad
1515 1760 1680 1786 maleficium
1701 1767 1809 1791 saevos,
1828 1757 2009 1785 struthionem
2026 1759 2053 1783 et
2072 1755 2113 1782 la-

427 1810 502 1831 rum,
524 1807 554 1829 ut
574 1811 682 1829 voraces
703 1804 749 1838 qui
772 1804 864 1831 omnia
887 1809 1071 1837 consumunt3
1092 1805 1266 1839 accipitrem,
1286 1809 1381 1839 utpote
1399 1805 1447 1839 qui
1466 1804 1627 1831 debiliorem
1648 1811 1785 1838 quamque
1804 1810 1880 1829 avem
1900 1799 2005 1828 invadit
2023 1803 2050 1827 et
2069 1800 2112 1826 in-

427 1847 537 1873 terimit.
560 1847 711 1882 porphyrio
731 1848 797 1874 item
819 1852 845 1875 et
864 1848 916 1875 ibis
935 1853 961 1875 et
984 1848 1082 1876 milvus
1103 1849 1250 1884 pisciculos
1269 1849 1297 1876 in
1319 1849 1398 1884 aquis
1414 1853 1524 1882 vorant,
1546 1848 1628 1883 hique
1645 1852 1708 1875 sunt
1729 1847 1868 1879 homines,
1888 1845 2048 1880 voluptarii,
2067 1843 2113 1871 de-

426 1891 549 1917 liciarum
571 1891 697 1918 studiosi.
719 1892 881 1926 Vespertilio
901 1892 1013 1920 demum
1032 1898 1058 1920 et
1076 1902 1168 1928 upupa
1186 1897 1213 1920 et
1232 1893 1328 1926 ardea,
1348 1898 1483 1920 nocturna
1504 1893 1649 1924 animalia,
1669 1897 1695 1919 et
1713 1891 1832 1919 tenebris
1851 1890 1980 1921 adsueta,
2000 1889 2029 1915 hi
2046 1892 2113 1916 sunt

425 1935 537 1968 ebriosi,
557 1940 583 1962 et
605 1936 695 1967 fures,
716 1940 742 1963 et
763 1936 879 1971 quilibet
900 1937 1075 1965 tenebrarum
1097 1946 1178 1973 opera
1197 1942 1342 1966 sectantes.
1363 1939 1435 1965 Sunt
1454 1939 1518 1965 item
1538 1937 1667 1964 animalia
1687 1935 1847 1967 immunda,
1867 1934 2003 1967 latrones,
2024 1933 2112 1960 homi-

425 1978 517 2006 cidae.
539 1979 681 2007 iracundi.
703 1980 892 2007 inclementes.
913 1981 1059 2008 Mustelam
1080 1990 1189 2017 quoque
1211 1986 1237 2009 et
1259 1990 1364 2009 murem
1385 1986 1411 2008 et
1431 1982 1586 2009 stellionem
1606 1985 1695 2013 vetat,
1716 1988 1765 2007 ceu
1785 1978 1996 2010 formidolosos,
2016 1978 2111 2004 cuius-

424 2023 497 2050 modi
521 2028 586 2050 sunt
606 2024 679 2051 sures
699 2029 725 2050 et
747 2025 917 2059 hypocritae:
938 2030 965 2052 et
983 2026 1030 2060 qui
1052 2027 1139 2061 tangit
1160 2026 1238 2059 illos,
1260 2026 1363 2062 inquit,
1385 2026 1546 2053 immundus
1565 2031 1619 2053 est:
1641 2034 1704 2052 nam
1725 2025 1772 2060 qui
1790 2024 1845 2051 furi
1864 2032 1896 2051 ac
1915 2022 2014 2050 latroni
2034 2029 2110 2049 com-

424 2068 560 2099 municat,
582 2076 667 2102 aeque
682 2069 804 2103 punitur.
826 2069 872 2095 Vel
895 2074 968 2096 certe
983 2071 1142 2097 vestimenta
1164 2070 1280 2104 lavabit,
1301 2075 1328 2098 et
1341 2078 1430 2106 usque
1451 2070 1484 2097 ad
1503 2078 1641 2105 vesperam
1661 2068 1823 2096 immundus
1842 2068 1908 2101 erit,
1926 2067 1954 2094 id
1968 2071 2110 2101 estusque

423 2111 457 2138 ad
477 2112 578 2139 Christi
597 2112 753 2139 adventum.
776 2114 892 2148 Vespere
913 2114 986 2141 enim
1009 2119 1148 2149 peractum
1168 2116 1227 2142 eius
1242 2115 1402 2150 mysterium
1422 2119 1535 2142 cunctos
1553 2116 1671 2150 peccatis
1685 2113 1817 2141 liberavit.
1838 2113 1913 2139 Haec
1932 2112 2025 2146 itaque
2043 2118 2118 2146 apo-

422 2156 510 2182 stolus
525 2156 658 2188 innuens,
675 2156 741 2183 dixit
756 2165 785 2183 ea
805 2165 874 2191 quae
891 2158 916 2183 in
932 2158 990 2187 leae
1005 2158 1122 2191 fiebant,
1138 2158 1172 2186 ad
1187 2158 1263 2186 cibos
1282 2163 1417 2193 potusque
1432 2159 1605 2194 pertinuisse.
1626 2158 1701 2184 Dixit
1715 2158 1788 2185 enim
1806 2157 1910 2184 Aaroni
1925 2155 2062 2183 Dominus
2080 2158 2106 2180 ’ς

425 2200 516 2226 vinum
537 2204 563 2225 et
583 2200 697 2227 siceram
719 2209 773 2227 non
795 2201 895 2228 bibetis
916 2206 945 2228 tu
966 2202 1071 2237 filiique
1092 2203 1147 2236 tui,
1168 2211 1222 2238 quo
1241 2207 1363 2238 tempore
1382 2203 1591 2230 tabernaculum
1612 2202 1732 2229 adibitis.
1752 2201 1858 2229 Deinde
1877 2200 1964 2228 addit.

720 2249 745 2269 Et
761 2249 830 2270 variis
844 2249 1024 2276 baptismatibus
1037 2252 1060 2271 et
1075 2250 1170 2272 iustitiis
1183 2251 1271 2275 carnis.
1288 2257 1361 2278 usque
1375 2251 1404 2272 ad
1419 2252 1511 2278 tempus
1524 2251 1676 2273 correctionis
1690 2250 1810 2277 impositis.

503 2288 647 2314 Neminem
666 2288 821 2322 perficiebat
840 2289 880 2316 lex
903 2290 1055 2316 secundum
1077 2291 1286 2323 conscientiam3
1307 2291 1452 2318 invehebat
1471 2292 1562 2326 potius
1580 2291 1776 2326 baptismatum
1798 2290 1951 2322 doctrinas,
1972 2289 2107 2324 aspersio-

423 2341 489 2359 num
511 2333 652 2359 suasiones
673 2332 706 2359 ad
731 2333 820 2360 carnis
842 2334 1070 2368 purificationem.
1096 2335 1126 2361 111
1150 2335 1192 2362 1115
1213 2344 1275 2363 vero
1297 2336 1381 2363 ferme
1404 2336 1617 2363 consumebatur
1638 2335 1782 2363 sacerdotii
1805 2335 1920 2363 functio.
1944 2335 1979 2361 Et
1999 2335 2022 2361 si
2043 2334 2106 2369 quis

422 2381 560 2403 mortuum
579 2377 712 2406 attigisset
732 2377 770 2403 vel
790 2378 944 2412 leprosum,
965 2379 987 2404 si
1005 2380 1067 2412 quis
1084 2379 1236 2414 gonorrhea
1254 2380 1403 2413 laboraret,
1424 2380 1628 2415 baptizabatur,
1649 2385 1731 2416 atque
1748 2381 1786 2407 ita
1805 2379 1934 2407 mundari
1952 2378 2103 2406 videbatur.

420 2422 478 2447 Hae
499 2422 589 2448 carrus
611 2422 729 2448 iustitiae
749 2427 839 2451 erant.
861 2422 889 2448 id
909 2427 949 2449 est
972 2423 1092 2450 carnalia
1115 2429 1271 2459 praecepta,
1292 2425 1438 2451 carnaliter
1459 2425 1636 2452 iustificantia
1658 2425 1719 2452 illos
1739 2426 1786 2460 qui
1807 2432 1888 2451 carne
1909 2424 2009 2460 impuri
2029 2423 2106 2450 vide-

421 2464 530 2491 bantur.
552 2481 586 2485 —
605 2465 684 2499 Quod
703 2471 794 2492 autem
814 2474 848 2493 ne
869 2466 1005 2501 legalibus
1021 2467 1132 2502 quidem
1153 2471 1182 2494 in
1202 2469 1308 2496 umbris
1326 2469 1488 2504 insipienter
1507 2469 1642 2497 demorari
1659 2470 1815 2497 israhelitas
1830 2472 1906 2497 Deus
1919 2469 2104 2504 permitteret,

420 2516 433 2534 e
451 2509 536 2535 sacris
556 2510 622 2544 ipsis
642 2518 839 2545 cognoscemus
860 2511 969 2538 litteris.
991 2511 1131 2538 Mandavit
1150 2513 1221 2539 0111111
1245 2513 1382 2540 immolari
1404 2522 1521 2549 agnum,
1542 2515 1643 2542 Christi
1665 2515 1797 2550 figuram,
1818 2521 1937 2549 eumque
1955 2521 2005 2541 ceu
2024 2520 2103 2548 para-

420 2557 460 2579 tos
483 2554 573 2580 itineri
595 2558 622 2581 et
641 2555 796 2581 succinctos
816 2554 971 2587 comedere,
991 2556 1151 2591 significans
1172 2556 1244 2583 haud
1268 2561 1411 2592 perpetuas
1433 2558 1489 2585 fore
1511 2558 1628 2593 figuras,
1649 2558 1696 2586 sed
1716 2558 1749 2586 ad
1771 2559 1911 2586 veritatem
1934 2557 2054 2585 tendere.

752 2604 831 2630 Nequu-
846 2609 888 2630 ροι-
901 2604 1037 2631 sanguinem
1053 2604 1171 2626 hircorum
1186 2606 1208 2625 ct
1224 2605 1364 2630 1110101010,
1380 2606 1419 2627 sed
1434 2612 1474 2634 per
1488 2607 1610 2634 proprium
1625 2607 1759 2633 sanguinem

498 2641 642 2675 Quomodo
662 2643 746 2677 igitur
764 2644 787 2669 is
808 2643 854 2678 qui
875 2643 910 2670 ad
930 2643 1067 2671 dexteram
1088 2644 1172 2678 patris
1192 2649 1232 2671 cst
1252 2649 1392 2680 tamquam
1411 2647 1501 2678 Deus,
1522 2647 1662 2682 proprium
1681 2647 1780 2674 habere
1797 2646 1904 2673 dicetur
1922 2645 2099 2679 sanguinem,

419 2683 470 2710 nisi
491 2684 701 2719 crediderimus,
719 2687 797 2714 illum
818 2687 864 2722 qui
883 2687 933 2715 Dei
953 2689 1039 2723 patris
1057 2688 1130 2715 filius
1146 2689 1281 2715 naturalis
1302 2694 1356 2722 est,
1373 2690 1492 2718 hominis
1511 2699 1620 2726 quoque
1638 2699 1695 2718 esse
1713 2691 1816 2723 filium,
1833 2690 2026 2725 propriumque
2039 2696 2100 2715 san-

420 2728 529 2760 guinem
550 2737 596 2762 pro
614 2732 754 2757 conununi
772 2731 860 2759 salute
879 2731 996 2767 pretium
1015 2731 1136 2765 dedisse,
1157 2737 1238 2767 atque
1257 2733 1291 2759 ita
1312 2733 1415 2761 nmndo
1432 2739 1570 2761 aeternam
1589 2734 1805 2770 redemptionem
1822 2733 1989 2761 contulisse?
2007 2732 2101 2767 Neque

419 2770 491 2796 cnim
512 2772 655 2806 quisquam
676 2773 761 2803 dicet,
782 2783 850 2809 opus
872 2784 944 2808 esse,
965 2781 995 2803 ut
1016 2776 1152 2811 quomodo
1174 2777 1200 2802 in
1224 2776 1311 2803 brutis
1330 2778 1496 2805 animalibus
1515 2779 1708 2811 usuveniebat,
1729 2785 1924 2813 saepenumero
1941 2776 2101 2803 immoletur

418 2814 609 2842 Emmanuhel.
631 2832 664 2836 —
684 2818 727 2844 Sic
747 2819 820 2845 enim
843 2820 871 2846 in
895 2820 1002 2847 levitico
1023 2821 1156 2855 scriptum
1175 2825 1215 2847 est
1235 2824 1262 2847 ':
1286 2833 1297 2843 a
1320 2821 1493 2856 Ingredietm·
1514 2826 1605 2850 Aaron
1625 2824 1654 2849 in
1672 2823 1874 2853 sanctuarium,
1895 2820 2041 2856 adsumpto
2059 2821 2098 2848 vi-
