2205 3177
807 196 840 219 m
866 195 1019 218 PSALMUM
1045 195 1181 218 xxxvn.
1779 181 1843 214 173

150 269 291 311 oportet
310 267 532 296 mansuetum
552 262 587 295 in
606 261 730 294 sanctis
747 261 831 293 viris
849 259 952 292 animi
972 270 1119 293 morem.
1149 260 1191 293 Hi
1212 260 1302 292 enim
1324 260 1358 291 in
1379 257 1550 303 lapsibus,
1571 266 1660 301 quos
1681 255 1770 289 forte
1790 267 1850 302 pa⁴

151 324 310 360 tiuntur,
334 320 501 365 quoniam
528 318 669 354 omnem
696 319 881 352 humanam
908 328 978 350 non
1005 324 1173 351 exuerunt
1199 316 1456 351 infirmitatem.
1482 326 1551 348 non
1577 314 1766 348 admodum
1786 316 1852 347 im-

158 382 327 428 patientes
353 384 538 424 apparent,
560 389 672 423 neque
698 375 903 410 omnimodo
929 386 965 409 se
990 376 1160 420 iniquitati
1180 375 1341 413 tradunt,
1363 381 1420 408 aut
1439 375 1499 408 Dei
1520 374 1771 408 correctionem
1798 374 1852 408 fu-

157 440 289 484 gientes
314 443 490 474 recusant,
514 435 574 469 sed
594 440 713 481 petunt
741 433 854 479 potius
880 439 915 466 ut
943 444 1021 466 cum
1041 433 1089 465 ira
1118 432 1152 465 id
1179 434 1228 465 eis
1247 444 1317 466 non
1337 432 1490 470 eveniat,
1514 442 1627 476 neque
1653 429 1776 465 acerbe
1795 443 1851 465 ar-

156 502 323 542 guantur,
349 494 385 528 id
412 500 461 528 est
488 493 689 540 puniantur.
720 491 856 525 Cunctis
880 501 960 524 sanc
987 489 1189 524 hominibus
1213 491 1344 527 evenit,
1373 496 1410 522 ut
1436 489 1490 522 x'cl
1518 490 1614 522 inviti
1643 489 1689 534 (1)
1716 488 1850 522 divinas

157 552 345 598 aliquando
371 552 463 597 leges
488 550 630 584 violent.
660 548 725 582 Sed
751 548 842 581 enim
869 559 948 581 eum
975 559 1090 581 casum
1118 553 1255 591 reparat
1286 548 1477 580 animarum
1507 547 1661 580 medicus
1687 548 1849 592 congruis

156 609 333 643 interdum
360 605 665 643 commotionibus.
695 604 816 639 Scribit
844 606 936 639 enim
962 604 1086 638 alicubi
1114 604 1277 637 Salomon
1302 604 1337 636 ⁶:
1367 605 1491 649 castiga
1518 603 1629 637 filium
1657 610 1774 643 tuum,
1803 607 1850 640 sic

157 668 249 700 enim
276 666 404 700 bonam
431 663 611 711 praebebit
636 675 751 709 spem:
774 670 811 697 tu
836 663 979 708 quidem
997 663 1093 708 virga
1113 673 1193 696 eum
1221 662 1412 707 percuties,
1434 673 1546 706 neque
1572 662 1701 697 idcirco
1720 666 1846 699 mo1ie-

159 730 232 762 tur,
254 725 362 758 immo
389 724 535 757 animam
564 722 671 767 ipsius
696 727 809 755 morte
835 721 972 767 eripies.
1690 707 1695 713 ’

320 788 478 815 Quoniam
494 787 631 816 saginae
648 788 722 809 tuae
738 786 854 809 infixae
870 788 945 815 sunt
961 786 1056 813 mihi,
1072 787 1101 808 el
1121 785 1254 808 firmasti
1272 791 1365 811 super
1382 790 1429 806 me
1446 790 1573 806 manum
1592 787 1688 808 tuam.

254 838 378 873 Infixas
397 839 512 882 itaque
531 836 595 870 sibi
616 837 700 871 dicit
719 838 778 871 Dei
798 837 954 883 sagittas,
975 847 1185 881 manumque
1207 836 1297 874 eius,
1319 834 1499 868 ferientem
1520 833 1665 871 scilicet,
1689 834 1750 868 sibi
1773 849 1850 882 gra-

158 898 246 931 viter
272 896 486 941 impositam,
508 894 613 940 idque
632 894 775 928 adsidue
794 900 826 928 et
846 895 1073 928 incessanter:
1098 894 1163 927 alia
1182 894 1274 927 enim
1293 904 1334 926 ex
1354 892 1419 925 alia
1440 903 1541 936 saepe
1568 891 1689 925 accidit
1709 893 1849 927 afflictio

157 956 198 988 iis
215 965 302 999 quos
320 954 411 986 Deus
437 953 575 998 castigat
604 959 660 986 aut
681 959 808 991 tentat;
830 953 928 986 sicuti
948 951 1032 986 lobo
1057 952 1216 997 contigit,
1240 951 1292 984 cui
1320 950 1400 983 novi
1427 960 1565 994 semper
1591 960 1687 982 casus
1715 951 1849 984 nuntia—

157 1011 302 1049 bantur,
324 1011 385 1044 etsi
413 1011 440 1043 is
466 1009 641 1056 perstabat
669 1011 827 1043 invictus.
857 1009 958 1050 Quod
978 1010 1004 1042 si
1032 1010 1085 1043 cui
1112 1009 1298 1042 dictionem
1328 1006 1470 1040 firmasti
1498 1018 1602 1052 super
1628 1017 1683 1040 me
1709 1018 1848 1040 manum

157 1069 378 1113 castigantem
404 1074 516 1106 tuam,
540 1068 732 1114 intelligere
758 1067 841 1101 velit
869 1079 932 1114 pro
958 1073 1119 1112 gravatus
1145 1077 1220 1100 sum
1248 1065 1367 1103 valde,
1393 1071 1426 1098 et
1453 1063 1709 1098 intolerabilem
1737 1066 1847 1110 patior

155 1125 311 1170 plagam,
334 1125 426 1158 haud
446 1125 548 1170 longe
568 1137 584 1158 a
605 1124 779 1171 probabili
800 1125 966 1158 sententia
987 1123 1174 1158 aberrabit.
1201 1125 1287 1156 Nam
1307 1123 1364 1168 qui
1384 1133 1526 1156 manum
1545 1133 1642 1154 suam
1662 1133 1766 1167 super
1786 1122 1848 1155 ali-

155 1194 259 1228 quem
286 1182 421 1223 firmat,
444 1183 580 1229 pondus
606 1184 636 1217 ei
664 1195 763 1228 aegre
790 1183 971 1217 ferendum
999 1183 1158 1228 imponit.
1188 1183 1237 1215 Ne
1257 1182 1372 1226 itaque
1398 1181 1481 1213 dum
1510 1180 1614 1217 furis,
1636 1180 1766 1224 inquit,
1791 1187 1848 1213 aut

156 1241 328 1279 irasceris,
351 1253 405 1275 me
432 1242 584 1286 castiges.
614 1241 706 1274 Cur?
727 1241 806 1286 quia
826 1241 966 1285 sagittae
986 1246 1063 1273 tuae
1083 1238 1208 1273 infixae
1235 1245 1313 1272 sunt
1332 1238 1436 1271 milii:
1460 1238 1586 1272 etenim
1607 1243 1776 1282 concepto
1795 1237 1847 1270 fu-

156 1310 236 1332 rore
255 1299 374 1344 iraque
401 1305 457 1332 tua
483 1300 622 1344 sagittae
643 1310 660 1332 a
682 1304 713 1332 te
739 1299 927 1335 immissae.
948 1298 983 1331 id
1003 1304 1054 1331 est
1072 1297 1224 1331 vindices
1244 1302 1447 1342 potestates,
1469 1295 1571 1329 valde
1597 1306 1651 1328 me
1677 1296 1843 1340 puniunt;

156 1355 304 1401 ideoque
331 1362 429 1401 peto,
452 1368 494 1389 ne
519 1368 645 1390 novam
672 1357 823 1402 aliquam
850 1357 936 1390 iram
962 1357 1132 1401 experiar.

355 1421 422 1444 Non
439 1423 485 1444 est
502 1422 621 1444 sanitas
638 1422 672 1444 in
690 1429 785 1445 carne
800 1428 869 1445 mea
886 1429 905 1444 a
922 1422 1003 1444 facie
1020 1422 1088 1444 irae
1106 1422 1193 1448 tuae,
1211 1427 1273 1442 non
1291 1421 1335 1442 est
1354 1425 1413 1447 pax
1430 1420 1550 1442 ossibus
1566 1419 1652 1442 meis.

252 1472 356 1516 Magis
382 1471 598 1516 perspicuam
617 1470 697 1504 facit
716 1471 949 1504 narrationem
974 1471 1113 1516 impacti
1141 1469 1204 1503 sibi
1232 1481 1250 1503 a
1276 1469 1402 1502 divinis
1426 1470 1555 1514 sagittis
1573 1469 1747 1503 vulneris.
1768 1479 1846 1513 gra—

155 1536 321 1574 vataeque
348 1540 468 1562 manus
495 1540 599 1574 super
624 1539 682 1562 se:
712 1529 826 1574 aitque
852 1528 989 1562 nullum
1017 1529 1161 1562 omnino
1187 1528 1373 1573 excogitari
1404 1538 1503 1573 posse
1530 1527 1686 1560 medelae
1713 1538 1842 1572 genus,

155 1586 251 1631 quod
278 1586 483 1632 aegritudini
502 1587 613 1620 carnis
632 1598 712 1620 suae
731 1586 887 1620 sufficere
906 1592 1027 1632 queat,
1051 1597 1110 1619 seu
1130 1584 1370 1619 laborantibus
1389 1596 1427 1618 ac
1446 1584 1703 1630 propemodum
1723 1584 1846 1617 luxatis

155 1644 302 1678 ossibus.
332 1646 419 1678 Nam
444 1644 540 1689 quod
565 1655 604 1678 ea
630 1655 751 1690 pacem
768 1645 859 1678 inter
877 1655 913 1678 se
932 1643 1061 1678 habere
1079 1650 1243 1690 negatur,
1268 1643 1483 1677 demonstrat
1506 1643 1619 1676 luxata
1639 1653 1710 1676 esse
1730 1653 1767 1675 ac
1785 1652 1845 1674 ve-

155 1702 219 1736 luti
245 1714 263 1736 a
290 1702 437 1736 naturali
463 1702 649 1736 concordia
668 1702 856 1736 recessisse.
885 1702 984 1736 Certe
1003 1703 1038 1735 in
1057 1701 1274 1747 gravioribus
1297 1701 1396 1735 malis
1416 1712 1479 1734 nos
1498 1711 1638 1746 quoque
1658 1699 1771 1732 dicere
1791 1709 1846 1732 so-

155 1760 282 1794 lemus:
306 1761 420 1794 luxata
446 1766 525 1794 sunt
550 1771 625 1793 ossa
651 1771 740 1793 mea.
767 1760 860 1805 Ergo
885 1771 994 1806 prope
1014 1759 1240 1794 insanabilem
1266 1760 1312 1793 ait
1338 1760 1491 1793 evenisse
1517 1759 1610 1792 carni
1637 1768 1716 1790 suae
1737 1757 1845 1801 aegri-

156 1817 331 1855 tudinem,
353 1818 443 1851 curis
469 1817 664 1856 confectae,
693 1816 894 1862 acerbisque
920 1817 1147 1851 anxietatibus
1173 1817 1383 1855 tabescenti;
1411 1817 1466 1850 vel
1494 1816 1562 1850 alio
1587 1816 1689 1849 etiam
1714 1814 1841 1851 modo,

157 1875 285 1908 ieiunio
311 1875 486 1914 videlieet,
509 1875 743 1921 diuturnaque
761 1874 827 1908 cibi
848 1874 1051 1909 abstinentia
1071 1882 1103 1910 et
1122 1876 1247 1921 vigiliis
1266 1881 1481 1909 extenuatae.
1512 1874 1665 1918 Denique
1684 1872 1845 1918 proprios

156 1944 296 1978 quoque
315 1933 546 1972 necessarios,
567 1944 642 1966 ossa
661 1943 878 1978 nuncupare,
902 1934 1045 1967 minime
1063 1933 1254 1967 absurdum
1274 1939 1336 1967 est.
1366 1934 1452 1966 Nam
1476 1933 1501 1965 si
1521 1932 1668 1965 invicem
1688 1929 1843 1963 membra

156 1984 294 2028 sumus,
317 2002 354 2024 ac
381 2002 488 2024 unum
506 1991 614 2024 veluti
640 2002 767 2037 corpus
786 1998 1005 2037 reputamur,
1028 1992 1111 2037 quid
1138 1991 1299 2037 prohibet
1313 2018 1321 2031 ,
1343 1992 1530 2037 quominus
1557 1991 1685 2024 ossium
1704 1990 1844 2022 nomine

155 2048 370 2094 appellemus
396 2060 454 2081 eos
480 2049 538 2093 qui
557 2049 717 2094 privatim
743 2048 844 2083 nobis
869 2049 1124 2084 familiarissimi
1146 2056 1202 2083 aut
1226 2049 1512 2095 opportunissimi
1538 2048 1642 2082 suut?
1663 2048 1708 2080 ita
1735 2054 1771 2079 ut
1793 2047 1844 2079 iu-

154 2106 426 2144 tolerabiliores,
442 2117 546 2151 quarn
568 2106 691 2141 hostile
711 2106 843 2141 bellum
861 2108 926 2141 sint
947 2108 1216 2142 necessariorum
1236 2106 1462 2145 rebelliones,
1483 2118 1571 2152 quos
1590 2106 1693 2140 etiam
1714 2106 1843 2150 tropice

155 2175 229 2198 ossa
258 2165 429 2198 nominari
456 2165 523 2198 iam
549 2164 710 2198 diximus.

488 2231 645 2257 Quoniam
660 2232 849 2258 iniquitates
865 2237 950 2254 meae
966 2237 1185 2260 supergressae
1203 2234 1277 2254 sunt
1294 2234 1388 2259 eaput
1405 2237 1516 2255 meum.

251 2283 383 2316 Docent
409 2293 472 2315 nos
497 2280 580 2315 haec
606 2281 730 2320 verba,
755 2294 797 2315 ne
823 2281 912 2316 mala
939 2288 1054 2328 nostra
1082 2282 1192 2316 celare
1218 2283 1384 2321 velimus,
1407 2294 1518 2328 neque
1545 2288 1719 2326 tamquam
1746 2281 1844 2313 ulcus

154 2339 331 2385 quoddam
355 2346 388 2374 et
415 2340 544 2373 saniem
564 2340 599 2373 in
620 2341 752 2374 animae
778 2341 968 2374 recessibus
987 2341 1137 2382 retinere
1161 2347 1298 2387 peccata
1311 2368 1318 2379 ,
1339 2342 1559 2375 cauteriatam
1580 2339 1745 2373 habentes
1764 2350 1843 2372 con-

153 2399 341 2432 scientiam.
364 2399 449 2432 Nam
470 2398 566 2432 sicuti
586 2399 621 2431 in
641 2397 886 2437 febrientibus,
907 2399 992 2433 dum
1012 2399 1153 2432 interius
1171 2399 1283 2445 gliscit
1303 2399 1425 2437 febris,
1449 2399 1616 2432 maiorem
1636 2398 1738 2430 efficit
1758 2408 1845 2430 mor—

153 2455 256 2493 bum:
277 2467 398 2490 verum
424 2455 482 2489 ubi
508 2457 656 2490 exterius
682 2457 868 2503 prodierit,
891 2457 1130 2491 declinationis
1157 2469 1255 2503 spem
1282 2457 1448 2494 ostendit,
1474 2457 1518 2489 ita
1545 2462 1577 2489 et
1604 2456 1736 2488 animae
1756 2444 1841 2487 'usu-

152 2513 259 2547 venit.
289 2513 402 2558 Atque
421 2513 488 2546 huc
507 2512 627 2546 referri
655 2514 815 2560 sapientis
836 2514 881 2560 (2)
902 2513 1042 2548 effatum
1063 2514 1179 2548 iudico
1199 2515 1230 2547 ':
1253 2526 1295 2548 nc
1315 2513 1497 2547 erubescas
1520 2512 1676 2546 confiteri
1704 2518 1840 2557 peccata

154 2576 224 2603 tua.
254 2571 408 2615 Itemque
428 2570 456 2603 ἐ
485 2571 680 2616 iniquitates
706 2578 781 2605 tuas
807 2573 905 2617 prior
930 2573 1003 2618 ipse
1029 2572 1142 2610 dicas,
1164 2578 1198 2605 ut
1228 2571 1433 2606 iustificeris.
1463 2572 1618 2615 Namque
1644 2577 1692 2603 est
1722 2569 1842 2603 absur-

154 2626 352 2665 dissimum,
375 2638 492 2661 coram
518 2627 734 2661 medicorum
753 2629 897 2673 quidem
922 2629 1032 2663 oculis
1052 2641 1121 2662 non
1141 2628 1360 2665 erubescere.
1385 2628 1444 2662 sed
1463 2628 1503 2661 iis
1530 2634 1678 2661 secretos
1698 2627 1841 2661 morbos

154 2683 328 2722 revelare,
348 2687 418 2730 quo
443 2686 580 2730 gravius
605 2686 709 2720 etiarn
734 2685 933 2725 doleamus,
955 2687 1015 2720 sed
1042 2693 1074 2719 et
1100 2687 1303 2719 incisionem
1323 2685 1472 2730 aliquam
1494 2685 1561 2730 pati
1582 2696 1624 2718 ne
1648 2686 1760 2730 passio
1786 2685 1840 2717 ul—

154 2743 258 2776 terius
284 2741 547 2788 progrediatur;
569 2743 663 2777 nolle
689 2749 804 2777 autem
829 2745 1012 2790 spirituum
1038 2744 1173 2778 medico
1200 2744 1378 2777 haerentes
1404 2744 1536 2777 animae
1562 2741 1705 2777 morbos
1725 2749 1840 2777 osten—

251 2828 287 2857 (1)
304 2826 464 2857 '.x;3w>.10'w,·
484 2827 572 2852 invite
590 2826 631 2853 vel
650 2826 815 2853 inconsulto.
836 2827 935 2855 Recole
955 2827 1028 2854 dicta
1048 2835 1074 2862 p.
1096 2827 1143 2853 lat.
1166 2830 1205 2853 16.
1228 2826 1291 2853 adn.
1316 2829 1344 2859 1,
1366 2830 1392 2853 et
1411 2826 1486 2853 alibi.

251 2873 287 2902 (2)
306 2870 443 2905 Sapientis
458 2871 569 2898 nomine
583 2875 659 2898 vocat
674 2871 734 2898 heic
748 2870 867 2907 cyrillus
886 2872 992 2899 Siraclii
1012 2871 1099 2898 filium
1115 2878 1163 2898 seu
1179 2871 1413 2898 Ecclesiasticuin.
1430 2870 1531 2899 Confer
1544 2878 1570 2906 p.
1587 2871 1634 2898 lat.
1654 2875 1712 2898 147.
1730 2871 1792 2898 adn.
1812 2874 1833 2897 1.

1893 610 2075 631 ·Prov.xtx.1=·

1888 1426 1907 1439 V.
1921 1428 1940 1439 ⁴4.

1886 1446 1923 1467 Gr.
1937 1452 1960 1472 p.
1978 1449 2021 1467 ¹:7⁴1..

1884 2527 1888 2532 '
1908 2524 1966 2544 Eccli
1989 2523 2025 2544 IV.
2042 2527 2072 2543 zu.

1881 2584 1889 2590 ·
1906 2583 1925 2603 ls
1948 2582 2025 2604 XLlll.
2040 2588 2070 2602 :a
