2205 3177
159 508 166 514 ·
180 505 206 526 ll.
219 504 263 526 eor
283 504 319 524 ΙΝΔ

172 623 178 628 ”
196 619 211 639 1,
226 618 276 641 cor⁴
292 618 310 639 ΙΙ
331 622 349 638 ’.“.

185 1944 188 1948 ’
206 1941 270 1960 (lant.
288 1940 305 1960 1,
321 1944 339 1960 2.

191 2056 246 2075 (Lux
264 2055 290 2075 ΙΙ.
309 2058 337 2074 ts»,

216 2631 254 2649 nr,
269 2635 291 2655 [¹-
307 2634 339 2649 5¹0.

394 191 438 224 58
901 200 929 223 s.
959 201 1087 224 emitti
1114 201 1335 225 Ati-:xaxmust
1362 203 1567 226 nxPLANATm

393 272 568 310 posterum
587 263 717 307 gloriae
737 264 832 297 socii.
864 265 890 297 A
912 265 981 298 Deo
1000 271 1113 299 autem
1133 277 1168 300 se
1190 266 1394 312 triumphari
1414 267 1506 300 aiunt
1520 293 1528 305 ,
1550 277 1619 300 non
1637 267 1731 312 quod
1756 268 1848 313 ipsos
1866 267 2072 302 eruciatibus

391 321 548 356 obiiciat.
576 327 630 353 aut
659 320 911 355 calamitatibus
937 321 1082 361 obruat,
1108 323 1167 357 sed
1193 326 1272 369 quia
1298 325 1361 369 ipsi
1388 324 1577 357 seeundum
1602 324 1692 357 illius
1719 325 1882 370 placitum
1912 337 1972 371 per
1996 327 2071 359 uni-

392 388 527 411 versum
553 376 674 410 orbem
702 378 810 411 lesum
837 379 1092 424 praedicantes,
1115 381 1216 415 huius
1237 392 1335 415 eausa
1359 382 1393 414 in
1413 382 1615 414 tentationes
1635 381 1800 416 incidunt.
1822 382 1968 422 Quinam
1987 395 2071 417 vero

389 435 429 467 sit
451 434 539 467 odor
560 435 700 467 notitiae
719 435 778 468 Dei
798 441 829 468 et
850 437 973 481 patris.
995 438 1054 481 qui
1074 449 1134 483 per
1153 445 1285 472 sanctos
1309 438 1483 483 apostolos
1502 438 1633 472 mundo
1652 438 1886 472 manifestatur
1905 441 2070 485 omnique

391 497 424 524 ut
448 491 509 536 ipsi
533 492 624 524 aiunt
653 491 751 526 loeo.
773 492 872 526 docet
893 493 973 527 alibi
994 494 1085 528 idem
1111 495 1248 529 divinus
1269 496 1393 529 Paulus
1417 495 1533 529 dicens
1553 495 1583 527 ἐ
1607 507 1676 528 non
1701 496 1793 529 enim
1818 503 1951 530 nosmet
1979 497 2070 541 ipsos

390 547 645 593 praedicamus.
666 549 725 582 sed
751 549 925 584 Christum
952 552 1061 585 lesum
1088 552 1286 591 dominum,
1311 559 1442 586 nosmet
1470 564 1553 585 xero
1577 564 1694 585 servos
1718 559 1850 586 vestros
1875 565 1937 599 per
1959 555 2070 587 lesum

389 605 574 639 Christum.
605 607 644 640 Et
664 618 783 640 rursus
804 609 834 641 ¹:
860 620 929 642 non
949 611 1040 642 enim
1066 610 1210 644 iudicat-i
1231 622 1286 643 me
1311 612 1395 644 seire
1414 611 1596 656 quiequam
1622 611 1655 643 in
1674 609 1792 649 vobis,
1815 611 1879 644 nisi
1897 611 2069 645 Christum

388 663 499 696 lesum
512 689 519 701 ,
541 670 572 696 et
593 663 684 697 hune
702 664 916 699 crucifixum.
945 667 1074 700 Deinde
1093 668 1272 712 quomodo
1292 675 1390 701 natus
1409 668 1451 701 de
1470 668 1631 706 muliere,
1652 679 1788 701 crucem
1809 679 1943 713 passm,
1967 669 2069 702 morti

388 720 550 756 traditus,
571 723 633 755 etsi
660 728 776 768 postea
798 724 918 757 rexixit
932 750 940 760 ,
963 724 1052 757 odor
1073 726 1213 759 notitiae
1235 726 1297 758 erit
1325 727 1384 759 Dei
1409 727 1531 771 patris,
1553 726 1579 758 si
1604 726 1712 763 forte,
1734 736 1794 759 ceu
1818 725 1976 759 nonnulli
1997 727 2068 760 exi-

387 779 542 814 stimant,
568 780 713 825 simplex
740 781 787 813 uti
817 792 894 817 uos,
923 787 953 814 et
983 794 999 815 a
1029 783 1099 814 Deo
1126 781 1272 815 adflatus
1299 783 1405 815 homo
1432 783 1635 828 intelligitur
1661 782 1833 821 Christus,
1860 794 1930 816 non
1955 789 2069 817 autem

387 847 505 869 revera
531 837 732 870 naturaliter
759 839 867 873 Deus,
889 839 1047 882 quamxis
1072 839 1320 873 humanitatem
1346 840 1506 874 credatur
1532 851 1591 886 per
1617 840 1906 885 dispensationem
1931 840 2069 874 adsum-

387 894 492 938 psisse
518 894 576 927 Dei
605 893 782 927 Verbum?
803 896 922 940 Neque
948 896 1060 933 enim,
1083 897 1109 929 si
1134 896 1340 930 conditionis
1368 903 1505 931 nostrae
1530 897 1614 931 fines
1642 897 1733 931 haud
1760 897 1910 934 excedit.
1937 896 2070 930 bonum

385 950 444 983 Dei
473 952 577 995 patris
601 958 741 985 naturae
763 951 867 985 addet
893 951 1062 987 odorem:
1085 964 1196 998 neque
1218 953 1308 987 odor
1327 953 1384 987 fiet
1405 955 1583 988 nescientis
1605 961 1771 993 mortem,
1792 955 1820 987 is
1841 955 1900 999 qui
1922 960 2069 988 mortem

387 1008 578 1053 pertulerit.
608 1010 765 1049 Quonam
794 1010 895 1054 igitur
922 1015 1021 1055 paeto
1041 1010 1130 1044 odor
1155 1011 1219 1044 erit
1239 1012 1380 1045 notitiae
1404 1012 1509 1057 patris
1529 1011 1699 1049 Christus,
1719 1012 1783 1045 nisi
1806 1018 1974 1057 quatenus
1992 1023 2069 1046 om-

314 1082 345 1097 s.
385 1065 468 1097 nino
491 1065 691 1110 intelligitur
711 1073 739 1099 et
763 1072 811 1098 est
832 1067 942 1105 Deus,
965 1068 1094 1101 etiamsi
1116 1069 1149 1100 in
1170 1079 1270 1101 carne
1290 1074 1434 1114 propter
1453 1080 1516 1102 nos
1542 1070 1725 1114 apparuit?
1750 1070 1852 1103 Serus
1869 1070 1960 1102 enim
1980 1080 2069 1114 quo-

382 1121 488 1155 modo
509 1122 761 1168 praedicatores
781 1125 1077 1158 annunciavissent
1096 1136 1176 1158 eum
1195 1125 1328 1159 mundo
1350 1131 1523 1170 tamquam
1545 1126 1747 1160 naturaliter
1769 1138 1916 1171 vereque
1935 1126 2068 1160 Deum?

383 1179 448 1211 Aut
481 1180 659 1224 quomodo
688 1181 797 1213 lesum
824 1182 1091 1225 cognoxissent?
1121 1182 1306 1222 Quomodo
1341 1182 1481 1216 demum
1510 1184 1599 1216 Deus
1625 1189 1721 1228 pater
1747 1183 1916 1217 mundum
1941 1182 2005 1216 sibi
2032 1183 2067 1216 in

383 1235 519 1270 Christo
540 1238 762 1271 reconciliare
782 1238 955 1272 diceretur
975 1251 992 1272 a
1012 1240 1136 1273 sanetis
1155 1239 1375 1277 doctoribus,
1397 1240 1460 1273 nisi
1489 1240 1736 1274 humanitatem
1762 1240 1805 1273 ad
1824 1239 2068 1273 adunationem

383 1305 461 1327 cum
487 1294 602 1329 Verbo
628 1308 667 1328 ex
695 1296 767 1329 Deo
795 1302 874 1329 nato
901 1296 1163 1342 adsumpsisset,
1193 1299 1345 1343 sapiente.
1374 1298 1615 1331 incarnationis
1642 1308 1747 1343 opera
1775 1297 1809 1330 id
1835 1297 2068 1342 deposcente?

382 1351 578 1386 Praedicant
601 1353 694 1386 enim
713 1353 820 1386 dix-ini
839 1353 1018 1399 discipuli,
1040 1353 1145 1387 verba
1165 1354 1406 1400 suppeditante
1426 1355 1571 1400 Spiritu,
1593 1366 1664 1388 non
1682 1360 1857 1399 tamquam
1874 1354 1910 1387 in
1928 1353 2068 1387 homine

382 1407 538 1443 habitans
564 1411 622 1443 Dei
650 1409 822 1444 Verbum.
850 1411 910 1444 sed
937 1412 986 1444 uti
1015 1422 1154 1444 earnem
1179 1410 1326 1447 factum,
1356 1412 1390 1445 id
1418 1418 1468 1445 est
1493 1412 1628 1445 unitum
1654 1412 1747 1445 carni
1774 1411 1886 1445 anima
1908 1410 2066 1444 rationali

381 1466 567 1511 praeditae.
597 1469 649 1501 Sic
668 1470 739 1501 nim
764 1469 791 1501 is
811 1469 875 1502 erit
902 1468 1031 1513 gloriae
1049 1469 1211 1502 dominus
1224 1495 1231 1508 ,
1253 1470 1312 1514 qui
1338 1468 1400 1502 fuit
1419 1468 1614 1502 crucifixus.
1643 1469 1761 1514 Itaque
1778 1469 1848 1502 sive
1867 1479 1945 1502 cum
1965 1479 2067 1502 carne

381 1523 634 1563 consideretur,
656 1525 727 1558 sive
745 1526 846 1558 etiam
866 1536 981 1564 secus,
1003 1537 1159 1559 seorsum
1178 1531 1291 1559 autem
1317 1536 1377 1559 ceu
1397 1531 1428 1558 et
1448 1526 1496 1559 sic
1520 1526 1609 1559 inter
1627 1536 1691 1559 nos
1710 1531 1883 1559 versatum
1904 1525 1964 1558 Dei
1982 1525 2067 1559 Ver-

380 1578 482 1619 bum,
508 1582 597 1615 odor
624 1588 671 1615 est
699 1582 841 1615 notitiae
865 1582 924 1615 Dei
954 1589 987 1615 et
1015 1583 1137 1627 patris,
1160 1588 1281 1627 utpote
1300 1581 1394 1626 quod
1416 1583 1555 1627 propria
1582 1582 1618 1615 in
1644 1587 1764 1615 natura
1783 1580 1915 1615 bonum
1934 1582 2025 1620 eius,
2047 1592 2065 1614 a

379 1650 450 1683 quo
476 1640 624 1685 prodiit,
651 1640 797 1673 odorem
823 1639 925 1673 nobis
950 1640 1109 1673 affundit.
1139 1639 1240 1680 Quod
1267 1640 1293 1673 si
1320 1639 1403 1673 haec
1428 1640 1473 1673 ita
1500 1651 1535 1673 se
1560 1639 1706 1677 habent,
1734 1639 1913 1685 quomodo
1938 1639 2065 1673 factum

380 1707 452 1729 esse
479 1695 627 1732 dicetur.
651 1703 683 1730 et
703 1708 782 1730 eum
809 1698 849 1731 iis
867 1709 954 1742 quae
980 1703 1078 1731 antea
1099 1708 1168 1730 non
1195 1697 1393 1733 existentia.
1415 1697 1534 1730 sortita
1561 1702 1640 1730 sunt
1666 1697 1855 1741 originem,
1876 1707 2065 1730 connume-

382 1752 535 1787 rabitur?
554 1755 653 1788 Haud
676 1761 761 1788 esset
781 1761 871 1788 certe
892 1754 981 1788 odor
1001 1766 1070 1788 non
1090 1755 1192 1788 creati
1213 1760 1247 1787 et
1266 1755 1440 1788 existentis
1463 1765 1532 1787 non
1553 1765 1615 1799 per
1635 1753 1814 1788 facturam.
1836 1755 1953 1799 Neque
1972 1754 2063 1788 enim

380 1810 414 1842 in
435 1810 560 1844 infecto
580 1812 724 1849 fat-tum,
748 1823 858 1856 neque
886 1813 919 1845 in
946 1812 1035 1845 sacto
1055 1811 1221 1845 infectum
1241 1810 1447 1844 videbimus.
1477 1811 1581 1857 Atqui
1603 1810 1694 1844 filius
1720 1812 1753 1844 in
1773 1822 1808 1844 se
1832 1811 1908 1856 ipso
1932 1817 2063 1856 patrem

379 1868 525 1901 ostendit
541 1881 547 1906 ;
570 1880 652 1913 ergo
671 1870 760 1902 Deus
785 1869 987 1903 naturaliter
1006 1875 1075 1908 est,
1099 1875 1241 1914 propter
1265 1868 1474 1902 substantiae
1494 1869 1672 1902 unitatem.
1695 1868 1821 1902 Audiat
1840 1868 1944 1913 igitur
1963 1879 1981 1901 a
1999 1878 2064 1901 no-

379 1924 431 1958 bis
460 1924 568 1958 filius:
594 1932 807 1971 unguentum
835 1925 982 1959 effusum
1013 1937 1139 1959 nomen
1167 1931 1264 1959 tuum
1286 1926 1310 1958 ⁹.
1340 1926 1506 1959 Novimus
1531 1926 1623 1959 enim
1649 1936 1710 1970 per
1736 1925 1849 1970 ipsum
1873 1930 1908 1958 et
1930 1925 1964 1958 in
1986 1925 2063 1970 ipso

380 1981 496 2020 illum,
519 1994 536 2015 a
563 1994 633 2027 quo
658 1984 793 2028 genitus
817 1990 884 2018 est,
908 1989 1041 2028 patrem
1067 1984 1189 2016 Deum.

516 2048 598 2074 Quia
615 2048 735 2071 Christi
754 2050 851 2071 bonus
868 2049 943 2071 01101·
960 2055 1065 2071 sumus
1083 2049 1147 2071 Deo
1165 2049 1196 2071 in
1217 2049 1256 2071 iis
1274 2049 1327 2076 qut
1346 2049 1425 2071 salvi
1442 2049 1537 2075 fiunt,
1554 2050 1584 2071 et
1602 2050 1635 2071 iu
1654 2049 1694 2071 iis
1709 2049 1764 2076 qui
1781 2049 1925 2076 pereunt.

474 2098 608 2131 Bonum
635 2099 739 2131 xeluti
765 2099 911 2132 odorem
939 2098 1099 2132 exhibent
1127 2100 1199 2132 Deo
1225 2100 1312 2144 patri
1339 2099 1519 2132 dominum
1545 2105 1702 2132 nostrum
1729 2099 1840 2132 lesum
1866 2097 2057 2135 Christum,

378 2155 493 2201 primo
515 2156 656 2201 quidem
674 2158 753 2201 quia
776 2155 903 2189 habent
923 2168 1001 2190 eum
1023 2157 1168 2201 Spiritus
1194 2159 1300 2202 opera
1320 2158 1354 2189 in
1381 2168 1416 2189 se
1440 2155 1653 2190 habitantem
1671 2162 1703 2189 et
1723 2157 1901 2189 insertum.
1929 2154 2061 2189 Deinde

376 2214 455 2258 quia
487 2213 614 2259 ubique
645 2214 843 2259 praedicant
871 2221 904 2248 et
931 2214 1180 2248 circumferunt
1206 2215 1249 2248 de
1275 2227 1316 2247 eo
1343 2226 1556 2251 sermonem.
1585 2221 1759 2258 tamquam
1785 2213 1886 2247 valde
1910 2212 2060 2247 odorum

378 2270 565 2315 thymiama
578 2298 587 2310 ,
608 2284 709 2306 suum
728 2284 807 2317 erga
827 2273 937 2306 Deum
959 2272 1109 2305 studium
1130 2272 1386 2317 depromentes.
1408 2273 1522 2306 Tertio
1541 2263 1708 2317 denique,
1729 2272 1809 2316 quia
1828 2271 1860 2304 ei
1880 2271 1957 2305 facti
1977 2281 2060 2305 con-

377 2327 505 2362 formes
533 2328 673 2374 paribus
699 2330 892 2374 consumpti
922 2329 1017 2363 fuere
1044 2329 1262 2363 eruciatibus.
1293 2330 1426 2363 Bonum
1452 2340 1534 2363 sane
1559 2341 1594 2363 se
1617 2340 1689 2363 esse
1708 2328 1852 2363 odorem
1871 2329 1965 2362 aiunt
1985 2334 2059 2362 tum

375 2385 410 2418 in
438 2386 476 2419 iis
501 2387 560 2432 qui
588 2387 671 2420 salvi
700 2385 803 2422 fiunt.
827 2392 898 2419 tum
926 2387 961 2419 in
988 2387 1027 2419 iis
1054 2387 1157 2420 etiam
1186 2387 1243 2432 qui
1272 2393 1429 2432 pereunt.
1459 2385 1674 2426 Quibusnam
1699 2397 1784 2420 vero
1810 2385 1900 2420 odor
1925 2386 1992 2419 sint
2017 2384 2060 2419 de

376 2448 488 2475 morte
515 2444 550 2477 in
577 2450 740 2477 mortem.
761 2442 967 2488 quibusnam
989 2450 1107 2476 eontra
1129 2443 1218 2477 odor
1239 2443 1282 2477 ‹le
1306 2444 1374 2477 vita
1394 2444 1428 2476 in
1447 2444 1570 2482 vitam,
1590 2449 1745 2489 superest
1764 2441 2055 2488 cognoscendum.

375 2500 466 2543 Ergo
486 2500 712 2545 probabiliter
737 2513 754 2534 a
780 2500 880 2534 nobis
904 2500 1140 2545 intelligentur
1166 2507 1239 2533 tum
1265 2500 1383 2534 salvati
1403 2506 1477 2534 tum
1502 2507 1702 2546 pereuntes,
1723 2500 1750 2534 si
1769 2499 1958 2545 spiritalem
1981 2510 2057 2534 sen-

378 2567 453 2590 sum
480 2559 771 2603 contemplemur,
794 2557 990 2596 eredentes,
1014 2569 1076 2591 nee
1102 2568 1171 2590 nou
1199 2556 1304 2590 fidem
1328 2564 1527 2595 renuentes,
1548 2558 1676 2603 quique
1703 2568 1825 2591 verum
1849 2555 2058 2590 naturalem-

377 2624 443 2658 que
465 2615 571 2648 Deum
599 2615 755 2649 nondum
782 2621 1023 2659 agnoscentes,
1047 2614 1179 2662 malunt
1200 2614 1344 2647 adorare
1365 2621 1537 2649 creaturas
1561 2626 1643 2661 prae
1666 2621 1832 2648 creatore.
1859 2614 1902 2647 Hi
1920 2612 2056 2646 divinae

378 2671 641 2714 praedicationis
665 2672 770 2707 verba
796 2684 866 2706 non
893 2673 1109 2718 recipientes,
1132 2672 1239 2705 immo
1268 2673 1380 2717 potius
1406 2672 1604 2710 irridentes,
1627 2672 1874 2717 stultitiamque
1898 2675 2056 2716 putantes

378 2738 450 2760 esse
470 2728 590 2762 Christi
618 2731 820 2775 mysterium
833 2757 840 2769 ,
863 2731 1031 2775 recipiunt
1051 2729 1196 2763 odorem
1216 2729 1356 2763 notitiae
1382 2731 1488 2776 patris
1507 2731 1554 2763 sic
1574 2736 1611 2763 ut
1635 2734 1803 2763 transeant
1828 2728 1872 2762 de
1890 2733 2001 2760 morte
2019 2727 2052 2759 in

377 2790 538 2818 mortem.
561 2787 693 2821 Etenim
713 2799 820 2833 quum
842 2788 877 2821 in
896 2793 1007 2821 morte
1025 2787 1093 2820 iam
1112 2793 1346 2825 versarentur,
1369 2794 1512 2833 propter
1531 2787 1730 2821 haerentem
1748 2786 1915 2820 inscitiam
1932 2790 1968 2819 et
1986 2795 2054 2817 cae-

377 2841 531 2882 citatem,
553 2848 684 2878 tantum
711 2857 779 2878 non
806 2844 967 2879 videntur
987 2845 1021 2878 in
1047 2844 1188 2878 alteram
1213 2855 1352 2890 quoque
1377 2851 1526 2879 mortem
1546 2845 1739 2882 incurrere:
1759 2843 1787 2877 si
1811 2841 1951 2888 quidem
1970 2841 2054 2886 legis
