2205 3177
141 1010 195 1029 ‹thz
212 1007 260 1029 Vll.
279 1010 308 1028 ¹2,

186 1034 224 1054 Gr.
239 1040 254 1060 p
280 1037 310 1055 ΙΨ

120 1184 124 1187 ·
139 1180 172 1199 Vs<
185 1178 265 1200 xvllt.
281 1181 310 1199 153.

243 1244 311 1262 [13.

133 2509 136 2512 '
155 2505 189 2525 ΡΞ,
205 2504 285 2525 xvnl.
302 2508 320 2525 8.

200 2564 236 2583 (ἐν,
252 2569 273 2589 γ,
290 2567 321 2585 ῇιι,

352 178 390 210 14
854 184 881 206 S.
911 183 1039 206 CYRILLI
1066 184 1288 208 ALEXANDRINI
1314 185 1520 209 EXPLANA'HO

347 258 465 296 cepto,
489 250 606 284 revixit
626 247 886 293 quodammodo
906 259 924 282 a
944 254 1056 282 morte
1076 260 1137 283 sua
1157 256 1353 295 peccatum,
1379 261 1442 284 nec
1461 261 1530 283 non
1556 249 1671 284 debita
1692 251 1915 298 peccantibus
1935 263 1975 285 ex
1996 253 2043 286 in«

348 309 506 341 firmitate
526 306 689 339 vindicta.
715 305 804 345 Quid
827 304 905 338 inde
929 307 1059 350 porro?
1079 308 1143 341 Res
1162 308 1331 353 insperata
1356 314 1561 352 praeterque
1580 310 1853 354 expectationem
1872 309 1973 346 nobis
1992 321 2041 344 ac—

347 366 444 398 cidit:
473 369 695 409 praeceptum
714 363 855 408 quidem
881 364 969 398 vitae
989 376 1088 398 causa
1113 364 1250 403 (latum,
1273 366 1307 399 in
1330 371 1479 399 mortem
1498 362 1683 405 xci-titjAp
1708 366 1813 400 veluti
1840 366 2039 402 infirmitate

347 423 528 455 oculorum
554 419 792 454 laborantibus
809 421 931 454 solaris
954 420 1039 455 radii
1060 429 1161 456 nocet
1179 422 1255 460 lux,
1276 434 1487 468 quamquam
1512 434 1574 467 per
1600 434 1635 456 se
1653 424 1767 457 suavis
1787 425 1829 457 sit
1849 430 1881 458 et
1899 431 2039 470 exopta-

349 478 441 512 bilis:
464 490 574 523 neque
596 479 666 523 ipsa
690 484 802 525 tamen
825 490 967 524 prorsus
986 480 1021 512 in
1041 479 1142 525 culpa
1161 486 1228 518 est,
1248 491 1369 513 verum
1389 492 1427 514 ea
1448 480 1552 514 laesio
1572 480 1794 514 intirmorum
1813 482 1898 515 vitio
1920 481 2041 515 adscri-

348 535 459 568 lwnda
486 542 554 571 cst:
575 535 699 569 eodem
724 536 849 574 modo,
877 537 1093 570 occasionem
1119 543 1260 583 peccato
1285 537 1401 572 datam
1427 539 1471 571 ait
1498 550 1516 572 a
1544 526 1637 582 lege,
1661 550 1766 583 seque
1791 537 1834 572 ab
1858 539 1915 573 illa
1939 539 2041 573 dcce-

348 599 463 638 ptum.
486 599 519 626 et
546 592 588 626 ad
615 599 765 627 mortem
789 593 991 627 deductum.
1014 595 1093 628 Alio
1111 606 1251 639 quoque
1276 606 1377 629 sensu
1399 595 1542 629 sortasse
1562 596 1685 641 aliquis
1708 595 1816 635 dicet,
1837 595 1920 642 legis
1943 608 2041 630 man·
2079 586 2082 590 ¹

347 649 433 683 datis
453 649 563 683 solere
585 661 794 696 magnopere
813 651 1002 696 voluptatis
1021 651 1175 684 studium
1195 651 1388 690 adversar&
1411 659 1445 686 ct
1465 653 1606 686 vitiosos
1627 664 1758 691 mores,
1780 653 1959 687 resistente
1977 652 2042 687 sibi

349 707 491 742 xirtute.
515 707 709 752 copiosiore
733 708 766 740 vi
791 708 956 752 grassari,
984 714 1205 753 mentemque
1231 708 1407 742 interdum
1434 716 1632 754 pervertere
1659 715 1761 755 atque
1785 709 1828 743 ad
1855 716 2042 754 transgres—

349 764 480 797 sionem
509 764 709 810 impellere,
737 764 891 811 legisque
919 766 1039 811 poenis
1069 776 1264 810 exponere,
1292 778 1502 812 quamquam
1532 779 1651 813 reapse
1677 767 1731 801 lex
1759 767 1832 812 ipsa
1859 766 1945 800 belli
1970 767 2044 800 eius

350 834 448 855 causa
475 821 588 855 suerit.
620 822 732 856 Isthoc
758 834 858 856 sensu
886 823 1020 868 sapiens
1046 822 1172 856 Paulus
1197 822 1379 868 deceptum
1404 836 1440 858 se
1466 836 1484 858 a
1510 831 1695 870 praecepto
1720 825 1820 863 dicit,
1846 830 1947 869 atque
1971 824 2044 858 eius

349 891 448 913 causa
473 881 625 925 periisse.
655 880 788 913 Occidit
813 880 905 913 enim
924 879 1181 925 propemodum
1209 887 1451 926 praeceptum,
1474 883 1648 916 concitans
1668 881 1710 916 ad
1735 888 1909 916 certamen
1926 882 2045 915 insitas

349 936 449 970 nobis
472 937 683 983 x‘oluptates.
707 947 749 971 eo
773 948 878 982 quem
904 936 1068 970 hactenus
1095 937 1246 971 diximus
1269 937 1389 971 modo.

586 1003 699 1030 ltaque
716 1003 765 1026 lex
781 1003 908 1030 quidem
923 1005 1047 1031 sancta,
1064 1006 1265 1031 praeceptum
1281 1006 1423 1027 sanctum
1439 1006 1618 1033 iustumque
1634 1009 1665 1030 et
1683 1008 1807 1029 honum.

447 1053 565 1085 Sancta
593 1052 645 1086 lex
672 1052 849 1091 videlicet,
878 1054 958 1099 quia
983 1059 1137 1092 sanctos,
1167 1054 1292 1092 iustos,
1321 1052 1501 1099 bonosque
1527 1054 1667 1089 exhibet
1691 1055 1785 1094 illos,
1814 1055 1872 1100 qui
1897 1054 2044 1088 eandem

352 1110 394 1142 ita
421 1110 606 1143 observare
625 1111 819 1155 potuerint,
848 1117 885 1144 ut
910 1111 1225 1156 transgressionum
1245 1110 1378 1147 delictis
1400 1123 1619 1157 nequaquam
1638 1113 1687 1146 rei
1708 1112 1842 1146 fierent.
1864 1113 2044 1146 Verumta—

353 1178 431 1200 men
452 1167 517 1201 hoc
536 1167 793 1213 propemodum
814 1162 1029 1213 impossibile
1047 1174 1109 1202 est.
1130 1168 1261 1201 Delicta
1281 1169 1373 1201 enim
1392 1169 1468 1214 quis
1487 1168 1655 1213 intelliget
1671 1169 1680 1178 ‘
1693 1195 1702 1207 ‚
1719 1170 1768 1202 uti
1787 1169 1953 1213 scriptum
1971 1169 2044 1202 est?

799 1234 889 1260 Quod
907 1241 982 1263 ergo
999 1235 1114 1257 honum
1130 1236 1192 1262 est,
1208 1235 1287 1257 mihi
1306 1235 1424 1258 factum
1440 1236 1487 1258 est
1502 1236 1602 1257 mors?

447 1284 478 1316 Si
498 1290 654 1317 sanctum
679 1291 902 1330 praeceptum
923 1290 992 1324 est,
1020 1284 1201 1330 quomodo
1225 1285 1321 1330 quod
1341 1285 1445 1324 mihi,
1467 1285 1599 1330 inquit,
1628 1285 1749 1318 datum
1767 1290 1841 1318 erat
1858 1283 1901 1317 ad
1920 1283 2044 1321 vitam,

352 1340 441 1373 idem
469 1341 552 1374 mihi
578 1342 700 1375 mortis
726 1343 860 1375 occasio
885 1342 1104 1387 compertum
1131 1342 1204 1376 est‘?
1229 1342 1383 1387 Ergone,
1412 1342 1468 1375 dic
1487 1342 1589 1381 mihi,
1618 1353 1671 1375 res
1692 1340 1785 1375 bona
1803 1341 1944 1375 exitium
1963 1351 2048 1374 con-

352 1399 439 1432 l'ert‘?
461 1398 576 1434 Absit.
602 1400 660 1433 ait.
681 1400 821 1433 Minime
839 1400 932 1434 enim
952 1400 987 1433 in
1006 1400 1058 1433 his
1079 1400 1190 1445 legem
1210 1401 1329 1434 incuso
1339 1405 1353 1439 ‚'
1370 1400 1429 1433 sed
1451 1401 1579 1445 peccati
1598 1406 1774 1434 accusator
1791 1399 1931 1437 adsum,
1951 1397 2048 1443 quod

352 1463 480 1490 tantam
502 1458 671 1491 humanae
697 1464 839 1491 naturae
865 1459 934 1491 vim
956 1458 1077 1497 infert,
1107 1465 1288 1504 tantopere
1309 1465 1460 1492 mentem
1486 1465 1641 1492 nostram
1659 1464 1823 1504 occupat,
1845 1464 1884 1491 ut
1901 1457 1956 1491 lex
1974 1458 2048 1502 ipsa

353 1514 452 1547 nobis
477 1515 519 1548 ad
544 1515 690 1549 salutem
710 1516 885 1561 vitamque
909 1515 1005 1552 data,
1034 1516 1069 1549 id
1096 1522 1145 1549 est
1169 1522 1325 1549 sanctum
1347 1527 1427 1549 vere
1450 1527 1488 1549 ac
1512 1515 1644 1549 bonum
1663 1521 1905 1560 praeceptum,
1925 1514 2048 1547 mortis

351 1573 486 1605 occasio
513 1572 573 1606 fiat
599 1573 638 1605 iis
663 1573 722 1618 qui
748 1572 861 1606 eidem
889 1573 956 1618 legi
982 1572 1171 1606 subiacent.
1201 1573 1269 1607 Cur
1292 1572 1352 1606 id?
1378 1584 1490 1618 quave
1515 1572 1672 1606 ratione?
1698 1573 1784 1606 Nam
1807 1573 1833 1605 si
1859 1571 1946 1618 ultio
1971 1582 2049 1616 pec-

353 1636 467 1663 cantes
485 1642 622 1675 semper
641 1637 822 1675 sequetur,
845 1642 908 1664 nos
926 1642 1010 1664 vero
1029 1630 1073 1664 ad
1097 1631 1186 1664 hanc
1205 1630 1441 1664 infirmitatem
1461 1631 1561 1675 proni
1580 1641 1717 1668 sumus,
1739 1630 1903 1663 nimirum
1922 1628 1967 1663 ad
1985 1639 2050 1662 nos

354 1700 489 1733 semper
516 1689 748 1723 inretiendum
776 1688 1125 1734 transgressionibus,
1154 1695 1285 1722 constat
1313 1689 1478 1727 omnino,
1505 1688 1601 1733 quod
1628 1688 1691 1721 hac
1718 1689 1850 1721 ratione
1876 1687 1931 1720 lex
1957 1686 2047 1720 salu—

355 1746 436 1779 taris
460 1753 491 1779 et
516 1752 630 1779 sancta
655 1752 687 1780 et
706 1745 816 1781 bona.
845 1746 1022 1780 vinculum
1047 1746 1121 1780 fieri
1140 1746 1277 1780 videtur
1302 1747 1450 1792 peccati,
1479 1752 1581 1791 atque
1607 1746 1649 1779 ad
1670 1752 1819 1779 mortem
1839 1745 1894 1778 via
1918 1744 1970 1778 his
1988 1744 2049 1789 qui

356 1810 494 1847 peccato
523 1802 764 1837 succumbunt.
794 1804 904 1837 lmmo
934 1815 1041 1849 paene
1073 1804 1187 1838 dicere
1214 1803 1369 1841 videtur,
1398 1810 1577 1849 peccatum
1606 1815 1687 1837 x‘ere
1712 1803 1800 1836 effici
1826 1808 2004 1848 peccatum
2031 1813 2050 1835 a

357 1867 552 1905 praecepto.
572 1860 815 1905 ignorantibus
833 1862 963 1906 quippe
982 1860 1114 1894 domini
1130 1861 1363 1899 voluntatem,
1381 1861 1502 1905 poenis
1521 1872 1556 1894 se
1572 1860 1750 1905 implicare
1767 1860 1961 1904 continget;
1977 1870 2050 1904 pec-

356 1924 476 1950 carunt
501 1918 610 1952 enim.
639 1918 699 1951 etsi
731 1918 943 1963 ignoranter.
973 1918 1038 1952 Sed
1067 1925 1179 1952 tamen
1210 1924 1364 1964 superest
1394 1918 1462 1951 illis
1487 1929 1558 1952 non
1587 1916 1830 1962 improbabilis
1855 1916 2046 1950 excusatio:

357 1974 568 2009 excusabunt
595 1976 706 2014 enim,
732 1982 769 2009 ut
796 1975 963 2010 credibile
992 1982 1059 2014 est,
1085 1975 1175 2022 apud
1203 1988 1261 2010 eos
1289 1977 1346 2021 qui
1365 1974 1430 2009 sub
1450 1975 1525 2021 lege
1551 1981 1651 2014 sunt,
1676 1974 1907 2020 ignorantiam
1931 1984 2048 2012 suam,

357 2034 453 2067 cuius·
473 2044 572 2066 causa
591 2033 806 2067 voluntatem
824 2033 1035 2067 dominicam
1053 2034 1289 2071 nesciverunt,
1307 2034 1333 2067 si
1351 2033 1442 2067 forte
1459 2033 1495 2066 id
1513 2034 1562 2067 eis
1579 2031 1861 2083 exprobrabitur.
1882 2031 1948 2072 Qui
1965 2042 2050 2077 ergo

356 2097 480 2136 sponte
504 2091 695 2124 decreverit
714 2092 820 2136 impie
842 2092 979 2129 vivere,
1009 2090 1101 2124 haud
1121 2091 1262 2135 quidem
1283 2091 1498 2136 ignorantiae
1520 2091 1580 2124 sed
1599 2089 1781 2124 vecordiae
1803 2090 1934 2123 crimen
1957 2087 2050 2122 subi-

358 2146 425 2181 bit.
449 2154 481 2181 et
505 2159 660 2182 summae
679 2159 697 2182 a
714 2149 787 2182 Deo
807 2149 1008 2182 aversionis
1030 2149 1143 2194 Atque
1164 2148 1218 2182 liic
1238 2148 1379 2182 demum
1404 2160 1484 2182 cum
1502 2147 1698 2195 hyperbole
1721 2153 1881 2194 peccator
1901 2146 2047 2181 dicetur.

357 2207 444 2239 Nam
471 2212 630 2251 peccator
655 2205 858 2251 simpliciter
875 2207 903 2239 is
929 2218 1068 2251 quoque
1093 2213 1143 2240 est
1163 2208 1222 2252 qui
1249 2207 1442 2252 ignorantia
1467 2205 1618 2246 labitur,
1646 2205 1706 2240 sed
1726 2211 1841 2239 tamen
1866 2215 1979 2250 neque
2001 2210 2051 2238 est

358 2275 470 2309 neque
493 2263 620 2298 dicitur
645 2269 803 2308 peccator
830 2276 908 2297 cum
935 2263 1142 2310 hyperbole.

892 2329 1014 2353 Scimus
1030 2331 1114 2353 enim
1131 2330 1232 2359 legem
1249 2336 1312 2353 esse
1329 2329 1518 2357 spiritalem.

455 2380 651 2425 Spiritalem
670 2379 751 2413 dicit
778 2379 909 2424 legem,
938 2381 1018 2424 quia
1040 2381 1089 2413 sui
1117 2379 1269 2413 adseclas
1287 2380 1390 2413 efficit
1411 2379 1594 2425 spiritales.
1625 2379 1835 2425 Intelligitur
1856 2384 1971 2413 autem
1989 2378 2052 2424 spi-

359 2437 485 2473 ritalis.
514 2439 574 2482 qui
602 2438 743 2470 minime
770 2437 961 2470 secundum
989 2448 1127 2471 carnem
1152 2438 1260 2475 vixit,
1290 2438 1438 2471 maxime
1468 2444 1584 2472 autem
1611 2449 1653 2472 eo
1680 2438 1820 2483 respicit
1848 2442 1885 2470 ut
1911 2436 2050 2484 spiritus

360 2495 527 2529 voluntati
554 2494 778 2539 obsequatur.
808 2496 963 2539 Namque
989 2501 1023 2528 et
1046 2494 1166 2528 beatus
1186 2494 1294 2528 David
1313 2495 1377 2528 ait:
1404 2495 1414 2504 “
1437 2509 1453 2526 «
1478 2495 1533 2528 lex
1551 2496 1690 2530 Domini
1710 2494 1949 2532 immaculata,
1969 2503 2050 2526 con-

363 2559 498 2586 vertens
516 2554 666 2586 animas:
689 2553 925 2586 testimonium
947 2553 1085 2586 Domini
1110 2551 1232 2590 fidele,
1253 2553 1454 2598 sapientiam
1478 2560 1655 2599 praestans
1675 2553 1845 2599 parvulis:
1867 2553 1970 2585 timor
1988 2551 2051 2583 Do—

363 2611 445 2643 mini
471 2617 606 2644 sanctus
634 2622 840 2656 permanens
859 2611 894 2643 in
915 2610 1089 2644 saeculum
1110 2610 1247 2644 saeculi.
1274 2624 1289 2641 »
1313 2611 1417 2644 Sicuti
1437 2622 1520 2656 ergo
1539 2611 1621 2645 dicit
1642 2609 1898 2644 immaculatam
1917 2607 2046 2652 legem,

362 2668 441 2711 quia
460 2669 697 2702 immaculatos
716 2669 812 2706 facit:
831 2668 934 2702 fidele
955 2669 1208 2706 testimonium,
1226 2669 1305 2713 quia
1328 2668 1447 2702 fideles
1465 2668 1622 2708 exhibet3
1643 2675 1676 2702 et
1696 2673 1852 2701 sanctum
1871 2666 2047 2701 timorem,

365 2729 484 2768 utpote
511 2727 568 2769 qui
594 2733 729 2759 sanctos
755 2726 889 2763 reddit:
915 2726 962 2759 sic
989 2727 1091 2759 etiam
1119 2725 1184 2759 hoc
1209 2725 1287 2759 loco
1313 2732 1433 2772 reputa
1461 2725 1528 2760 dici
1554 2725 1667 2771 legem
1693 2723 1901 2770 spiritalem,
1930 2726 2050 2766 utpote

365 2792 452 2825 quae
474 2783 642 2826 spiritales
669 2784 819 2817 ostendit
846 2795 904 2817 eos
930 2784 987 2828 qui
1015 2782 1254 2828 obsequuntur
1281 2784 1357 2829 ipsi.
1387 2784 1551 2824 Quamvis
1571 2784 1661 2817 enim
1686 2783 1720 2815 in
1744 2780 1877 2815 umbris
1896 2779 1950 2812 lex
1974 2790 2051 2811 ver-

365 2843 476 2873 satur,
507 2837 607 2872 habet
630 2840 855 2874 nihilominus
877 2841 1029 2874 veritatis
1049 2840 1211 2874 formam.
1236 2840 1326 2881 Quid
1347 2851 1432 2887 crgo
1452 2841 1600 2875 Paulus?
1618 2841 1750 2885 Nempe
1768 2836 1928 2872 adfirmat
1950 2837 2051 2882 spiri-
