2205 3177
136 279 192 299 cir.
209 278 268 300 vlit.
292 282 321 298 Γ».

128 678 133 683 ·
149 674 174 695 ΙΙ.
189 674 219 701 tzp
239 674 276 695 111.
289 677 317 694 ivi.

249 798 268 812 1,
283 795 315 813 2¹¹.

195 1141 232 1161 (ἐν.
249 1147 271 1167 p.
286 1143 318 1162 29.

362 192 407 224 20
871 199 898 223 S.
927 199 1055 223 CYMLLI
1082 199 1302 223 ALEXANDRIN!
1329 201 1536 224 EXPLANATto

647 273 829 301 ammiano
845 274 929 296 enim
945 275 1124 302 creaturae,
1140 274 1361 297 revelationem
1378 274 1516 298 ultorum
1533 274 1592 298 Dei
1609 278 1761 303 expectat.

458 324 653 370 Expectatio
683 323 824 368 quidem
854 334 932 369 spes
961 330 1034 363 est,
1063 330 1096 358 et
1126 336 1243 358 rerum
1275 328 1419 359 eventus
1451 325 1664 371 praestolans
1694 326 1903 361 observatio.
1937 328 2045 361 Porro

359 389 512 417 creatura
539 380 782 414 revelationem
802 380 954 427 filiorum
980 382 1040 415 Dei
1058 389 1231 428 expectat,
1260 394 1330 417 non
1358 393 1439 416 sane
1463 381 1559 428 quod
1587 383 1658 429 ipsa
1679 382 1784 418 futuri
1803 385 1845 419 sit
1870 385 2042 430 praescia:

357 442 415 484 qui
442 439 533 472 enim
551 437 604 471 vel
632 437 806 472 undenam
828 438 863 472 id
889 437 963 472 sieri
987 441 1120 485 potest?
1146 439 1206 474 sed
1230 442 1309 486 quia
1331 452 1392 486 per
1413 451 1571 474 arcanam
1597 441 1656 474 Dei
1676 440 1955 487 dispositionem,
1984 442 2044 488 qui

357 502 476 530 cuncta
503 496 546 529 ad
571 495 695 529 melius
718 496 852 542 dirigit,
875 497 916 530 ad
938 497 1028 531 hunc
1050 497 1154 532 finem
1181 499 1371 544 perveniet.
1401 498 1585 532 Translatis
1603 499 1695 532 enim
1721 505 1896 545 tamquam
1913 501 1947 534 in
1973 499 2046 546 glo-

357 555 441 586 riam
465 566 504 586 cx
531 553 718 591 dedecore,
747 560 779 588 et
804 565 844 587 ex
864 555 1060 600 corruptela
1085 556 1119 589 in
1141 555 1459 601 incorruptionem,
1487 556 1548 589 Dei
1574 555 1674 594 tiliis,
1703 556 1743 590 iis
1767 568 1891 603 nempe
1910 558 1969 602 qui
1988 557 2047 591 ho-

355 618 485 645 nestam
504 612 609 645 vitam
629 611 840 658 delegerint,
868 612 940 658 ipsa
959 624 1099 658 qnoque
1123 620 1280 648 creatura
1307 614 1408 660 plane
1430 615 1463 647 in
1482 614 1606 648 melius
1628 613 1942 649 transformabitur.
1971 615 2046 656 Qua

357 669 401 703 de
427 681 463 702 re
487 668 586 703 divus
613 680 675 703 nos
701 670 821 704 Petrus
841 670 851 680 ⁹
872 669 1030 704 dubitare
1055 682 1125 704 non
1151 671 1230 705 sinit
1252 671 1389 710 dicens,
1411 683 1521 706 novos
1540 672 1670 711 caelos,
1692 678 1726 706 et
1748 683 1875 706 novam
1897 678 2044 712 terram,

358 727 501 772 eiusque
528 727 773 772 promissiones
800 738 817 761 a
842 726 942 760 nobis
966 728 1152 772 expectari.

880 793 1027 816 Vanitati
1044 794 1128 816 enim
1144 795 1291 817 creatura
1308 795 1447 818 subiecta
1466 797 1523 819 est.

453 842 644 877 Vanitatem
668 843 734 877 hoc
759 843 836 876 loco
855 842 935 877 dicit
961 843 1115 876 viventes
1132 843 1167 876 in
1187 843 1354 883 vanitate,
1382 844 1470 878 idest
1491 845 1524 878 in
1546 844 1675 879 carnali
1695 845 1839 879 affeetu:
1860 845 1903 879 de
1920 843 2049 891 quibus

357 900 679 934 convenientissime
705 901 808 933 etiam
834 900 1026 934 diceretur:
1056 900 1162 933 homo
1189 902 1328 935 vanitati
1356 901 1476 935 similis
1503 902 1611 937 sactus
1641 909 1703 936 est.
1734 903 1841 942 Item,
1869 902 1966 948 quod
1996 902 2049 937 iu-

356 959 481 992 mentis
503 965 723 1004 comparatus
747 959 807 994 sit,
836 964 869 991 ct
896 958 948 991 his
969 958 1192 997 assimilatus;
1221 970 1371 1004 namque
1397 960 1523 994 horum
1544 962 1613 995 vita
1638 973 1719 995 vere
1744 961 1874 995 vanitas
1896 967 1959 995 est.
1989 961 2050 995 His

357 1014 556 1049 hominibus
583 1022 738 1048 creatura
765 1014 917 1048 subiecta
940 1021 1010 1048 cst.
1031 1026 1244 1061 quamquam
1272 1027 1418 1061 prorsus
1440 1017 1685 1052 involuntaria.
1715 1019 1782 1052 Cur
1808 1018 1863 1057 id,
1889 1018 2048 1064 inquam,

360 1072 530 1106 dicimus?
549 1074 680 1118 Nempe
700 1073 784 1106 nihil
806 1079 1003 1106 nostrarum
1028 1084 1146 1106 rerum
1170 1074 1268 1107 novit
1291 1080 1447 1108 creatura
1466 1074 1611 1108 visibilis
1629 1082 1663 1109 et
1682 1074 1884 1121 palpabilis,
1905 1076 1985 1121 quia
2003 1086 2052 1109 ra-

359 1131 498 1164 tiocinio
517 1137 621 1164 caret.
644 1132 728 1164 Nam
749 1131 776 1163 si
797 1130 886 1164 forte
905 1130 957 1164 illi
980 1131 1195 1176 contingeret
1215 1137 1253 1165 ut
1272 1142 1395 1177 parum
1415 1132 1500 1177 quid
1518 1132 1743 1178 intelligeret,
1763 1132 1856 1166 haud
1876 1139 2052 1178 pateretur

357 1194 427 1221 tam
452 1194 589 1233 turpem
608 1188 809 1221 servitutem
828 1188 976 1227 servire,
999 1199 1111 1234 neque
1136 1188 1189 1222 his
1216 1188 1356 1222 subesse
1383 1200 1421 1222 ac
1441 1188 1600 1223 famulari
1619 1189 1740 1227 vellet,
1762 1191 1822 1234 qui
1840 1190 1970 1223 nullius
1988 1189 2053 1223 bo-

357 1256 420 1278 nae
440 1245 547 1291 frugis
567 1246 671 1279 vitam
691 1257 792 1291 agere
811 1245 1055 1279 decrevissent.
1075 1246 1320 1280 Verumtamen
1340 1246 1375 1279 in
1396 1257 1473 1292 spe,
1491 1246 1621 1291 inquit,
1638 1246 1886 1280 salvandorum
1900 1257 1962 1291 per
1979 1256 2056 1279 eon-

356 1304 533 1348 sequentia
554 1309 711 1348 tempora
737 1309 936 1337 sanctorum
961 1309 1063 1349 atque
1086 1303 1297 1342 electorum,
1327 1303 1480 1338 subiecta
1506 1310 1640 1343 manet,
1662 1304 1782 1349 iugum
1807 1303 1858 1337 illi
1884 1302 2056 1349 quodam-

357 1360 463 1394 modo
490 1361 690 1406 imponente
709 1361 799 1400 Dm,
826 1373 864 1395 ac
881 1361 989 1395 veluti
1009 1368 1208 1395 reservante
1236 1361 1278 1395 ad
1299 1373 1376 1395 eam
1402 1360 1617 1400 libertatem,
1642 1373 1731 1407 quae
1753 1360 1819 1395 sub
1840 1361 1913 1395 eius
1934 1360 2057 1394 sanctis

357 1424 459 1462 atque
478 1417 691 1451 amatoribus
713 1417 828 1452 futura
849 1425 915 1457 est,
938 1425 976 1452 ut
995 1418 1076 1452 solis
1095 1418 1238 1452 demum
1257 1418 1412 1453 eiusdem
1430 1419 1492 1452 Dei
1512 1418 1592 1452 liliis
1611 1419 1792 1456 inserviat,
1814 1424 1849 1452 et
1866 1418 2056 1452 electorum

360 1474 478 1508 usibus
500 1486 643 1521 operam
670 1481 782 1509 navet.
812 1476 953 1509 Interim
979 1486 1064 1509 vero
1090 1482 1237 1514 maeret,
1262 1482 1296 1509 et
1321 1475 1586 1521 quodammodo
1612 1474 1747 1509 laborat
1773 1486 1811 1508 ac
1836 1475 1950 1509 dolet:
1971 1481 2006 1508 et
2030 1475 2057 1508 si

358 1533 441 1578 quid
461 1539 663 1567 nostrorum
682 1544 830 1578 operum
854 1544 1064 1578 cognoscere
1084 1540 1216 1578 posset,
1240 1533 1383 1567 fortasse
1403 1534 1505 1566 etiam
1524 1533 1690 1578 ploraret.
1716 1533 1815 1566 Nunc
1837 1533 1898 1566 Dei
1918 1531 2060 1567 nutibus

360 1589 573 1637 obsequens,
596 1597 751 1636 expectat
777 1590 1040 1636 quodammodo
1066 1590 1219 1624 futuram
1245 1590 1400 1624 filiorum
1425 1591 1504 1629 Dei,
1526 1597 1563 1623 ut
1589 1590 1680 1629 dixi,
1701 1589 1960 1624 revelationem.

568 1665 635 1689 xon
654 1666 754 1689 solum
770 1667 875 1689 autem
893 1665 971 1694 (illa
983 1665 1010 1695 )‚
1026 1666 1078 1688 secl
1095 1668 1124 1688 et
1143 1666 1203 1692 ipsi
1222 1665 1383 1692 primitias
1399 1666 1534 1692 spiritus
1552 1665 1721 1692 habentes,
1737 1666 1770 1688 et
1785 1665 1847 1692 ipsi

995 1710 1085 1732 intra
1101 1716 1157 1732 nos
1173 1709 1417 1739 ingemiscimus.

457 1764 566 1797 Sumit
585 1763 627 1797 ad
650 1763 823 1797 dictorum
843 1763 1194 1803 demonstrationem,
1216 1763 1251 1796 id
1271 1762 1367 1808 quod
1386 1763 1422 1795 in
1442 1761 1543 1796 nobis
1562 1761 1637 1796 fieri
1654 1762 1754 1797 solet.
1777 1763 1848 1796 Nos
1865 1762 1929 1808 ipsi
1949 1763 2058 1802 enim,

360 1822 487 1866 inquit,
508 1822 567 1866 qui
591 1822 759 1867 primitias
777 1822 917 1867 spiritus
936 1821 1121 1858 habemus,
1145 1821 1275 1866 gravati
1294 1821 1569 1865 ingemiscimus,
1592 1831 1653 1854 ceu
1674 1819 1898 1865 adoptionem
1916 1822 1952 1853 in
1972 1819 2062 1854 filios

360 1884 597 1923 expectantes,
627 1890 644 1912 a
671 1878 878 1924 corporibus
903 1879 1180 1913 dissolutionem.
1210 1880 1340 1923 Reapse
1368 1879 1460 1911 enim
1491 1876 1719 1923 corruptibile
1746 1888 1874 1923 corpus
1899 1883 2061 1923 aggravat

361 1937 528 1974 animam,
554 1943 775 1982 mentemque
803 1948 965 1970 curarum
992 1936 1130 1983 plenam
1154 1943 1331 1970 terrenum
1356 1947 1482 1981 corpus
1502 1935 1667 1969 deorsum
1693 1936 1821 1980 vergit.
1847 1936 1978 1969 Verum
2002 1934 2063 1969 ubi

359 1993 465 2027 semel
486 1993 586 2027 nobis
605 1994 744 2039 spiritus
763 1993 888 2032 insilit,
912 2000 1014 2040 atque
1033 1994 1075 2028 ad
1095 1995 1232 2028 virtutis
1253 1993 1405 2028 studium
1426 1994 1615 2032 convertit,
1632 1992 1712 2027 ilico
1732 1992 1934 2027 adversatur
1952 1993 2064 2027 carnis

362 2062 478 2088 amor,
500 2057 533 2084 et
550 2051 731 2084 inhaerens
755 2051 921 2085 memhris
940 2053 1065 2085 nostris
1084 2052 1138 2085 lex
1151 2078 1159 2089 ,
1182 2058 1285 2097 atque
1309 2050 1353 2084 ad
1374 2049 1542 2084 absurdas
1563 2050 1760 2096 voluptates
1781 2061 1909 2095 prona,
1929 2049 2064 2085 bellum

361 2120 521 2154 asperum
543 2115 751 2143 commovet.
775 2109 908 2143 Idcirco
928 2111 1202 2155 ingemiscimus.
1223 2110 1380 2155 corporis
1400 2109 1510 2143 nostri
1529 2108 1773 2142 liberationem
1792 2108 1991 2154 adoptionis
2009 2109 2062 2142 in-

360 2172 431 2199 star
450 2172 659 2211 reputantes.
682 2166 783 2200 Haud
809 2173 921 2201 tamen
949 2174 1152 2213 exoptamus
1173 2166 1660 2213 corporumffldepositionem‚
1682 2177 1794 2211 neque
1817 2165 1905 2200 hanc
1931 2165 2058 2200 libera-

362 2224 466 2257 tionis
485 2225 624 2257 nomine
644 2223 846 2269 dignamur2
867 2224 927 2258 sed
947 2225 1100 2271 spiritale
1123 2224 1196 2258 fieri
1219 2236 1346 2271 corpus
1365 2230 1605 2270 expectamus,
1627 2223 1721 2269 quod
1742 2235 1868 2270 nempe
1887 2223 2062 2258 carnalem

362 2292 502 2315 omnem
522 2287 767 2326 terrenumque
787 2281 965 2319 affectum,
993 2283 1190 2328 peccatique
1214 2282 1394 2317 stimulum
1419 2281 1567 2316 abiiciat.
1598 2282 1807 2316 Huiusmodi
1826 2293 1892 2316 nos
1911 2281 2064 2328 spiritale

364 2351 490 2385 eorpus
509 2339 668 2373 dicimus.
695 2340 766 2373 lam
786 2341 847 2374 etsi
871 2342 980 2386 gratia
1000 2341 1216 2387 adoptionis,
1242 2341 1400 2386 corporis
1418 2341 1526 2374 nostri
1547 2339 1791 2374 liberationem
1816 2340 1936 2378 efficit,
1958 2350 2063 2373 nemo

363 2395 443 2430 hinc
462 2398 752 2430 resurrectionem
771 2397 1004 2431 calumniandi
1024 2410 1140 2432 ansam
1162 2399 1321 2443 arripiat:
1339 2408 1450 2443 neque
1469 2398 1504 2431 in
1525 2404 1660 2432 tantum
1680 2397 1866 2443 impietatis
1883 2396 2060 2434 deveniat,

368 2460 402 2486 ut
423 2453 689 2500 dispergendam
710 2453 785 2488 fore
805 2466 943 2489 carnem
962 2455 1051 2489 dicat
1063 2481 1070 2493 ,
1087 2461 1121 2488 et
1139 2466 1282 2500 prorsus
1300 2454 1579 2494 adnihilandam‚
1601 2461 1790 2501 postquam
1809 2455 1845 2487 in
1863 2460 1991 2487 terram
2011 2453 2066 2487 de—

205 2524 243 2544 cr.
258 2530 280 2549 ρ.
297 2527 329 2546 30.
369 2511 509 2549 cidem:
536 2523 670 2558 proque
695 2523 732 2545 ea
759 2519 1037 2546 resurrecturum
1061 2512 1146 2558 quid
1173 2512 1346 2558 spiritale,
1374 2511 1624 2558 persubfibile,
1653 2518 1755 2558 atque
1783 2512 1975 2546 aetherium
2000 2510 2061 2557 (1).

262 2645 281 2658 V.

297 2642 329 2660 22.

369 2569 421 2601 Sic
446 2571 538 2603 enim
564 2569 618 2603 isti
643 2569 830 2604 dictionem
856 2583 871 2601 «
894 2569 1047 2615 spiritale
1069 2583 1085 2601 »
1108 2570 1320 2615 intelligunt.

969 2635 1032 2663 spe
1048 2636 1132 2658 euim
1149 2635 1228 2658 salvi
1247 2636 1324 2658 facti
1342 2642 1457 2659 sumus.

469 2684 648 2719 Credimus
673 2697 821 2732 corpora
840 2697 981 2731 quoque
1007 2691 1125 2719 nostra
1146 2687 1408 2731 corruptionem
1435 2697 1473 2720 ac
1497 2691 1648 2720 mortem
1670 2696 1743 2719 esse
1763 2690 1978 2731 superatura.
2006 2683 2068 2717 Ce-

376 2741 508 2784 teroqui
530 2741 566 2774 id
586 2742 686 2777 nobis
703 2744 739 2777 in
759 2755 819 2789 spe
838 2744 1030 2789 repositum
1053 2749 1121 2782 est,
1143 2754 1213 2777 non
1238 2743 1345 2778 veluti
1367 2755 1548 2790 praesens,
1570 2743 1631 2779 sed
1651 2749 1691 2778 ut
1714 2743 1859 2778 omnino
1881 2742 2068 2776 certissime

486 2869 509 2897 1)
530 2868 588 2895 Hoc
609 2867 664 2896 dici
682 2869 790 2897 videtur
809 2874 904 2898 contra
923 2856 1115 2906 brigenianos.
