2205 3177
521 179 553 202 IN
579 179 759 202 EPISTOLAM
785 180 808 201 1.
837 178 879 200 AD
905 177 1095 200 CORINTHIOS
1121 177 1192 200 CAP.
1222 178 1268 200 VI.
1298 178 1336 200 ET
1363 178 1421 200 vn.
1764 167 1808 201 39

139 257 210 280 non
227 244 307 278 licet
325 242 453 277 addere
471 243 661 276 constitutis
679 243 863 288 quicquam
883 246 938 274 aut
956 240 1150 275 detrahere.
1168 242 1410 275 Verumtamen
1428 240 1702 287 evangelicorum
1721 252 1811 274 man-

137 292 299 336 datorum
325 302 548 346 interpretes,
576 302 635 346 qui
662 299 898 334 confirmatam
927 298 960 330 in
986 298 1161 331 honestate
1190 305 1339 332 mentem
1366 298 1557 337 habebant,
1586 305 1687 344 atque
1716 299 1751 332 in
1776 310 1811 332 se

137 360 311 394 Christum
337 358 537 403 loquentem
562 357 743 404 gerebant,
772 357 842 389 ausi
867 356 990 389 merito
1017 361 1094 389 sunt
1121 367 1189 389 non
1215 357 1287 389 sine
1313 357 1511 390 auctoritate
1537 367 1678 401 magna,
1707 357 1811 390 inter-

138 417 339 463 pretationis
366 416 602 461 magisterium
627 425 803 451 exercere,
831 413 960 446 etiamsi
990 412 1078 446 forte
1104 412 1232 457 aliquid
1260 424 1300 446 ex
1327 413 1380 446 his
1405 425 1491 458 quae
1517 414 1647 459 agenda
1674 420 1753 448 sunt
1778 415 1811 448 in

137 475 241 508 sacris
268 473 389 507 litteris
415 473 544 507 deerat.
572 472 658 505 Talis
676 471 776 504 divus
800 481 938 515 quoque
958 469 1081 503 Paulus
1103 481 1181 502 cum
1205 477 1311 506 esset.
1339 471 1436 509 dico,
1462 472 1589 516 inquit,
1612 472 1762 517 innuptis
1780 478 1812 505 et

138 531 269 570 riduis,
297 531 429 565 bonum
453 542 525 564 esse
550 531 576 563 si
601 533 823 575 permaneant
845 528 929 561 sicut
951 534 981 561 et
1003 539 1083 573 ego,
1106 534 1137 561 et
1163 527 1307 573 reliqua.
1330 529 1413 562 Heic
1435 529 1574 573 quidem
1598 540 1813 574 nequaquam

139 587 239 622 nobis
262 588 378 622 divina
398 588 454 622 lex
474 586 681 623 vocabulum
702 599 720 616 «
744 585 824 618 dico
849 599 864 616 »
887 585 1036 619 intimat:
1058 596 1136 619 nam
1156 596 1260 630 quam
1287 585 1398 630 legem
1421 586 1573 619 Christus
1598 587 1671 632 ipse
1694 587 1810 636 edicit,

138 657 215 679 eam
235 646 358 680 Paulus
376 645 548 680 vocabulo
572 658 586 675 «
608 644 780 689 praecipio
802 658 817 677 ι)
836 643 996 685 denotat,
1018 643 1147 677 addens
1172 643 1251 676 ilico
1274 656 1289 673 «
1312 653 1381 676 non
1406 655 1487 688 ego,
1509 644 1568 677 sed
1593 645 1770 678 Dominus.
1796 658 1811 676 »

140 703 230 736 Num
250 714 334 749 ergo
353 703 580 737 necessarium
599 700 728 746 aliquid
747 700 919 745 legislator
932 701 1084 734 Christus
1102 701 1237 734 omisit?
1252 701 1342 734 Num
1359 701 1481 734 melius
1501 701 1628 746 aliquid
1648 702 1815 735 initiantes

140 761 292 806 magistri
319 759 591 795 adinvenerunt?
609 759 737 792 Verum
755 758 839 803 quid
859 759 893 791 ni
919 759 1118 810 insipienter
1135 758 1326 803 stolideque
1347 758 1592 792 arbitraremur
1609 759 1701 792 haud
1720 760 1815 794 suffi-

139 828 218 852 cere
243 829 330 863 quae
355 818 505 851 Christus
532 815 728 850 constituit?
755 815 844 856 Quid
872 827 954 861 ergo
979 816 1151 849 dicemus?
1176 817 1318 861 Nuptias
1344 813 1413 849 non
1439 816 1547 849 vetuit
1572 816 1685 850 divina
1711 827 1814 849 evan—

141 875 247 920 gelica
271 874 494 921 praedicatio,
521 874 602 918 quia
630 874 738 911 Deus,
767 879 803 906 ut
832 884 911 907 reor
935 873 977 906 ad
1000 873 1170 907 humanae
1188 879 1328 907 naturae
1347 873 1529 907 modulum
1555 881 1735 920 praecepta
1754 886 1813 909 sua

142 930 435 966 accommodabat.
464 931 520 964 Ait
546 932 639 964 enim
664 931 849 964 Pharisaeis
878 930 1086 964 tentantibus
1113 931 1296 969 Dominus,
1319 943 1395 965 cum
1423 932 1672 966 sciscitarentur
1697 939 1813 966 utrum

140 990 256 1023 liceret
274 989 446 1023 dimittere
464 1000 607 1022 uxorem
624 990 799 1035 propriam
810 1014 817 1027 ,
832 995 970 1034 excepta
985 989 1224 1026 fornicatione:
1241 990 1302 1026 ait,
1318 990 1458 1034 inquam
1470 1015 1477 1027 ,
1494 990 1659 1023 Dominus
1676 990 1704 1029 '',
1720 989 1814 1035 quod

139 1047 199 1092 qui
224 1046 391 1080 dimiserit
410 1058 555 1081 uxorem
575 1058 672 1081 suam
692 1053 786 1080 extra
805 1058 939 1080 causam
959 1047 1206 1085 fornicationis,
1230 1046 1308 1080 facit
1330 1059 1405 1080 eam
1427 1048 1612 1081 moechari.
1635 1048 1817 1093 Quumque

140 1104 183 1138 ad
208 1104 292 1138 haec
317 1104 474 1150 discipuli
500 1106 571 1138 eius
592 1104 762 1138 dicerent:
785 1105 810 1137 si
836 1116 933 1137 causa
960 1105 1023 1137 viri
1050 1116 1127 1138 eum
1156 1104 1279 1138 femina
1309 1105 1383 1138 talis
1409 1111 1476 1142 est,
1504 1117 1573 1139 non
1598 1105 1734 1150 expedit
1752 1117 1816 1139 nu-

142 1160 245 1200 bere:
274 1162 453 1207 respondit
476 1162 562 1194 illis:
595 1175 610 1192 «
638 1167 717 1195 sunt
744 1161 891 1195 eunuchi
917 1162 975 1206 qui
1004 1173 1044 1195 ex
1070 1168 1168 1195 utero
1195 1163 1312 1196 matris
1341 1174 1419 1196 suae
1446 1164 1491 1196 ita
1518 1162 1587 1195 nati
1614 1168 1711 1201 sunt;
1738 1169 1815 1196 sunt

141 1219 224 1251 item
248 1219 416 1257 eunuchi,
438 1219 497 1264 qui
517 1218 560 1252 ab
579 1218 776 1252 hominibus
802 1225 879 1252 sunt
898 1220 1034 1256 evirati:
1056 1219 1203 1264 denique
1226 1226 1305 1253 sunt
1326 1219 1472 1253 eunuchi
1492 1220 1549 1265 qui
1569 1231 1603 1253 se
1627 1220 1718 1265 ipsos
1736 1231 1817 1265 pro-

143 1281 220 1320 pter
241 1287 386 1321 regnum
406 1277 465 1310 Dei
488 1282 733 1309 castraverunt.
756 1276 820 1316 Qui
841 1282 952 1321 potest
973 1287 1110 1322 capere,
1132 1278 1251 1322 capiat.
1278 1291 1293 1308 »
1317 1278 1497 1322 Proposuit
1515 1278 1605 1310 enim
1623 1276 1818 1311 volentibus

144 1339 234 1366 recte
255 1333 383 1371 facere,
406 1345 475 1367 non
498 1340 612 1367 tamen
634 1333 699 1379 legi
720 1332 930 1378 subiugavit,
951 1335 1030 1379 quia
1050 1345 1118 1367 non
1140 1345 1259 1367 omnes
1277 1334 1446 1368 dominari
1465 1346 1563 1380 posse
1584 1335 1694 1368 carnis
1716 1336 1819 1368 moti-

144 1388 208 1423 bus
232 1389 370 1424 sciebat.

238 1448 350 1492 Atque
378 1448 479 1480 huius
505 1449 612 1480 moris
636 1445 855 1480 adumbratio
880 1447 1048 1492 quaedam
1074 1449 1108 1481 in
1136 1449 1211 1494 lege
1236 1460 1374 1494 quoque
1398 1448 1612 1483 observatur.
1642 1450 1703 1483 Illa
1728 1450 1819 1483 enim

142 1503 387 1548 praecipiebat,
408 1510 446 1538 ut
466 1505 551 1538 ritus
571 1504 819 1538 sacrificiorum
844 1504 887 1537 ad
908 1505 968 1537 Dei
992 1504 1138 1549 gloriam
1157 1505 1275 1539 tierent
1288 1532 1295 1544 ,
1319 1512 1352 1540 et
1373 1506 1437 1540 alia
1457 1518 1497 1540 ex
1523 1506 1575 1540 his
1598 1506 1644 1540 ob
1665 1513 1819 1553 peccato-

142 1571 220 1594 rum
246 1567 279 1594 et
301 1561 513 1606 ignorantiae
535 1561 782 1607 expiationem,
805 1560 869 1594 alia
895 1560 941 1594 ob
966 1563 1205 1607 purgationem
1224 1563 1446 1609 sordiumque
1465 1564 1734 1610 depositionem,
1759 1575 1821 1598 nec

142 1628 213 1651 non
239 1616 371 1652 sabbati
390 1617 569 1658 sacrificia,
591 1625 625 1652 et
650 1619 927 1655 neomeniarum,
948 1625 982 1652 et
1006 1619 1179 1653 feriarum.
1208 1622 1386 1659 Attamen,
1409 1628 1543 1667 praeter
1567 1622 1669 1660 haec,
1690 1621 1820 1656 sinebat

143 1681 181 1708 ut
200 1674 304 1721 aliqui
329 1675 524 1710 voluntaria
543 1675 727 1715 adderent,
748 1675 783 1709 id
809 1681 858 1710 est
876 1676 947 1709 Deo
967 1684 1235 1723 comportarent.
1263 1678 1461 1713 Voluntaria
1481 1686 1593 1713 autem
1617 1679 1699 1713 haec
1722 1690 1822 1725 prae-

142 1738 194 1766 ter
220 1732 332 1778 legem
352 1739 467 1772 erant,
496 1744 556 1767 ceu
580 1732 693 1767 bonae
718 1733 847 1779 Deique
873 1734 1016 1767 amantis
1042 1735 1229 1769 voluntatis
1254 1735 1395 1770 fruetus.
1421 1737 1562 1770 Interim
1584 1748 1666 1770 vero
1687 1736 1821 1770 nullum

142 1789 219 1834 lege
240 1797 462 1836 praeceptum
480 1790 684 1825 sacrificium
704 1791 876 1835 negligere
895 1791 944 1825 fas
965 1798 1053 1825 erat:
1076 1799 1208 1826 tantum
1230 1793 1419 1828 laudabiles
1437 1794 1517 1828 illos
1534 1795 1624 1828 Deus
1643 1793 1819 1833 censebat,

142 1848 203 1892 qui
230 1848 414 1893 praedictis
440 1848 569 1895 aliquid
595 1845 718 1894 sponte
741 1860 778 1882 ac
800 1856 931 1883 suamet
951 1852 1115 1883 sententia
1145 1851 1321 1885 adderent.
1352 1852 1388 1884 Id
1416 1853 1530 1898 ipsum
1550 1864 1643 1887 nunc
1663 1852 1822 1899 prudenti

141 1905 289 1939 consilio
314 1894 440 1940 factum
460 1906 617 1940 dicimus.
646 1908 724 1940 Non
745 1909 851 1940 x‘etuit
878 1907 1047 1946 Christus,
1069 1909 1094 1941 si
1114 1910 1190 1953 quis
1215 1909 1403 1954 legitimum
1424 1909 1635 1943 connubium
1659 1911 1745 1944 inire
1764 1921 1824 1956 ap-

145 1963 320 2008 petiverit:
342 1963 401 1997 sed
428 1969 539 1997 tamen
560 1964 670 2003 maius
689 1964 817 2009 aliquid
837 1976 954 2009 agere,
976 1965 1060 1998 nihil
1082 1977 1143 1998 nos
1165 1966 1343 2012 prohihet,
1365 1968 1391 2000 si
1411 1966 1454 2000 ad
1474 1967 1692 2001 excellentiae
1712 1967 1824 2014 qnod-

143 2019 224 2054 ‹lam
250 2020 423 2067 fastigium
450 2022 579 2055 conniti
606 2033 757 2055 avemus.
787 2023 923 2068 Optime
950 2023 1052 2067 igitur
1076 2024 1199 2057 Paulus
1225 2025 1286 2063 ait,
1309 2025 1461 2070 innuptis
1488 2024 1668 2071 viduisque
1692 2025 1822 2059 bonum

143 2089 234 2114 esse.
256 2080 283 2112 si
304 2087 527 2125 permaneant
553 2081 639 2114 sicut
664 2087 696 2114 et
717 2092 799 2125 ego:
821 2080 880 2114 sed
907 2082 998 2114 enim
1025 2083 1185 2127 coniugio
1210 2082 1370 2128 obligatis
1397 2084 1568 2128 praecipio
1590 2095 1659 2117 non
1680 2095 1745 2128 ego
1765 2084 1824 2117 sed

145 2137 330 2175 Dominus,
352 2143 386 2171 et
402 2137 548 2184 reliqua.
571 2138 719 2172 Adducit
740 2145 853 2172 autem
872 2139 905 2171 in
927 2139 1123 2186 exemplum
1143 2139 1322 2185 singularis
1344 2141 1501 2187 curisque
1520 2142 1664 2176 carentis
1682 2142 1770 2175 ritae
1789 2153 1824 2175 se

145 2194 276 2238 ipsum,
298 2194 572 2240 caelibatumque
593 2195 763 2241 coniugali
784 2197 872 2230 xitae
896 2208 1038 2242 prorsus
1059 2199 1235 2244 anteponit
1250 2198 1309 2243 (l).
1330 2198 1563 2239 Quamobrem
1581 2200 1608 2233 si
1630 2200 1705 2245 quis
1726 2199 1825 2232 etiam

148 2251 309 2294 nuptialis
335 2252 419 2297 legis
441 2253 522 2298 iugo
548 2253 713 2287 liberatus
739 2261 807 2293 est,
830 2261 957 2300 perstet
980 2256 1089 2301 iuquit
1113 2256 1147 2289 in
1176 2257 1402 2294 continentia:
1423 2257 1470 2290 sic
1490 2258 1580 2290 enim
1604 2268 1744 2302 regnum
1767 2256 1826 2289 Dei

148 2306 367 2342 hereditabit.
395 2310 479 2343 Rem
505 2310 724 2346 confirmabit
746 2313 849 2346 etiam
878 2313 1110 2358 praemiorum
1140 2313 1197 2347 ille
1220 2313 1424 2348 distributor
1451 2314 1566 2348 dicens
1586 2315 1615 2347 ':
1641 2327 1656 2345 «
1679 2313 1759 2347 haec
1781 2314 1825 2346 ait

147 2364 313 2398 eunuchis
331 2366 513 2400 Dominus:
535 2369 744 2415 quicumque
769 2369 909 2403 sabbata
936 2382 1010 2404 mea
1030 2371 1240 2409 custodient,
1261 2378 1293 2405 et
1319 2384 1415 2406 meae
1441 2372 1608 2406 voluntati
1635 2370 1825 2415 obsequen-

147 2427 220 2459 tur,
243 2434 281 2455 ac
301 2422 423 2457 foedus
441 2436 557 2458 meum
576 2427 793 2467 retinebunt,
815 2427 907 2462 dabo
930 2428 998 2461 illis
1019 2430 1053 2462 in
1075 2429 1182 2463 domo
1206 2430 1377 2475 septisque
1394 2431 1478 2463 meis
1498 2430 1612 2463 locum
1633 2428 1824 2467 celebrem,

146 2478 180 2512 id
206 2480 301 2524 quod
329 2481 451 2515 melius
476 2483 556 2527 ipsis
578 2484 643 2517 erit
661 2497 765 2530 quam
792 2487 819 2519 si
839 2485 930 2520 filios
957 2486 1085 2521 filiasve
1107 2488 1321 2533 genuissent:
1344 2499 1470 2521 nomen
1489 2488 1629 2533 inquam
1648 2487 1827 2532 sempiter-

147 2548 230 2571 num
255 2537 348 2572 dabo
372 2538 457 2578 illis,
479 2540 574 2585 quod
598 2553 787 2588 numquam
811 2543 958 2578 deficiet.
984 2559 999 2575 »

242 2596 494 2630 Continentiam
512 2599 616 2643 igitur
635 2599 738 2644 digna
757 2612 887 2635 merces
906 2609 1031 2636 manet.
1053 2604 1234 2649 Ceteroqui
1256 2601 1430 2637 connubio
1453 2602 1617 2636 devinctis
1638 2601 1728 2635 haud
1747 2613 1828 2636 con-

146 2652 237 2686 cedit
265 2665 282 2686 a
309 2653 411 2688 ducta
438 2655 541 2689 semel
575 2667 684 2689 uxore
715 2657 908 2698 discedere,
938 2672 980 2694 ne
1008 2660 1128 2695 orbem
1160 2660 1479 2706 perturbationibus
1507 2659 1645 2705 impleat
1673 2659 1828 2694 salutaris

141 2708 322 2745 doctrina:
343 2723 455 2757 neque
482 2713 674 2748 divortium
702 2717 944 2752 commendare
971 2719 1082 2753 voluit
1106 2719 1297 2752 communis
1325 2724 1478 2751 serrator
1505 2717 1675 2758 Christus,
1695 2718 1823 2752 etiamsi

248 2840 283 2869 (1)
303 2839 344 2866 En
360 2839 507 2874 pulchram
527 2840 753 2879 luculentamque
771 2851 787 2870 a
807 2844 909 2880 Cyril}0
929 2845 1077 2873 caelibatus
1096 2850 1124 2873 et
1143 2845 1328 2873 continentiae
1345 2844 1465 2872 laudem.

1854 890 1889 907 m,
1905 895 1925 913 1„
1943 892 1965 907 ’,κ

1858 1001 2044 1023 ἘΙ-ἹΜΙιΧῙΧΗς,

1866 2326 1873 2332 '
1889 2323 1916 2343 ἴε.
1932 2322 1987 2343 LVl.
2008 2330 2022 2342 t.

1866 2441 1903 2462 Gr.
1917 2447 1939 2468 p.
1956 2446 1987 2462 su.
