2205 3177
197 650 201 667 1
238 652 281 667 tur
299 648 326 667 111
349 650 369 666 1«

191 928 196 933 “
210 926 233 944 ll,
247 925 280 944 1111
299 925 376 944 KRH.

189 1108 194 1112 ·
212 1105 265 1124 t‘rm
287 1104 345 1124 Mlti
357 1109 375 1123 s.

243 1392 280 1408 lys,
295 1395 308 1413 [r
333 1393 376 1407 itm.

418 162 485 194 214
923 171 949 191 5.
979 170 1103 192 11111111]
1132 171 1350 192 ALEXAMtht
1377 171 1581 193 ExPLANATm

519 239 582 261 (Ὶιι-
600 238 710 260 timebo
729 238 759 258 tn
778 237 828 259 111(-
844 237 943 259 muln?
960 240 1016 259 ete.
1033 238 1095 263 (11ιί
1113 237 1269 260 confidunt
1289 239 1408 260 virinus
1424 238 1488 260 suls
1504 239 1562 260 etc.
1580 237 1693 260 Frate·-
1711 244 1771 260 non
1789 239 1914 261 redimit
1931 241 1989 262 etc.

512 291 678 335 lntelliges
705 291 805 323 etiam
826 291 883 323 =sie.
917 292 984 335 Ego
1005 293 1247 336 praenimeiare
1274 291 1387 324 divina
1406 291 1544 324 oracula
1565 302 1582 324 a
1602 297 1719 324 saneto
1738 292 1864 336 Spiritu
1884 293 2007 336 dignus
2027 293 2088 326 lia-

418 349 524 383 111105.
547 348 768 380 nibilominus
795 348 917 380 timore
943 348 1098 391 quatior.
1125 349 1252 393 Deiqne
1279 348 1441 381 iudiciuin
1470 348 1713 392 perhorreseo:
1736 360 1796 381 vos
1823 355 1934 383 autem
1961 351 2087 395 imper—

418 407 523 439 territi
551 405 688 438 auditis.
711 405 767 449 qui
796 406 982 450 praesentis
1001 406 1088 438 xitae
1114 405 1348 450 voluptatibus
1375 405 1577 449 indulgetis,
1598 405 1654 449 qui
1676 405 1767 438 haud
1787 406 1857 438 Deo
1877 406 1934 439 sed
1954 407 2085 441 viribus

418 464 536 495 vestris
555 461 743 496 eontitlitis.
765 468 794 494 et
816 468 1005 494 vestrarum
1026 474 1130 507 opum
1152 463 1247 508 copia
1268 463 1483 506 gloriamini?
1505 463 1606 506 Atqui
1627 463 1762 498 scitote.
1784 462 1866 496 1111111
1886 463 1985 496 vobis
2004 464 2085 498 baec

417 520 530 552 omnia
559 518 736 564 profutura
765 519 795 550 in
826 518 996 563 praedicta
1016 518 1082 551 die.
1113 521 1197 552 Nam
1225 531 1334 563 neque
1355 519 1458 551 frater
1478 519 1616 552 fratrem
1638 519 1801 555 redimet.
1824 531 1934 565 neque
1960 521 2086 554 amicus

419 577 576 609 amicum.
599 576 836 620 l'nusquisque
855 576 944 608 erim
966 577 1140 621 propriam
1161 575 1223 609 sibi
1244 576 1435 609 mercedem
1454 577 1611 621 recipiet:
1631 582 1663 609 et
1684 590 1698 606 «
1719 576 1981 621 uniuscuiusque
1999 589 2087 622 opus

416 634 516 679 quale
543 635 600 668 sit,
624 634 709 677 ignis
736 632 895 678 probabit
917 635 939 666 “.
966 648 980 663 »
1006 634 1087 674 Quis
1107 633 1191 667 alius
1212 634 1323 678 itaque
1350 633 1528 667 hominum
1548 634 1638 668 bunc
1658 634 1825 667 redimet?
1853 633 1933 667 ldeo
1958 634 2088 668 dictum

418 698 486 725 est:
513 692 616 724 frater
635 702 703 723 non
724 690 877 723 redimit.
904 690 1045 724 redimet
1075 691 1203 724 bomo?
1223 690 1286 723 Sed
1307 702 1416 735 neque
1442 690 1535 724 dabit
1555 693 1734 736 quisquam
1754 692 1824 725 Deo
1843 691 2088 737 redemptionis

419 749 577 794 propriae
598 749 744 793 pretium
765 748 822 781 illa
840 748 912 783 die:
935 760 1043 793 neque
1063 748 1167 781 veluti
1187 754 1291 781 semet
1312 752 1488 783 coemens.
1509 749 1655 794 pretium
1675 760 1739 794 pro
1757 750 1868 783 anima
1888 760 1946 782 sua
1963 749 2084 783 solvet.

418 805 649 846 Quamobrem
667 817 772 838 vanae
792 812 868 838 suut
888 805 1025 837 divitiae
1053 805 1256 850 possidenti.
1278 817 1383 839 vanae
1410 806 1497 839 xiros
1521 806 1684 839 mortales
1703 807 1754 839 liis
1772 807 1829 850 qui
1856 805 2036 840 confidunt
2052 807 2086 839 in

417 864 475 896 eis.
499 864 737 896 Verumtamen
758 864 782 895 si
805 864 837 895 in
858 862 921 895 11ος
941 862 1089 899 mundo,
1115 864 1350 909 praesentique
1375 863 1442 896 vita
1462 869 1552 896 reete
1578 863 1703 897 divitiis
1725 869 1837 897 utetur
1856 864 1996 909 aliquis,
2015 875 2086 898 eas—

416 933 482 966 que
510 921 696 966 prudenter
722 919 993 957 administrabit,
1018 926 1051 953 111
1079 921 1266 953 Servatoris
1291 921 1459 953 monitum
1488 920 1553 954 fert
1578 920 1721 954 dicentis
1745 922 1775 954 'z
1799 922 1875 966 quis
1901 928 1951 955 est
1976 921 2087 955 fidelis

418 978 636 1023 prudensque
661 989 886 1013 oeconomus.
908 978 965 1021 qui
987 983 1140 1022 tempore
1160 977 1285 1010 idoneo
1304 976 1397 1010 dabit
1417 977 1617 1011 demensum
1639 979 1811 1011 conservis
1830 978 1920 1012 suis?
1940 978 2010 1015 hie,
2034 979 2087 1012 in-

415 1047 535 1080 quam,
559 1035 647 1068 bona
667 1046 725 1080 spe
746 1034 889 1067 fruetur.
919 1035 1009 1079 Ergo
1028 1033 1151 1067 abhinc
1170 1033 1230 1067 tibi
1255 1035 1321 1067 iam
1341 1045 1456 1067 serens
1482 1034 1523 1067 ad
1545 1035 1725 1071 iustitiam.
1748 1035 1818 1068 illic
1843 1035 1930 1068 vitae
1956 1034 2087 1068 fructus

416 1093 549 1136 collige.
579 1093 663 1125 Nam
691 1091 881 1135 redemptio
908 1091 1076 1128 bominis.
1106 1098 1138 1123 ut
1168 1093 1210 1124 ait
1239 1092 1371 1136 sapiens
1396 1092 1426 1127 ⁹,
1455 1092 1615 1136 propriae
1640 1091 1777 1125 divitiae
1802 1098 1892 1125 sunt.
1921 1092 1977 1125 Sin
2002 1103 2088 1125 vero

416 1149 496 1182 nihil
526 1149 649 1182 borum
677 1149 802 1192 egerit,
830 1147 1042 1191 naufragium
1071 1160 1210 1193 passus,
1239 1159 1316 1180 cum
1343 1149 1414 1193 ipsa
1440 1147 1635 1181 divitiarum
1662 1150 1790 1182 sarcina
1818 1149 1964 1182 animam
1991 1160 2086 1182 suam

416 1206 554 1251 perdet:
578 1217 655 1238 uam
683 1216 791 1250 neque
818 1205 960 1238 ulterius
984 1205 1109 1251 opibus
1128 1206 1196 1238 suis
1216 1204 1280 1237 frui
1302 1206 1426 1249 poterit
1447 1211 1522 1250 post
1543 1206 1622 1239 hinc
1643 1205 1848 1239 abscessum,
1877 1207 1968 1251 Ergo
1986 1217 2088 1251 prae-

417 1264 504 1297 dicta
527 1265 558 1296 in
578 1263 652 1300 die,
677 1274 786 1307 neque
814 1263 883 1307 ipse
910 1274 973 1308 pro
992 1274 1027 1295 se
1047 1262 1222 1308 plaeamen
1248 1262 1364 1301 dabit,
1387 1274 1496 1307 neque
1515 1264 1663 1308 pretium
1684 1263 1928 1308 redemptionis
1947 1263 2086 1298 liberta-

415 1322 523 1366 tisque
549 1321 679 1353 animae
706 1332 802 1355 suae.
826 1332 936 1365 neque
956 1332 972 1353 a
992 1320 1096 1353 fratre
1116 1320 1168 1353 vel
1188 1326 1333 1364 cognato
1352 1321 1473 1364 quovis
1499 1320 1684 1353 iuvabitur.
1715 1321 1778 1360 Oui
1798 1327 1910 1354 autem
1931 1332 1992 1354 nec
2010 1322 2088 1366 opi-

418 1377 480 1410 bus
506 1376 733 1412 confidentes.
755 1388 865 1421 neque
884 1376 1014 1410 viribus
1039 1378 1107 1410 suis
1133 1377 1336 1422 gloriantes,
1360 1376 1565 1410 laboriosam
1587 1388 1893 1422 aerumnosamque
1911 1378 2015 1411 vitam
2034 1384 2088 1412 to-

417 1435 616 1473 leraverint,
641 1435 807 1480 promissa
833 1435 952 1467 divino
977 1434 1119 1468 oraculo
1144 1435 1213 1468 vita
1239 1434 1331 1479 digni
1358 1440 1470 1468 erunt.

497 1501 535 1523 Et
552 1501 709 1523 laborabit
728 1501 760 1522 in
778 1501 949 1523 aeternum.
968 1500 1033 1523 Nun
1051 1501 1167 1523 videbit
1182 1501 1430 1527 corruptionem,
1446 1507 1515 1523 eum
1532 1501 1647 1523 viderit
1663 1501 1818 1527 sapientes
1833 1502 2009 1524 morientes.

510 1551 574 1583 Pro
601 1548 766 1583 laborabit
795 1551 828 1582 in
856 1557 1050 1587 aeternum,
1074 1550 1296 1594 Symmachus
1323 1564 1338 1580 «
1361 1549 1419 1583 sed
1447 1556 1628 1595 postquam
1654 1551 1878 1594 requieverit,
1900 1551 2029 1596 inquit,
2050 1552 2087 1584 in

415 1609 479 1641 boe
505 1607 656 1645 saeculo,
679 1608 766 1640 vivet
788 1608 821 1639 111
841 1613 1029 1640 aeteruum.
1051 1622 1066 1638 »
1089 1608 1229 1653 Aquilas
1248 1613 1378 1640 autem:
1404 1621 1418 1637 «
1441 1613 1470 1640 et
1492 1607 1661 1652 requievit
1678 1608 1712 1640 in
1732 1613 1926 1645 aeternum,
1944 1614 1977 1641 et
1995 1608 2087 1641 vivet

415 1665 457 1698 ad
483 1665 672 1698 xictoriam.
698 1679 713 1695 »
735 1664 858 1704 Quinta
879 1664 1017 1697 demum
1038 1664 1142 1697 editio
1165 1678 1180 1695 «
1204 1670 1237 1697 et
1256 1663 1442 1701 laboravit,
1463 1665 1592 1709 inquit,
1613 1665 1648 1697 in
1668 1670 1860 1702 aeternum,
1882 1671 1915 1698 et
1934 1665 2024 1698 vivet
2043 1665 2087 1698 ad

415 1722 605 1755 victoriam.
630 1735 644 1752 »
669 1722 752 1754 Nam
777 1722 834 1765 qui
856 1721 889 1754 111
909 1728 1085 1766 praesente
1105 1722 1172 1754 vita
1192 1732 1256 1767 pro
1275 1722 1399 1766 pietate
1418 1722 1612 1766 iustitiaque
1632 1721 1860 1759 laboraverit,
1881 1734 1921 1755 ex
1941 1722 2005 1756 hac
2023 1733 2089 1768 po-

416 1785 485 1812 stea
504 1777 603 1812 turba
622 1779 838 1823 tumultuque
857 1778 1023 1815 evadens,
1046 1785 1202 1824 pacatum
1222 1779 1514 1823 tranquillumque
1539 1790 1659 1812 aevum
1679 1780 1808 1824 exiget,
1831 1785 2004 1813 aeternam
2023 1790 2088 1825 po-

417 1842 542 1870 stremo
560 1838 662 1869 vitam
683 1843 938 1869 consecuturus.
969 1837 1031 1870 Hic
1053 1838 1311 1882 corruptionem
1337 1848 1406 1870 11011
1432 1835 1579 1874 videbit,
1602 1837 1731 1870 etiamsi
1759 1837 1926 1882 sapientes
1947 1848 2087 1882 quoque

418 1894 518 1927 morti
543 1892 747 1926 occumbere
772 1899 898 1926 cernet.
920 1893 979 1926 Vel
1006 1894 1193 1926 secundum
1213 1894 1472 1938 Symmachum:
1498 1908 1513 1925 «
1537 1905 1607 1927 non
1632 1892 1763 1927 videbit
1789 1894 1861 1938 ipse
1888 1895 2087 1939 corruptio-

417 1962 512 1987 116111,
534 1962 639 1995 quum
659 1950 825 1995 sapientes
845 1951 1028 1984 morientes
1047 1950 1181 1984 viderit.
1208 1965 1222 1982 »
1244 1952 1387 1984 Tantum
1406 1952 1534 1996 quippe
1553 1950 1596 1984 ab
1617 1951 1729 1996 impiis
1747 1951 1867 1988 distat,
1888 1956 1925 1984 ut
1944 1951 2026 1996 ipsis
2044 1962 2088 1984 ne

417 2009 450 2041 in
478 2014 587 2040 morte
612 2007 750 2052 quidem
778 2008 1071 2053 propinquaturus
1097 2009 1157 2045 sit;
1181 2008 1239 2041 sed
1267 2008 1385 2053 procul
1414 2020 1451 2041 ac
1476 2008 1582 2042 veluti
1602 2019 1620 2041 e
1641 2019 1788 2053 superna
1808 2008 1945 2053 specula
1969 2019 2087 2042 corru-

418 2066 568 2110 ptionem
594 2065 796 2109 sapientium
823 2065 1013 2098 auditurus.
1042 2066 1276 2106 Quorumnam
1303 2077 1385 2099 vero
1411 2065 1635 2111 sapientium.
1658 2066 1719 2098 nisi
1746 2076 1895 2110 quorum
1921 2066 2011 2098 Deus
2034 2077 2090 2099 sa-

417 2122 575 2167 pientiam
604 2121 805 2154 infatuavit?

1006 2189 1043 2211 Εἰ
1061 2196 1114 2211 ore
1131 2196 1184 2212 auo
1201 2189 1434 2216 complacebunt
1451 2189 1493 2218 (ι).

511 2238 594 2270 Cum
620 2248 702 2280 ergo
729 2249 807 2276 nos,
831 2239 937 2282 inquit
951 2264 959 2273 .
980 2239 1037 2282 qui
1058 2239 1148 2283 piam
1169 2250 1358 2284 puramque
1385 2239 1661 2284 praeoptavimus
1679 2239 1803 2277 vitam,
1827 2239 1868 2272 iis
1892 2239 1951 2284 qui
1970 2239 2018 2272 sic
2034 2238 2087 2271 vi-

416 2306 494 2328 vere
521 2306 589 2327 non
616 2301 883 2330 consueverunt.
906 2296 1117 2339 increpantes
1142 2295 1310 2329 dit-emus:
1334 2295 1439 2329 1101110
1462 2307 1569 2341 quum
1596 2296 1629 2328 in
1657 2296 1789 2329 honore
1815 2302 1917 2333 esset,
1939 2307 2007 2329 non
2034 2296 2087 2328 in—

416 2351 561 2389 tellexit,
585 2357 618 2384 et
643 2351 795 2395 reliqua:
818 2358 898 2384 tunc
923 2357 954 2385 et
982 2352 1064 2397 ipsi,
1085 2353 1214 2385 etiamsi
1242 2364 1332 2386 nune
1357 2353 1391 2385 id
1419 2352 1517 2386 fateri
1543 2352 1665 2386 uolunt
1691 2353 1775 2386 dum
1801 2354 1835 2386 in
1863 2353 1929 2386 hoc
1953 2352 2086 2386 mundo

414 2415 608 2446 versantur,
629 2414 746 2454 postea
766 2415 877 2442 tamen
897 2409 984 2441 dieta
1005 2415 1119 2442 nostra
1140 2409 1435 2455 comprobabunt:
1456 2422 1535 2443 nam
1552 2410 1646 2454 quod
1666 2412 1798 2444 veracia
1817 2410 1962 2448 fuerint,
1985 2422 2025 2444 ex
2047 2411 2087 2444 iis

415 2477 500 2509 quae
519 2465 582 2499 sibi
601 2472 789 2499 evenerunt
808 2467 952 2499 convicti
972 2467 1195 2499 consentient.
1219 2467 1282 2499 Sed
1303 2473 1333 2500 et
1354 2467 1418 2500 alia
1437 2479 1575 2513 quoque
1597 2468 1774 2513 profertur
1798 2469 1984 2513 scriptura:
2008 2474 2086 2514 post

417 2523 496 2556 haec
523 2534 583 2556 ore
609 2535 670 2556 suo
696 2522 897 2556 benedicent
918 2523 982 2568 (2);
1007 2535 1071 2569 pro
1096 2523 1299 2557 maledicent
1325 2524 1461 2557 sibimet
1488 2525 1569 2570 ipsi,
1593 2526 1738 2571 pertaesi
1765 2532 1903 2560 actuum
1928 2537 2084 2560 suorum.

417 2581 500 2612 Nam
527 2580 582 2613 illa
608 2580 683 2615 die.
706 2581 834 2625 inquit,
856 2592 974 2614 omnes
1000 2582 1223 2626 cogitationes
1248 2593 1368 2614 eorum
1395 2581 1568 2627 peribunt.

513 2692 547 2717 st)
568 2690 734 2723 Complaceo
755 2698 802 2724 pro
821 2691 983 2725 romprobo,
1005 2695 1062 2718 tum
1088 2691 1189 2725 vulgati
1212 2694 1268 2717 tuni
1293 2691 1373 2717 etiam
1393 2692 1419 2718 S.
1442 2691 1578 2719 Ambrosii
1600 2692 1634 2719 ad
1657 2692 1729 2719 bunc
1749 2692 1886 2726 psalmum
1907 2692 2082 2722 auctoritate,

417 2730 526 2757 videtur
545 2732 668 2759 collocari
689 2742 765 2767 posse
782 2735 809 2760 in
828 2734 872 2761 lat.
890 2735 997 2767 lexicis,
1014 2735 1171 2770 praesertim
1191 2743 1276 2769 quum
1292 2736 1345 2761 iani
1361 2735 1397 2762 ibi
1412 2736 1518 2767 legatur
1533 2736 1733 2771 complacitum
1746 2739 1786 2763 sit
1798 2745 1845 2771 pro
1860 2736 2081 2771 comprobatum.

516 2778 547 2801 ‘21
567 2776 676 2809 Legesis
695 2777 897 2805 adnotationem
917 2784 1038 2805 nostram
1061 2788 1085 2813 p.
1100 2788 1139 2813 gr.
1155 2782 1214 2806 343.
1236 2780 1282 2805 Est
1297 2783 1387 2806 autem
1408 2780 1488 2807 lectio
1504 2781 1689 2815 εὐλογησουσιν
1702 2801 1708 2812 ,
1721 2781 1896 2813 benedicent,
1911 2780 2084 2814 septuaginta

419 2818 594 2852 interpretum
614 2819 641 2845 in
661 2820 778 2848 editione
798 2830 892 2855 graeca
912 2823 1051 2855 vaticana,
1071 2831 1152 2858 quam
1172 2826 1326 2858 sequuntur
1344 2824 1472 2851 nonnulli
1492 2825 1570 2851 latini
1589 2829 1690 2852 veteres
1708 2824 1781 2860 apud
1799 2824 1978 2851 Sabaterium,
