2205 3177
847 156 878 178 m
905 156 1056 178 PSALMUM
1084 157 1194 180 xxxn.
1797 151 1861 183 1t7

185 221 219 254 in
239 231 383 265 persona
402 220 461 253 Dei
482 219 615 253 dicens:
637 226 888 265 congregentur
907 230 1013 264 aquae
1034 221 1067 253 in
1087 227 1242 265 stagnum
1263 232 1387 259 unum,
1409 227 1441 255 et
1461 228 1620 268 appareat
1642 223 1750 256 arida.
1773 225 1863 269 Ergo

184 276 364 322 abyssum,
386 288 473 322 quae
492 278 687 310 universam
714 283 839 310 terram
859 275 1045 310 absorbere
1072 284 1225 322 poterat,
1247 278 1362 312 (1111113
1382 279 1432 311 xis
1452 280 1655 313 circumfusa
1684 281 1767 314 utris
1790 283 1862 314 tice

184 335 356 371 continet:
376 341 407 368 et
434 335 528 379 quasi
556 334 748 372 retrahens,
770 333 862 367 haud
888 335 1016 378 patitur
1045 342 1179 378 praeter
1207 335 1400 380 adsignatos
1426 337 1488 382 ipsi
1514 337 1608 370 locos
1633 338 1810 371 excedere.

755 399 878 422 Timent
894 399 1063 422 Dominum
1079 401 1178 422 omnis
1197 403 1292 423 ten-ru.

282 451 382 492 Quod
410 463 478 484 non
507 451 649 487 frustra,
671 451 776 482 immo
795 460 877 482 xero
897 449 1044 485 utiliter,
1067 455 1096 482 et
1126 462 1189 494 pro
1216 452 1388 484 communi
1415 451 1509 484 bono
1537 454 1791 498 necessariaque
1811 465 1863 486 53-

188 510 275 547 11110,
299 509 380 543 11300
405 509 448 543 de
468 510 527 542 Dei
547 508 655 554 gloria
674 513 705 540 et
732 507 766 539 in
792 506 953 540 omnibus
973 507 1242 551 praeeminentia
1270 507 1449 542 nobiseum
1477 509 1580 543 xerba
1610 511 1741 546 fecerit,
1764 523 1862 556 prae—

185 567 380 602 cedentium
407 574 524 601 tenore
544 565 643 600 nobis
663 565 697 598 fit
718 564 947 610 exploratum.
976 566 1142 598 Hortatur
1161 566 1253 598 0111111
1273 567 1441 599 mundum
1469 569 1685 606 universum,
1707 581 1748 602 nc
1769 567 1864 614 post-

186 625 264 659 hinc
291 626 421 659 cultum
447 625 634 658 daemoniis
660 622 837 661 exhibeat,
860 622 918 656 sed
938 622 1056 656 divino
1076 633 1110 655 se
1129 629 1269 656 exornet
1291 625 1432 662 timore,
1455 631 1555 670 atque
1579 626 1613 658 in
1640 632 1789 659 mentem
1811 638 1864 659 re-

184 684 285 728 cipiat
312 694 390 716 eum
417 682 476 727 qui
501 681 615 715 omnia
645 686 775 726 potest,
803 681 862 725 qui
889 679 996 713 verbo
1022 692 1085 713 suo
1113 687 1231 713 cuncta
1260 680 1301 713 ad
1329 682 1542 715 existendum
1570 684 1722 721 xocavit,
1752 684 1864 717 caelos

184 740 349 779 lirmaxit,
370 740 525 773 omnium
551 749 667 771 rerum
692 735 945 771 subsistentiam
971 749 1009 771 ac
1035 738 1264 781 integritatem
1289 745 1484 776 conservat,
1508 750 1569 784 per
1595 741 1700 772 saneti
1720 741 1864 785 Spiritus

182 798 429 844 operationem.
460 796 541 829 Ideo
567 796 659 828 enim
685 795 728 829 de
754 795 869 828 (1111113
895 794 1004 839 gloria
1030 807 1224 828 sermonem
1252 795 1362 828 intulit
1384 796 1513 833 David.
1536 803 1570 830 ut
1599 809 1662 830 nos
1687 798 1806 831 insitae
1830 799 1863 831 in

182 854 345 888 ineffabili
367 854 424 887 Dei
444 859 565 887 natura
585 853 872 898 praeeminentiae
891 852 1162 897 magnitudinem
1182 853 1314 892 edocti,
1340 853 1537 887 abiiciamus
1564 855 1791 899 perniciosam
1811 867 1865 888 re-

181 913 243 946 ctis
268 911 432 957 operibus
451 911 677 956 exsequendis
697 911 890 956 segnitiem:
913 917 985 944 tuin
1012 916 1046 944 ut
1073 917 1232 956 suscepto
1251 912 1284 945 in
1306 911 1469 945 cordibus
1496 913 1620 945 nostris
1638 913 1697 945 Dei
1719 913 1861 952 timore,

181 969 377 1003 studeamus
403 970 497 1003 omni
523 970 571 1003 rei
599 968 729 1007 bonae,
751 975 851 1014 atque
876 969 921 1002 ita
940 969 983 1002 ad
1002 968 1266 1003 familiaritatem
1286 971 1358 1003 eius
1377 970 1628 1015 perx'eniamus.
1658 971 1743 1004 Nam
1769 971 1863 1016 quod

179 1027 336 1061 salutaris
363 1028 402 1060 sit
429 1028 489 1061 Dei
518 1027 620 1060 timor
647 1025 870 1072 diligentibus
896 1037 993 1064 011111,
1015 1026 1115 1060 docet
1143 1039 1205 1061 nos
1231 1038 1323 1060 sacra
1351 1028 1516 1073 scriptura
1539 1029 1548 1036 '
1571 1027 1637 1073 (ηε
1666 1029 1769 1061 timor
1794 1029 1864 1062 Do-

180 1086 284 1124 mini,
305 1086 434 1130 inquit,
457 1096 516 1119 eor
543 1083 746 1123 delectabit,
769 1083 933 1129 dabitque
960 1083 1122 1117 laetitiam
1148 1091 1181 1118 et
1207 1085 1370 1129 gaudium
1396 1091 1426 1119 et
1455 1086 1732 1131 longaevitatem.

535 1150 584 1173 Ab
601 1157 635 1172 (¹0
653 1152 757 1172 autem
774 1152 1023 1172 commoveantur
1039 1156 1143 1172 omnes
1159 1151 1376 1173 inhabitantes
1392 1152 1506 1173 orbem.

276 1201 421 1239 Audita,
444 1201 573 1246 inquit,
596 1201 752 1234 doctrina
772 1201 861 1237 eius,
884 1200 1002 1233 mundi
1024 1200 1156 1234 incolae
1177 1200 1354 1237 homines.
1376 1212 1393 1233 a
1414 1202 1529 1246 priore
1555 1212 1614 1234 sua
1640 1213 1744 1246 quam
1771 1207 1863 1235 tene-

180 1258 261 1292 bant
280 1259 442 1296 statione,
466 1258 500 1291 id
519 1265 566 1292 est
586 1258 800 1294 idololatria,
821 1264 1122 1295 commoxeantur,
1142 1259 1285 1291 creatori
1306 1259 1449 1304 proprio
1468 1258 1758 1304 obtemperantes.
1778 1260 1864 1293 Nam

180 1317 411 1353 commoveri,
434 1327 503 1350 non
531 1316 747 1361 corporalem
766 1322 898 1349 motum
926 1316 1000 1349 heic
1029 1316 1137 1349 innuit
1158 1323 1213 1349 ant
1235 1316 1335 1349 aliam
1356 1316 1553 1350 huiusmodi
1581 1318 1862 1355 concussioncm;

179 1373 238 1407 sed
264 1375 447 1419 inspiratae
474 1375 679 1419 scripturae,
703 1372 870 1418 nobisque
897 1374 983 1406 adeo
1009 1373 1065 1406 hic
1091 1385 1166 1407 mos
1192 1380 1261 1411 est,
1284 1380 1321 1407 ut
1346 1374 1517 1419 siquando
1536 1375 1666 1420 aliquid
1687 1376 1865 1421 insigniter

178 1430 252 1468 fiat,
275 1431 428 1464 dicamus
455 1430 574 1464 factam
596 1431 876 1464 commotionem.
900 1431 1011 1464 Veluti
1032 1442 1110 1464 eum
1136 1432 1289 1464 iumento
1315 1431 1467 1465 insidens
1494 1433 1604 1471 lesus,
1629 1434 1743 1478 pueris
1763 1433 1863 1478 l13m-

176 1499 259 1520 num
285 1488 315 1521 ei
335 1487 552 1527 canentibus,
574 1480 726 1521 aseendit
745 1487 1041 1533 Hierosolymam:
1063 1494 1142 1521 tunc
1169 1488 1390 1525 sollemnem,
1415 1490 1572 1535 inquam,
1594 1491 1784 1536 ingressum
1805 1502 1863 1524 ex—

175 1555 307 1590 ponens
332 1545 539 1590 evangelista
564 1545 720 1590 scripsit,
744 1557 785 1579 eo
812 1545 1026 1590 ingrediente
1052 1546 1349 1590 lrlierosolymam,
1372 1548 1446 1580 unii
1456 1559 1567 1581 ersam
1593 1549 1764 1582 civitatem
1790 1560 1862 1582 esse

175 1609 405 1641 commotam;
433 1614 558 1648 nempe
586 1609 622 1636 ut
648 1602 773 1636 diceret
789 1629 796 1639 ,
826 1603 999 1636 neminem
1026 1603 1179 1640 latuisse,
1208 1615 1395 1648 onmesque
1421 1616 1501 1638 eum
1527 1605 1726 1640 admiratos.
1756 1607 1804 1640 Ι13
1831 1614 1863 1640 01

174 1660 240 1694 hoc
266 1660 344 1694 loco
370 1660 539 1706 intelliges
566 1665 758 1693 commotos
784 1671 904 1693 01111105
930 1660 1050 1693 mundi
1078 1661 1226 1699 incolas,
1249 1662 1411 1695 attonitos
1437 1662 1597 1696 videlieet
1621 1669 1655 1696 et
1682 1665 1861 1701 mirantes,

174 1724 210 1750 ut
238 1718 304 1751 iam
330 1729 434 1751 nemo
459 1718 519 1752 Dei
545 1717 693 1763 gloriam
719 1718 870 1762 ignoret,
892 1724 925 1752 et
951 1718 1171 1752 celsissimam
1199 1719 1319 1752 insitae
1346 1719 1396 1752 illi
1424 1721 1598 1766 potentiae
1624 1722 1864 1766 praeeminen-

173 1775 306 1820 tiaeque
331 1775 547 1821 dignitatem.

453 1841 609 1868 Quoniam
627 1843 692 1869 ipse
709 1842 791 1864 dixit
808 1844 839 1865 et
856 1843 941 1865 facta
958 1845 1050 1870 sunt,
1067 1844 1133 1870 ipse
1149 1844 1311 1877 mandavit
1328 1846 1357 1866 et
1376 1847 1481 1867 ereata
1499 1847 1583 1868 sunt.

269 1892 345 1924 Fuit
370 1892 461 1925 enim
488 1892 560 1937 ipsc
587 1898 619 1924 ct
646 1899 714 1929 est,
737 1903 800 1925 nos
828 1898 941 1926 autem
965 1894 1068 1926 creati
1097 1905 1158 1939 per
1183 1894 1301 1927 vivens
1327 1894 1399 1927 eius
1418 1901 1449 1928 et
1471 1894 1760 1930 consubstantiale
1779 1898 1862 1930 Ver—

171 1948 275 1987 bum,
297 1949 392 1995 quod
412 1956 464 1984 est
482 1949 637 1983 eiusdem
663 1951 830 1996 sapientia
850 1962 887 1984 ae
906 1951 1027 1985 virtus.
1058 1952 1128 1985 lam
1155 1958 1186 1985 et
1206 1951 1417 1985 vocabulum
1439 1967 1453 1983 «
1478 1953 1673 1992 mandavit,
1698 1968 1713 1985 »
1737 1967 1779 1988 ne
1799 1954 1863 1988 1111-

170 2018 274 2041 mano
299 2019 396 2043 more
423 2008 597 2045 aestimes;
620 2007 678 2041 sed
699 2014 819 2054 reputa
839 2010 973 2054 potius,
996 2009 1090 2054 quod
1114 2011 1216 2043 etiam
1242 2010 1466 2044 illiberalium
1493 2012 1618 2045 artium
1645 2013 1762 2058 periti,
1784 2025 1861 2046 eum

170 2065 310 2110 aliquod
338 2071 460 2099 notum
487 2065 550 2098 sibi
578 2065 756 2111 opificium
783 2067 972 2100 machinari
991 2067 1130 2105 volunt,
1152 2068 1315 2101 mandant
1343 2069 1600 2114 propemodum
1619 2071 1760 2116 peritiae
1781 2082 1862 2116 pro-

171 2124 263 2168 priae
290 2130 323 2158 et
350 2123 431 2161 arti,
453 2123 536 2156 (lum
565 2123 599 2156 id
624 2124 747 2157 xolunt
774 2125 931 2169 operari:
953 2125 1144 2169 mentisque
1172 2125 1212 2159 ad
1240 2137 1328 2171 opus
1350 2126 1545 2160 faciendum
1564 2129 1768 2173 propensio,
1792 2129 1861 2161 vim

170 2180 320 2215 mandati
347 2182 596 2226 spontaneique
622 2188 736 2215 motus
763 2181 879 2215 habet.
908 2182 1066 2216 Ceterum
1094 2184 1128 2216 in
1156 2183 1354 2217 hominibus
1384 2184 1632 2218 insubstantiva
1660 2197 1721 2231 per
1747 2198 1782 2219 se
1812 2193 1859 2219 est

168 2240 333 2284 cuiusque
353 2239 535 2284 sapientia,
558 2246 588 2271 ct
617 2240 684 2277 vis;
708 2240 740 2272 in
762 2241 833 2273 Deo
855 2252 923 2274 non
943 2241 1037 2274 item.
1067 2240 1222 2274 Subsistit
1243 2243 1334 2275 enim
1354 2241 1525 2279 Verbum.
1546 2254 1609 2288 per
1627 2243 1721 2291 quod
1745 2244 1861 2277 omnia

170 2296 267 2335 facit,
289 2308 350 2342 per
376 2297 511 2330 insitam
539 2309 663 2342 nempe
683 2296 731 2330 illi
753 2299 914 2330 xii—tutem
943 2304 1044 2343 atque
1063 2299 1276 2344 sapientiam.
1300 2319 1322 2324 —
1343 2299 1475 2333 Videsis
1503 2305 1635 2337 3111010,
1657 2301 1752 2345 quod
1773 2300 1862 2334 (1110-

168 2353 232 2388 bus
258 2353 357 2388 dictis
384 2354 576 2399 prioribus,
599 2366 723 2400 nempe
745 2356 859 2388 timeat
880 2356 993 2388 omnis
1013 2362 1103 2390 terra
1117 2383 1124 2395 ,
1146 2363 1179 2390 et
1206 2364 1490 2391 commoveantur
1509 2369 1630 2392 omnes
1649 2359 1682 2391 in
1703 2356 1862 2392 habitan-

167 2417 215 2445 tes
235 2411 374 2450 orbem,
391 2411 462 2445 duo
482 2412 701 2457 superaddit:
720 2413 792 2458 ipse
811 2413 897 2447 (lixit
916 2420 949 2447 et
969 2413 1056 2448 facta
1074 2421 1171 2453 sunt;
1194 2426 1256 2448 nec
1278 2427 1365 2453 non,
1390 2415 1563 2449 mandavit
1581 2422 1614 2449 01
1634 2423 1745 2450 creata
1766 2423 1857 2450 sunt.

168 2469 253 2502 Nam
279 2469 358 2513 quia
385 2470 597 2514 compositus
623 2476 671 2503 est
698 2470 806 2504 homo
833 2483 873 2504 ex
902 2477 1040 2505 terreno
1068 2472 1250 2517 plasmate,
1278 2479 1312 2506 et
1336 2472 1549 2506 inhabitante
1576 2485 1701 2520 corpus
1727 2475 1859 2511 anima:

167 2531 258 2560 terra
283 2526 425 2571 quidem
445 2527 479 2560 id
498 2527 643 2566 dicitur,
669 2529 764 2573 quod
785 2528 828 2562 de
848 2535 936 2563 terra
960 2529 1150 2563 formatum
1169 2537 1238 2567 051;
1260 2531 1371 2564 incola
1391 2537 1505 2564 autem
1523 2530 1637 2568 orbis,
1660 2543 1697 2565 ea
1717 2543 1804 2577 quae
1825 2533 1858 2565 in

166 2595 315 2629 corpore
332 2585 451 2618 sortita
470 2591 520 2618 est
540 2586 725 2619 incolatum
746 2588 871 2621 anima.
890 2588 1144 2621 Conx‘enienter
1162 2588 1276 2633 itaque
1297 2594 1425 2627 terrae,
1443 2589 1475 2621 id
1497 2595 1544 2622 051
1566 2589 1721 2635 plasmati
1740 2596 1860 2624 nostro

263 2698 298 2726 (1)
319 2694 526 2729 Aninmdverte,
548 2696 650 2723 librum
671 2697 856 2726 aeclesiastici
876 2699 1006 2734 appellari
1028 2707 1041 2726 a
1063 2699 1166 2734 Cyrilto
1185 2707 1301 2725 sacram
1321 2698 1494 2734 scripturam.
1514 2699 1588 2726 Idem
1609 2699 1729 2735 Cyrillus
1748 2701 1777 2727 111
1798 2709 1858 2727 ora-

165 2740 238 2766 tione
253 2739 354 2774 Ephesi
374 2740 465 2767 habita
487 2745 549 2767 ante
569 2749 650 2776 quam
665 2750 678 2768 a
694 2742 799 2769 Comite
819 2744 1096 2778 comprehenderetur
1117 2743 1234 2770 eundem
1251 2743 1474 2770 Ecclesiasticum
1495 2745 1582 2771 citans
1598 2746 1650 2777 (ll.
1668 2747 1712 2777 1.)
1729 2746 1857 2772 divinam

163 2784 328 2819 scripturam
348 2785 476 2820 appellat.
499 2786 628 2813 Libenter
647 2786 712 2813 haec
733 2786 849 2819 adnoto,
870 2788 960 2815 oblata
981 2789 1138 2820 occasione,
1160 2792 1269 2823 propter
1290 2787 1470 2816 heterodoxos
1489 2789 1536 2824 qui
1557 2789 1681 2817 nondum
1702 2790 1754 2818 sibi
1775 2791 1858 2818 liuius

165 2828 228 2856 libri
251 2828 372 2856 divinam
391 2830 582 2857 auctoritatem
603 2830 762 2866 persuaderi
782 2832 932 2867 patiuntur.

1905 1047 1911 1055 ⁸
1930 1045 1995 1067 ticcli.
2014 1046 2028 1066 1.
2049 1050 2077 1066 ivr.
