2205 3177
423 215 466 246 62
927 222 954 244 s.
983 222 1109 244 cvnitm
1137 223 1358 245 ALssxAxmuxi
1386 223 1590 247 fierANATio

421 290 548 321 tionem
574 286 799 331 impediente.
822 286 977 319 notitiam
1003 286 1145 332 quidem
1170 288 1341 321 Trinitatis
1367 286 1551 326 habemus,
1573 289 1618 322 ita
1644 294 1756 324 tamen
1776 296 1813 324 ut
1833 290 1916 324 haec
1941 289 2097 325 sublimis

423 346 539 379 notitia
567 344 656 377 haud
683 342 813 377 xii-ibus
840 344 965 377 nostris
992 345 1137 382 nitatur.
1158 345 1217 378 sed
1247 347 1302 380 Dei
1329 347 1455 379 virtute
1482 345 1583 379 nobis
1608 346 1808 381 innotescat.

239 418 285 437 (Η.
310 418 331 437 μ
362 421 373 433 s
873 409 911 431 ln
928 410 1048 432 eunctis
1066 410 1230 438 tribulati,
1246 412 1297 433 secl
1316 417 1376 433 non
1395 411 1571 438 angustiant
1587 412 1644 434 etc.

512 458 735 504 Exploratum
754 465 803 492 est
823 465 958 492 sanctos
978 458 1150 495 homines,
1169 467 1311 505 propter
1330 471 1424 493 suam
1445 461 1479 493 in
1494 461 1603 494 Deum
1623 461 1801 505 pietatem,
1819 468 1965 496 mortem
1984 464 2095 508 ipsam

419 516 631 549 intonuisse:
655 521 802 549 attamen
823 516 953 549 etiamsi
974 517 1042 561 pati
1063 517 1144 562 ipsis
1163 518 1322 560 contigit,
1344 518 1463 550 vivunt
1484 523 1614 555 tamen,
1635 518 1714 562 quia
1734 518 1823 563 apud
1846 519 1952 553 Deum
1970 520 2094 553 victuri

217 593 221 597 -
239 589 281 615 §.p
307 589 335 609 ιη
418 579 508 605 sunt.
532 573 644 617 Atque
664 578 699 606 ut
719 572 845 606 dieitur
864 574 897 606 in
917 574 1107 618 Sapientiae
1128 572 1218 606 libro
1240 574 1267 606 ':
1290 574 1350 607 sisi
1371 580 1448 607 sunt
1466 574 1576 607 oculis
1599 573 1780 608 hominum
1805 576 1913 614 mori.
1934 582 1967 610 et
1992 588 2094 622 repu-

418 637 506 663 tatus
524 636 571 663 est
593 629 708 663 infelix
734 631 842 664 exitus
869 631 1042 676 ipsorum,
1063 637 1095 664 et
1115 630 1283 664 discessus
1301 642 1319 664 a
1339 630 1438 664 nobis
1457 631 1647 665 calamitas:
1670 637 1783 665 tamen
1803 633 1836 665 in
1856 644 1938 678 pace
1956 645 2095 668 versan-

418 693 489 723 tur.
511 699 655 732 spesque
675 699 795 721 eorum
816 688 1073 721 immortalitate
1094 688 1193 732 plena
1213 693 1260 721 est
1283 687 1342 732 (1).
1367 702 1382 720 »
1409 689 1498 729 Quid
1518 695 1632 723 autem
1651 689 1694 723 de
1714 689 1766 722 his
1784 689 1970 724 sudoribus
1988 692 2097 724 existi-

309 766 329 782 μ
348 764 376 781 ιω,
417 745 582 778 mundum
608 746 669 783 sit,
691 745 839 779 declarat
868 757 986 779 rursus
1014 745 1137 779 Paulus
1163 746 1216 778 his
1239 744 1373 779 xcrbis:
1394 757 1528 791 semper
1552 745 1852 781 mortificationem
1870 747 1945 781 Iesu
1963 748 1998 781 in
2017 758 2096 782 cor-

416 814 499 847 pore
525 803 822 841 circumferentes,
848 810 883 837 ut
910 809 941 837 et
969 804 1037 836 vita
1066 803 1139 836 lesu
1166 803 1198 835 in
1227 814 1372 848 corpore
1398 810 1516 838 nostro
1542 804 1788 838 manifestetur.
1817 804 1998 850 Duplicem
2022 816 2097 840 esse

416 860 561 893 dicimus
589 860 881 899 mortificationis,
902 872 990 905 quae
1010 860 1084 893 heic
1105 861 1276 897 innuitur.
1297 860 1456 894 modum:
1478 862 1573 906 prior
1598 869 1648 896 est
1673 862 1830 896 mentalis
1854 873 1893 896 ac
1910 861 2091 907 spiritalis,

417 918 502 951 alter
527 918 570 951 de
594 920 750 963 eorporis
777 930 877 951 sensu
905 918 1120 963 intelligitur.
1150 919 1240 951 Deus
1258 930 1333 951 cum
1354 924 1460 958 esset,
1481 925 1514 952 et
1533 930 1551 953 a
1575 920 1646 954 Deo
1664 926 1778 953 ortum
1799 920 1999 954 naturaliter
2016 920 2096 954 uni-

415 976 568 1019 genitum
594 975 746 1009 eiusdem
765 975 934 1013 Verbum,
957 976 1136 1020 propriam
1156 975 1235 1008 fecit
1259 987 1397 1009 carnem
1423 987 1510 1021 quae
1529 976 1572 1010 de
1590 982 1680 1011 terra
1701 983 1792 1016 erat,
1813 982 1846 1011 et
1871 977 2009 1011 mortali
2028 976 2095 1011 hoc

417 1039 517 1077 atque
537 1032 687 1066 humano
707 1033 865 1066 indutum
885 1038 935 1065 est
955 1043 1122 1077 corpore,
1143 1033 1255 1066 anima
1281 1033 1435 1078 praedito
1457 1033 1627 1067 rationali.
1656 1034 1802 1074 Quinam
1821 1040 1934 1068 autem
1953 1035 2025 1068 eius
2042 1035 2093 1068 rei

419 1102 541 1135 scopus
569 1090 654 1124 fuit‘?
681 1091 810 1135 Nempe
831 1096 867 1123 ut
894 1096 1071 1135 peccatum
1098 1090 1321 1124 mortificaret
1347 1091 1381 1123 in
1406 1102 1523 1130 earne,
1545 1097 1646 1136 atque
1664 1098 1703 1125 ut
1721 1092 1982 1137 congenitorum
2002 1091 2037 1125 in
2055 1102 2094 1126 ea

256 1162 293 1181 m.
307 1166 322 1186 p
417 1154 591 1185 motuum,
613 1148 671 1192 qui
700 1148 741 1180 ad
770 1154 886 1193 turpes
914 1147 1108 1193 voluptates
1133 1147 1335 1193 impellunt,
1356 1148 1533 1182 stimulum
1551 1147 1772 1183 obtunderet.
1800 1150 1918 1194 Neque
1935 1160 2020 1183 vero
2041 1149 2094 1183 sui

415 1216 512 1237 rausa
532 1204 684 1238 Verbum
703 1206 812 1242 Deus,
834 1205 991 1251 superior
1017 1216 1052 1239 se
1072 1204 1286 1250 passionibus
1313 1204 1413 1239 nobis
1431 1205 1598 1239 ostendit:
1619 1217 1689 1239 non
1714 1207 1808 1240 enim
1827 1206 1899 1251 ipse
1917 1212 2095 1252 peccatum

415 1262 528 1299 novit,
548 1261 607 1295 sed
635 1262 828 1295 universam
848 1262 960 1295 voluit
983 1263 1018 1295 in
1038 1273 1073 1295 se
1094 1261 1243 1296 hominis
1262 1268 1418 1295 naturam
1447 1268 1675 1296 transmutare
1694 1262 1737 1296 ad
1755 1263 1859 1296 vitam
1884 1267 2035 1296 sanctam
2060 1268 2096 1296 et

415 1319 772 1365 inreprehensibilem,
793 1332 864 1365 quo
892 1326 1048 1365 tempore
1077 1320 1184 1354 factus
1209 1325 1259 1353 est
1286 1319 1410 1359 homo,
1432 1326 1464 1354 et
1490 1321 1523 1353 in
1543 1321 1655 1366 specie
1680 1326 1796 1354 nostra
1815 1320 2095 1365 conspiciendum

414 1389 447 1410 se
474 1376 612 1411 obtulit.
642 1378 774 1411 Primus
800 1378 892 1411 enim
919 1377 961 1411 ad
989 1378 1102 1411 omnia
1130 1377 1216 1415 fuit,
1240 1384 1276 1411 ut
1299 1385 1333 1411 ct
1359 1389 1422 1411 nos
1447 1379 1589 1423 vestigia
1612 1379 1684 1412 eius
1703 1384 1886 1417 sectantes,
1907 1377 2095 1412 habeamus

413 1435 446 1467 in
466 1434 566 1468 nobis
585 1436 666 1480 ipsis
684 1434 1002 1474 mortificationem,
1024 1435 1057 1469 id
1077 1442 1128 1469 est
1145 1436 1377 1480 quiescentem
1399 1436 1435 1468 in
1454 1447 1555 1469 carne
1572 1436 1643 1469 vim
1661 1436 1807 1481 peceati;
1829 1441 1930 1480 atque
1948 1436 1994 1468 ita
2014 1446 2095 1480 pos-

412 1492 517 1525 simus
543 1492 630 1526 x’itae
657 1504 764 1537 genus
790 1493 1028 1526 criminatione
1052 1493 1173 1537 quavis
1201 1491 1349 1526 liberum
1376 1503 1592 1538 recuperare.
1621 1492 1685 1526 Sed
1712 1492 1780 1526 alio
1807 1503 1946 1537 quoque
1972 1503 2091 1529 sensu,

410 1560 500 1594 quae
518 1549 593 1583 heic
617 1549 743 1583 dieitur
762 1550 837 1583 lesu
855 1548 1077 1584 mortificatio
1100 1549 1154 1583 iel
1174 1550 1263 1587 vita,
1284 1548 1428 1594 intelligi
1447 1555 1571 1594 potest.
1600 1549 1721 1583 Factus
1739 1555 1789 1583 est
1814 1549 1906 1582 enim
1928 1547 2094 1583 obediens

190 1621 197 1627 ·
214 1617 288 1644 pnffip
313 1618 339 1639 n.
355 1621 374 1638 r«.
415 1607 485 1640 Deo
512 1608 619 1653 patri,
641 1608 689 1641 uti
709 1608 874 1653 seriptum
893 1614 945 1641 est
965 1607 994 1646 ⁹,
1016 1619 1126 1652 usque
1145 1607 1187 1641 ad
1207 1607 1317 1652 ipsam
1340 1613 1503 1645 mortem,
1525 1607 1741 1653 animamque
1766 1618 1862 1641 suam
1880 1618 1945 1652 ppo
1969 1605 2096 1641 ovibus

415 1666 541 1710 posuit.
570 1666 812 1699 Verumtamen
839 1665 942 1699 semel
971 1671 1111 1710 peccato
1138 1671 1295 1698 mortuus
1320 1671 1390 1703 est,
1411 1664 1446 1698 id
1472 1670 1521 1698 est
1547 1675 1613 1710 pro
1637 1664 1757 1698 mundi
1784 1670 1941 1710 peccato;
1962 1665 2095 1710 positus

411 1723 502 1755 enim
522 1723 584 1756 fuit
603 1723 801 1769 propitiatio
822 1734 883 1768 per
902 1721 1028 1756 fidem:
1049 1722 1144 1768 quod
1164 1728 1277 1756 autem
1303 1723 1404 1759 vivit,
1425 1722 1498 1755 Deo
1515 1722 1611 1755 vivit.
1633 1722 1730 1756 Hanc
1747 1732 1831 1767 ergo
1849 1722 1925 1755 Iesu
1946 1721 2096 1755 mortifi—

412 1781 599 1819 cationem,
621 1792 708 1826 quae
729 1792 791 1827 per
815 1781 985 1814 cruciatus
1002 1779 1044 1813 ad
1068 1786 1215 1813 mortem
1235 1790 1343 1824 usque
1371 1779 1552 1825 pertingit,
1572 1779 1608 1812 in
1633 1779 1702 1813 suis
1722 1777 1927 1824 corporibus
1944 1779 2093 1813 circum-

414 1837 525 1870 ferunt
544 1839 677 1882 mystici
695 1839 875 1877 doctores,
897 1844 935 1871 ut
954 1843 987 1872 et
1007 1838 1075 1871 vita
1095 1838 1187 1875 lesu,
1209 1838 1296 1871 sieut
1314 1838 1386 1882 ipse
1404 1837 1484 1870 dicit
1498 1863 1506 1876 ‚
1528 1837 1561 1870 in
1581 1835 1787 1882 corporibus
1805 1836 1931 1870 nostris
1948 1835 2093 1870 manife-

412 1901 530 1928 stetur.
554 1895 675 1929 Vivent
694 1896 785 1928 enim
803 1902 837 1929 et
855 1896 918 1940 ipsi
938 1896 1010 1928 Deo
1030 1901 1181 1928 sanctam
1200 1901 1231 1928 et
1252 1893 1597 1939 inreprehensibilem
1620 1893 1823 1939 beatamque
1844 1893 1963 1926 vitam.
1989 1892 2092 1933 Quod

412 1958 524 1985 autem
543 1951 586 1985 de
605 1952 668 1986 hac
694 1965 812 1999 reapse
839 1959 872 1986 et
893 1951 1157 1986 mortificatione
1177 1958 1210 1986 ct
1236 1953 1303 1985 vita
1330 1952 1491 1997 loquatur
1516 1951 1711 1997 apostolus,
1734 1962 1826 1984 nunc
1843 1956 1935 1985 certe
1953 1958 2095 1996 praece-

411 2009 496 2043 dens
514 2022 653 2055 quoque
672 2012 837 2044 sententia
858 2009 1055 2047 testabitur.
1078 2010 1112 2043 in
1131 2021 1199 2055 qua
1219 2010 1446 2043 tentationum
1470 2015 1571 2055 atque
1597 2008 1757 2042 laborum
1774 2008 1904 2042 mentio
1928 2007 1986 2047 fit,
2006 2018 2095 2053 quos

412 2079 490 2101 eum
511 2068 664 2113 perferre
683 2080 819 2103 necesse
839 2075 906 2107 est.
923 2069 982 2114 qui
1003 2068 1213 2113 apostolatus
1230 2068 1363 2101 felicem
1382 2079 1519 2101 cursum
1539 2078 1702 2113 peragere
1720 2066 1826 2100 volet.
1842 2067 1962 2111 Neque
1975 2076 2040 2100 nos
2057 2065 2093 2099 in

413 2124 477 2159 hac
495 2127 658 2171 opinione
678 2127 785 2160 secius
803 2125 1023 2160 confirmabit
1035 2152 1043 2164 ,
1061 2126 1143 2159 dum
1163 2125 1252 2159 dieta
1267 2137 1326 2159 sua
1341 2125 1447 2159 xeluti
1463 2126 1690 2171 interpretans
1709 2124 1781 2158 illic
1794 2123 1889 2158 addit
1908 2124 2091 2158 continuo:

305 2199 313 2212 x
343 2197 371 2214 ii.
643 2191 770 2219 Semper
786 2193 870 2214 enim
886 2198 941 2215 nos
957 2193 1011 2218 qui
1029 2192 1174 2218 vivimus,
1190 2192 1223 2214 in
1241 2198 1343 2214 necem
1360 2192 1518 2214 tradimur
1533 2192 1663 2218 propter
1680 2191 1783 2213 lesum
1801 2192 1859 2213 etc·

506 2242 566 2275 His
591 2241 706 2275 verbis
727 2241 960 2278 demonstrat.
983 2242 1060 2275 illos
1087 2252 1226 2286 quoque
1252 2241 1398 2274 libenter
1417 2242 1528 2275 carnis
1554 2247 1702 2274 mortem
1727 2240 1796 2285 pati
1820 2239 1929 2277 velle,
1951 2244 2095 2285 propter

411 2300 534 2333 Christi
559 2299 774 2344 religionem.
804 2301 923 2345 Neque
942 2300 1033 2334 enim
1052 2300 1115 2345 ipsi
1142 2301 1330 2345 praesentia
1357 2299 1417 2333 sed
1445 2299 1560 2333 futura
1583 2299 1698 2344 potius
1722 2302 1889 2343 spectant.
1917 2297 2094 2337 Quaenam

411 2364 525 2391 autem
543 2363 594 2391 est
612 2359 680 2391 vita
696 2357 794 2391 lesu?
807 2358 938 2403 Nempe
956 2356 1280 2403 incorruptibilitas,
1297 2356 1536 2395 sanctificatio,
1552 2356 1663 2407 glori-a
1676 2366 1799 2401 magna
1814 2361 1848 2388 et
1862 2354 1942 2388 huic
1959 2352 2093 2387 mundo

410 2416 581 2461 superior.
608 2415 696 2449 Talis
725 2415 816 2448 enim
842 2414 942 2448 nobis
965 2426 1028 2448 suo
1055 2421 1209 2459 tempore
1229 2413 1427 2460 apparebit,
1449 2425 1528 2448 cum
1547 2413 1647 2448 nobis
1665 2413 1846 2447 desursum
1869 2424 1887 2446 e
1914 2411 2010 2446 caelo
2028 2410 2091 2444 de-

411 2472 549 2507 scendet
574 2472 696 2510 iudex,
717 2472 988 2517 reformabitque
1017 2472 1118 2505 etiam
1144 2483 1270 2517 corpus
1289 2471 1489 2505 humilitatis
1516 2478 1652 2505 nostrae
1671 2470 1849 2504 conforme
1868 2469 2006 2515 corpori
2023 2468 2093 2514 glo-

412 2532 503 2565 rioso
529 2542 613 2569 suo,
636 2542 698 2576 per
722 2542 797 2563 eam
822 2531 985 2563 xirtutem
1010 2541 1077 2574 qua
1103 2530 1217 2562 omnia
1244 2535 1353 2574 potest
1377 2527 1440 2563 sibi
1467 2528 1647 2563 subiicere.
1676 2527 1910 2569 Quamobrem
1936 2527 1970 2559 in
1989 2524 2090 2559 nobis

250 2598 287 2616 nr.
303 2604 323 2622 as.
341 2602 364 2616 π
411 2589 551 2632 quidem
577 2600 670 2623 mors
694 2595 877 2633 operatur,
899 2588 967 2621 vita
994 2593 1107 2620 autem
1135 2587 1167 2619 in
1195 2585 1305 2619 vobis.
1336 2587 1457 2620 Imitati
1484 2592 1560 2620 sunt
1588 2587 1680 2620 enim
1704 2585 1883 2619 dominum
1908 2594 2009 2617 suum
2026 2581 2092 2615 do-

409 2651 518 2679 ctores
544 2646 683 2683 mundi:
706 2658 855 2691 suasque
883 2646 1012 2678 animas
1030 2650 1239 2689 posuerunt.
1262 2650 1299 2676 ut
1326 2655 1388 2677 nos
1413 2643 1611 2678 deerrantes
1638 2643 1741 2682 olim,
1762 2643 1868 2676 vitam
1894 2653 1935 2675 ex
1959 2639 2029 2673 fide
2056 2639 2091 2671 in

410 2702 580 2736 Christum
607 2703 836 2737 lucraremur.
866 2701 1099 2743 Quamobrem
1123 2701 1216 2734 aiunt
1244 2702 1437 2745 psalmistae
1462 2712 1547 2734 voce
1570 2700 1677 2734 veluti
1704 2700 1846 2733 domino
1868 2703 1988 2731 nostro
2017 2696 2092 2729 lesu

183 2767 373 2788 ¹P=.XL111.22.
413 2758 563 2791 Christo:
588 2766 728 2805 propter
753 2766 785 2793 tc
815 2758 1065 2793 mortificamur
1088 2764 1157 2791 tota
1183 2757 1258 2795 die,
1281 2758 1427 2802 reputati
1453 2769 1570 2791 sumus
1594 2758 1681 2791 sicut
1705 2768 1786 2791 oves
1810 2754 1990 2789 occisionis
2009 2753 2035 2786 '.

510 2846 543 2873 ‘ll
563 2843 644 2869 Vides
663 2843 764 2870 librum
784 2843 941 2878 Sapientiae
963 2850 1026 2869 cuin
1047 2841 1148 2869 honore
1167 2841 1280 2868 citatum
1300 2848 1314 2867 a
1335 2840 1453 2876 Cyrillo,
1473 2844 1505 2868 ut
1524 2840 1589 2867 facit
1613 2840 1698 2868 etiam
1720 2842 1813 2865 contra
1832 2836 1899 2869 tul.‚
1919 2839 1947 2863 et
1961 2834 1995 2863 de
2011 2835 2088 2862 Trin.

413 2890 440 2914 et
458 2885 485 2912 in
508 2886 621 2917 lsaiain,
643 2890 670 2913 et
691 2888 719 2913 in
742 2887 799 2913 Iob.
