2205 3177
861 251 892 272 'N
919 250 1069 271 PSALMUM
1097 251 1151 272 xL.
1780 237 1844 270 187

385 322 510 344 {nimici
527 322 677 343 dixerunt>
692 319 778 342 mala
795 318 889 340 mihi:
906 318 1032 343 quando
1048 318 1216 344 morietur,
1232 318 1263 339 et
1280 317 1398 343 peribit
1416 323 1525 339 nomen
1543 316 1626 338 eins?

261 378 427 421 Deinceps
452 375 683 409 introducitur
702 373 824 406 Christi
845 382 1008 416 persona,
1032 382 1174 404 narrans
1193 382 1230 404 ea
1250 382 1337 416 quae
1357 370 1419 404 sibi
1441 383 1458 404 a
1480 370 1612 404 ludaeis
1632 369 1825 403 acciderunt
1838 396 1845 405 ,

168 448 255 481 quos
280 435 383 468 etiam
409 434 564 467 inimicos
591 430 759 477 appellat,
780 429 973 462 invidentes
998 429 1046 466 ei,
1070 440 1255 473 necemque
1282 428 1534 462 machinantes:
1557 428 1614 472 qui
1641 438 1749 472 quum
1776 438 1849 460 cer-

171 499 290 528 nerent
317 503 443 525 nomen
469 492 540 524 eius
567 490 690 522 virtute.
710 487 816 520 multa
844 486 1057 532 praeditum,
1080 486 1167 519 adeo
1188 493 1221 519 ut
1243 498 1304 531 per
1330 486 1417 519 illud
1439 486 1562 530 impuri
1589 486 1728 530 spiritus
1754 484 1851 529 suga-

172 558 307 588 rentur,
329 557 362 583 et
388 548 531 595 quilibet
558 545 701 580 morbus
727 551 921 581 sanaretur,
944 545 1178 577 existimarunt
1199 555 1234 576 se
1255 555 1352 588 posse
1372 544 1501 587 ipsum.
1524 554 1630 587 acque
1657 554 1693 575 ac
1720 548 1851 575 eeteros

173 610 345 643 homines.
368 613 478 640 morte
504 606 715 649 extinguere.
746 605 785 636 At
806 603 897 636 enim
924 602 1082 638 ecclesia,
1104 602 1311 634 contrariam
1330 601 1453 634 Christi
1473 599 1630 633 hostibus
1649 600 1851 633 sententiam

172 678 313 712 gerens,
337 674 518 711 personam
537 663 609 695 eius
629 659 776 694 celebrat
805 661 838 693 in
865 660 1002 704 hymnis
1026 670 1149 692 canens
1171 659 1198 690 ':
1221 669 1354 691 memor
1380 669 1440 690 ero
1467 658 1615 690 nominis
1634 658 1681 689 tui
1702 658 1736 690 iu
1756 657 1851 690 omni

172 724 391 770 generatione
417 727 449 754 et
475 720 707 765 generatione.
738 719 837 751 Item:
860 723 1073 762 unguentum
1099 716 1144 760 (l)
1170 715 1316 749 effusum
1345 727 1469 748 nomen
1498 721 1593 748 tuum
1614 718 1637 747 '.
1667 715 1733 748 Scit
1759 714 1850 748 enim

173 782 339 815 donatum
366 779 414 812 illi
441 789 511 812 esse
538 788 684 813 nomen,
707 775 803 821 quod
830 781 877 808 est
904 786 1007 820 super
1033 785 1135 807 omne
1162 785 1301 807 nomen,

583 842 623 865 ΕΙ,
639 843 666 864 si
684 842 923 871 ingrediebatur
941 843 976 862 ut
994 840 1128 866 videret,
1145 846 1225 861 vana
1242 839 1440 865 loquebatur.

269 898 465 929 Sermonem
493 893 674 938 prophetia
702 892 861 925 transfert
888 891 929 924 ad
959 891 1094 927 ludam,
1117 889 1365 934 ingredientem
1384 887 1525 932 quidem
1552 887 1599 919 uti
1626 885 1854 931 discipulum,

174 954 230 987 sed
259 953 301 985 de
326 952 473 985 Domino
499 949 658 996 improbe
686 949 883 993 loquentem
910 953 941 981 et
969 949 1193 993 cogitantem,
1215 953 1247 979 et
1274 958 1351 979 cum
1371 944 1504 978 Iudaeis
1531 944 1775 989 paciscentem,
1797 944 1855 988 qui

174 1009 261 1044 mala
288 1014 406 1042 contra
426 1009 609 1041 Dominum
637 1007 776 1040 consilia
798 1005 946 1043 inibant,
970 1006 1149 1050 ipsumque
1176 1005 1281 1037 inrita
1300 1003 1375 1047 lege.
1396 1003 1612 1035 innocentem
1633 1000 1789 1033 occidere
1808 999 1857 1033 fe-

173 1066 357 1101 stinabant.
380 1067 470 1111 Ergo
487 1066 609 1102 ceteri,
633 1065 758 1109 inquit,
781 1063 927 1099 inimici,
951 1061 1205 1108 propemodum
1225 1061 1396 1094 dicentes:
1418 1070 1522 1104 grave
1542 1057 1642 1091 nobis
1662 1064 1711 1090 est
1732 1057 1784 1090 vel
1806 1058 1858 1102 ip—

174 1137 250 1159 sum
268 1124 404 1161 videre;
427 1134 543 1156 necem
570 1123 599 1155 ei
628 1121 810 1167 parabant;
833 1121 932 1154 ludas
958 1131 1040 1153 xero
1066 1118 1325 1164 ingrediebatur
1345 1118 1393 1150 uti
1414 1116 1593 1150 familiaris
1612 1116 1654 1148 ad
1675 1115 1858 1161 exploran-

175 1182 278 1216 dum:
301 1179 505 1214 observabat
525 1180 617 1213 enim
638 1178 823 1224 proditioni
852 1184 986 1223 tempus
1012 1176 1193 1212 idoneum.
1216 1175 1353 1208 scelesta
1376 1174 1463 1207 hane
1481 1172 1528 1206 ob
1554 1184 1689 1206 causam
1715 1172 1858 1205 volvens

176 1251 291 1273 secum
317 1238 592 1282 concinnansque
618 1236 776 1269 consilia:
799 1234 1001 1269 deliberavit
1029 1235 1121 1267 enim
1146 1232 1328 1266 homicidis
1352 1232 1536 1265 Dominum
1566 1229 1720 1263 tradere:
1744 1230 1857 1274 ipsum

178 1309 258 1331 vero
286 1297 390 1330 latere
416 1294 557 1341 putabat
583 1306 670 1327 vana
695 1294 858 1339 loquens,
882 1293 917 1326 id
943 1299 990 1326 est
1018 1291 1116 1325 rabbi
1144 1291 1293 1325 eundem
1320 1289 1498 1335 appellans
1525 1295 1555 1321 ct
1583 1289 1797 1333 magistrum.

603 1360 834 1389 Egrediebatur
851 1360 954 1386 foras,
970 1361 1000 1381 et
1018 1359 1206 1385 loquebatur
1222 1359 1255 1379 in
1273 1357 1306 1379 id
1323 1357 1434 1383 ipsum.

274 1413 396 1447 Foras,
425 1411 554 1455 inquit,
583 1409 746 1455 prodiens
773 1408 1005 1454 paciscebatur
1032 1420 1108 1441 cum
1136 1406 1280 1442 scribis,
1310 1404 1552 1451 pontificibus.
1582 1416 1620 1437 ac
1647 1404 1857 1449 pharisaeis:

179 1469 269 1503 haud
298 1469 363 1501 iam
389 1469 476 1501 intra
504 1479 563 1500 cor
589 1479 688 1500 suum
716 1466 884 1511 loquens,
914 1466 972 1499 sed
999 1466 1110 1511 palam
1139 1465 1320 1498 disserens.
1349 1463 1439 1503 Quid
1467 1474 1574 1508 porro
1606 1461 1745 1495 aiebat?
1771 1460 1860 1501 Quid

180 1526 282 1560 vultis
307 1525 389 1558 milii
416 1525 517 1558 dare.
539 1530 572 1558 et
598 1536 662 1570 ego
689 1535 767 1558 eum
794 1523 892 1557 vobis
919 1523 1052 1556 tradam
1074 1523 1111 1556 Ῥ

623 1589 778 1612 Adversus
794 1595 842 1611 me
858 1589 1068 1611 susurrabant
1083 1594 1186 1610 omnes
1203 1588 1325 1609 inimici
1342 1587 1412 1608 mei.

275 1640 480 1674 ludaeorum
508 1646 627 1673 contra
654 1651 688 1673 se
714 1639 982 1672 machinationes
1008 1638 1148 1671 denotat
1174 1643 1208 1671 et
1233 1636 1366 1670 occulta
1393 1636 1547 1669 consilia.
1575 1636 1746 1668 Timentes
1769 1634 1860 1667 enim

181 1698 316 1744 plebem
330 1723 337 1736 ‚
359 1697 451 1731 haud
471 1696 644 1731 audebant
662 1697 746 1730 haec
765 1696 878 1741 palam
900 1707 1017 1741 agere,
1039 1695 1097 1728 sed
1117 1695 1292 1729 occultum
1312 1693 1444 1727 inibant
1465 1691 1746 1726 conciliabulum.
1776 1692 1863 1725 Nam

181 1756 389 1793 susurratio,
411 1754 527 1788 timida
553 1754 723 1800 quaedam
750 1754 877 1787 locutio
903 1759 974 1791 est,
996 1759 1029 1786 et
1055 1763 1176 1786 areana
1202 1751 1419 1787 maledictio:
1441 1751 1537 1784 sicuti
1563 1751 1636 1783 vice
1662 1760 1759 1782 versa
1778 1760 1862 1782 eon—

180 1814 323 1850 vicium,
347 1811 483 1857 publica
510 1818 559 1845 est
585 1818 617 1845 et
644 1823 760 1845 eoram
787 1811 945 1844 imectio.

608 1876 787 1899 Sermonem
805 1877 948 1903 iniquum
965 1877 1196 1899 constituerunt
1214 1875 1360 1898 adversus
1376 1881 1433 1897 me.

279 1929 408 1972 Nempe
435 1927 462 1959 is
488 1926 567 1960 fuit:
591 1927 689 1964 tolle,
712 1926 812 1965 tolle,
834 1925 993 1971 crucifige
1018 1937 1109 1959 eum.
1139 1924 1239 1966 Quod
1267 1931 1380 1958 autem
1407 1925 1467 1957 iste
1495 1924 1631 1967 iniquus
1651 1933 1765 1956 serino
1792 1922 1862 1955 sue-

185 1986 247 2022 rit,
269 1990 361 2030 patet
380 1995 420 2017 ex
440 1983 532 2017 dicto
555 1984 584 2015 ⁹:
606 1984 824 2017 innocentem
844 1989 876 2017 et
896 1984 1022 2016 iustum
1043 1994 1112 2016 non
1131 1982 1278 2016 occides.
1300 1982 1390 2022 Quin
1409 1981 1496 2014 adeo
1516 1979 1706 2024 tyrannidis
1725 1990 1864 2024 quoque

183 2044 313 2076 crimen
333 2042 381 2075 illi
401 2041 623 2075 adfinxerunt
642 2042 810 2079 dicentes,
832 2053 911 2074 eum
930 2053 1045 2086 regem
1065 2047 1171 2075 semet
1190 2041 1318 2077 facere,
1340 2046 1371 2073 et
1395 2046 1510 2072 vetare
1529 2039 1714 2083 quominus
1732 2037 1864 2071 Caesari

184 2100 351 2134 tributum
370 2099 590 2144 penderetur.
610 2100 719 2132 Immo
739 2105 771 2132 et
792 2098 894 2132 falsos
914 2104 1013 2132 testes
1033 2099 1196 2132 adversus
1214 2098 1385 2132 Christum
1406 2097 1706 2141 conquisiverunt,
1723 2101 1755 2128 et
1776 2106 1866 2127 men-

184 2157 279 2192 dacia
306 2156 558 2190 confinxerunt.

607 2221 765 2249 Numquid
782 2222 836 2249 qui
853 2222 984 2249 dormit,
1001 2228 1063 2244 non
1081 2222 1211 2244 adiiciet
1229 2223 1264 2243 ut
1282 2221 1447 2250 resurgat?

284 2271 404 2305 lrridet
430 2270 636 2304 ludaeorum
662 2271 801 2305 consilia
830 2272 1007 2310 Senator,
1031 2277 1150 2317 utpote
1177 2270 1460 2305 existimantium,
1482 2275 1593 2302 morte
1612 2279 1691 2301 eum
1710 2279 1745 2300 se
1764 2266 1869 2300 elisu-

186 2342 260 2368 ros,
281 2329 376 2374 quasi
397 2340 436 2362 ex
456 2329 580 2361 nostris
598 2340 718 2362 unum.
749 2329 802 2361 Ait
823 2340 922 2373 ergo:
945 2340 1005 2362 cur
1025 2329 1184 2374 speratis,
1208 2333 1320 2361 morte
1338 2328 1443 2360 xitam
1470 2325 1629 2358 irretire?
1655 2325 1802 2357 Somnus
1820 2330 1870 2357 est

187 2400 280 2421 mors
305 2398 397 2423 mea:
419 2397 513 2419 mors
538 2386 678 2431 inquam
700 2398 769 2420 non
790 2386 832 2419 ad
853 2386 940 2419 xitae
960 2386 1222 2424 extinctionem,
1243 2385 1302 2418 sed
1323 2384 1365 2418 ad
1384 2383 1540 2417 ciendam
1566 2383 1867 2415 resurrectionem.

186 2447 272 2479 Nam
299 2445 324 2478 si
352 2444 530 2477 triduanus
556 2455 718 2490 resurgo,
738 2444 822 2489 quid
849 2445 881 2477 ni
909 2455 1049 2477 somnus
1075 2455 1170 2477 mors
1196 2455 1270 2476 mea
1297 2442 1442 2476 dicenda
1469 2442 1512 2474 sit
1533 2440 1605 2485 (ΞΠ

626 2510 704 2533 Nam
721 2512 753 2533 et
771 2511 862 2533 homo
878 2510 963 2538 pacis
981 2516 1082 2537 meae,
1099 2510 1132 2532 in
1150 2516 1211 2537 quo
1228 2510 1350 2536 speravi
1369 2510 1427 2530 etc.

285 2561 374 2593 Pacis
401 2559 577 2592 hominem
602 2559 721 2593 ludam
748 2560 849 2598 dicit,
871 2566 1051 2605 propterea
1078 2559 1173 2604 quod
1200 2570 1241 2591 ex
1266 2558 1509 2591 benivolorum
1529 2557 1789 2600 amicorumque
1813 2566 1871 2588 or-

188 2618 268 2650 dine
287 2616 485 2652 videbatur,
507 2622 676 2661 quatenus
695 2623 767 2650 erat
787 2617 987 2663 discipulus.
1009 2618 1065 2650 Est
1086 2622 1198 2650 autem
1220 2616 1386 2649 sententia
1406 2613 1621 2648 huiusmodi:
1641 2612 1723 2658 quid
1745 2613 1871 2646 mirum

188 2677 214 2709 si
241 2675 366 2708 inimici
387 2680 505 2707 contra
524 2684 578 2706 me
599 2673 678 2706 talia
698 2678 863 2718 egerunt,
883 2673 1166 2719 quandoquidem
1186 2672 1241 2705 hic
1260 2672 1348 2705 adeo
1374 2671 1551 2704 familiaris
1569 2677 1602 2704 et
1621 2681 1758 2704 mensae
1778 2681 1873 2703 meae

190 2733 358 2779 particeps
376 2737 477 2775 atque
496 2731 660 2769 conviva,
683 2731 880 2765 calcaneum
907 2743 1007 2765 suum
1035 2737 1210 2775 tamquam
1236 2728 1365 2762 calcem
1392 2728 1574 2762 intendens
1599 2734 1719 2761 contra
1744 2739 1798 2761 me
1823 2727 1874 2759 le-

287 2830 322 2859 (t‘
342 2827 443 2854 Graece
463 2828 551 2862 μῦξοω
574 2826 607 2852 Et
629 2826 738 2861 quidem
759 2827 840 2853 etiam
860 2827 924 2854 itala
943 2831 1019 2853 vetus
1040 2827 1224 2860 unquentwn,
1239 2824 1311 2859 quod
1333 2832 1411 2859 saepe
1430 2829 1471 2851 est
1489 2824 1633 2851 odoratum
1653 2824 1762 2856 oleum,
1778 2828 1809 2850 ut
1829 2823 1874 2849 tia-

190 2872 235 2901 bet
253 2873 389 2905 vulgatus.

288 2919 323 2949 t2)
343 2915 470 2943 Vindicat
490 2916 540 2943 hoc
559 2916 743 2951 fragmentum
760 2916 862 2951 Cyritlo
876 2916 985 2943 Nicetas
1004 2915 1031 2941 in
1052 2914 1112 2942 eod.
1130 2918 1200 2946 vat.;
1216 2922 1335 2948 namque
1349 2914 1397 2941 alii
1413 2913 1447 2941 ad
1464 2913 1646 2941 Athanasium
1667 2912 1873 2940 transtulerant.

1891 672 1897 678 ⁴
1917 670 1950 689 l‘x.
1963 669 2038 689 XLIV,
2054 671 2082 689 ῐῆ.

1890 729 1898 735 ·
1914 728 1978 747 cant.
1997 727 2013 747 1.
2029 730 2047 747 2.

1900 1523 2000 1570 suaith,
2013 1522 2092 1542 XXVI,

1912 1554 1931 1570 5⁴

1899 1596 1918 1610 Σ,
1935 1594 1953 1609 ⁸,

1905 2010 1915 2013 ⁷
1930 1979 1998 1999 Emit,
2015 1977 2095 1998 xxm.
