2205 3177
732 149 764 171 ix
792 149 944 171 PSALMUM
971 148 1090 170 Lxmx.
1120 149 1158 170 ET
1186 149 1291 171 cxxx.
1786 139 1857 172 259

173 214 332 250 brachio,
354 214 453 246 sicuti
473 214 638 258 scriptum
663 219 713 246 est
734 214 762 251 ⁹,
786 214 961 257 evasitque
979 223 1018 245 ex
1040 212 1105 246 loci
1125 212 1217 246 illius
1244 211 1436 257 tyrannide.
1466 212 1507 245 Et
1525 211 1631 258 paulo
1650 218 1739 258 post.
1769 213 1861 247 Haec

173 271 288 306 omnia
308 271 518 315 praeteriens
538 271 658 304 cantici
682 276 821 307 auctor,
843 270 1054 303 mentionem
1081 270 1159 303 facit
1179 269 1278 303 datae
1298 270 1390 315 apud
1408 270 1522 302 Sinam
1541 269 1637 315 legis.
1667 269 1743 303 Illic
1769 271 1861 304 enim

174 328 305 362 audivit
332 327 460 361 Israhel
488 328 639 373 linguam
667 338 771 372 quam
799 338 868 359 non
895 332 1052 360 noverat.
1082 326 1155 359 Illic
1176 327 1326 371 primum
1353 327 1418 372 ipsi
1444 327 1577 360 editum
1597 333 1647 360 est
1665 328 1863 361 vaticinium

177 386 220 419 de
239 385 395 418 omnium
423 390 580 417 nostrum
600 389 774 417 servatore
793 382 939 416 Christo.
969 383 1124 422 Quanam
1139 383 1179 416 id
1201 394 1308 428 porro
1333 384 1482 421 ratione,
1507 384 1576 416 iam
1594 383 1719 416 dicam.
1748 383 1863 418 Stabat

177 442 327 489 populus
354 442 397 475 ad
424 442 551 474 montis
578 442 675 474 Sinae
703 440 856 475 radices.
886 451 964 473 cum
991 451 1068 473 ecce
1094 440 1270 473 descendit
1303 440 1383 473 illuc
1415 439 1479 473 sub
1506 441 1592 484 ignis
1622 442 1732 485 specie
1758 442 1860 475 Deus.

174 502 270 537 Mox.
294 501 343 534 uti
370 500 404 532 111
431 498 543 532 exodo
569 499 735 543 scriptum
761 504 809 531 cst
831 498 860 534 ¹,
883 497 1026 543 protulit
1045 498 1212 531 Dominus
1232 498 1295 531 hos
1314 509 1506 531 sermones:
1529 498 1607 531 audi
1628 498 1753 532 Israhel
1767 524 1774 536 ,
1798 511 1862 544 ego

175 569 253 591 sum
272 557 435 591 domiuus
452 557 543 589 Deus
563 562 656 593 tuus,
676 556 734 600 qui
755 555 856 588 eduxi
877 562 908 589 te
926 555 970 588 de
988 557 1128 600 regione.
1147 556 1310 599 Aegypti,
1330 555 1374 588 de
1392 555 1499 588 domo
1517 556 1701 589 serxitutis.
1722 557 1763 589 Et
1781 567 1860 601 pau-

176 617 223 649 cis
250 615 446 648 interiectis.
475 612 606 647 Deinde
633 613 728 646 aiunt
746 624 860 646 sacrae
879 612 1025 646 litterae.
1054 614 1096 646 Et
1122 612 1272 658 populus
1291 613 1470 645 universus
1488 612 1662 657 spectabat
1687 624 1808 646 vocem
1827 618 1860 646 et

177 671 352 718 lampades
372 673 506 716 igneas,
532 676 563 703 et
582 669 687 703 tubae
705 681 847 708 vocem,
871 676 904 703 et
924 669 1113 703 fumantem
1132 675 1298 702 montem.
1319 669 1513 713 Timuitque
1533 676 1674 702 cunctus
1693 669 1860 715 populus,

175 736 209 763 et
236 729 356 775 procul
385 727 546 761 substitit.
575 727 813 772 Dixeruntque
840 727 966 772 Moysi:
993 727 1135 771 loquere
1163 733 1198 759 tu
1227 725 1427 763 nobiscum,
1450 737 1520 759 non
1546 733 1658 760 autem
1685 727 1775 759 Deus
1802 737 1864 760 nos

176 787 392 832 alloquatur,
414 797 456 818 ne
482 785 685 818 moriamur.
716 783 848 821 Audin.
871 784 1050 829 quomodo
1077 785 1244 817 insuetam
1271 795 1340 817 non
1367 784 1536 817 sustinent
1560 784 1705 817 vocem?
1732 785 1863 829 Nempe

175 845 256 890 quia
274 844 472 888 loquentem
493 843 603 875 Deum
631 842 721 875 ferre
741 848 928 887 nequeunt.
958 843 997 875 Et
1024 841 1129 886 paulo
1153 848 1242 887 post.
1272 841 1405 875 Idcirco
1425 842 1553 875 mirans
1573 842 1616 874 ait
1644 841 1687 874 de
1714 841 1863 875 Israhele

177 900 480 948 psalmographus:
504 911 583 933 cum
602 900 708 933 exiret
727 900 800 945 ipse
819 899 863 937 de
883 905 972 933 terra
992 899 1139 944 Aegypti
1152 925 1160 935 ,
1184 905 1216 932 et
1235 899 1381 944 reIIqua.
1411 898 1550 932 Audivi!
1570 899 1661 932 enim
1682 898 1792 942 legem
1815 898 1863 931 fe-

176 965 309 992 rentem
328 959 458 996 Deum;
482 957 542 991 sed
561 958 641 1002 quia
662 969 716 991 res
735 957 934 991 huiusmodi
961 956 1188 991 intolerabilis
1207 958 1272 1002 ipsi
1292 956 1433 994 accidit,
1454 956 1532 990 ideo
1552 956 1779 990 mediatorem
1798 967 1862 1001 po-

175 1016 302 1062 poscit,
320 1014 421 1049 beato
435 1016 543 1060 Moysi
562 1015 697 1049 dicens:
715 1015 858 1060 loquere
876 1021 912 1049 tu
931 1014 1130 1053 nobiscum,
1148 1027 1218 1048 non
1237 1021 1351 1048 autem
1366 1016 1472 1053 Deus,
1490 1026 1532 1048 ne
1550 1014 1639 1048 forte
1657 1014 1859 1047 moriamur.

174 1073 265 1114 Quid
285 1084 369 1118 ergo
389 1073 467 1106 hinc
488 1072 730 1118 portenditur?
750 1074 880 1118 Nempe
899 1074 989 1106 Deus
1008 1079 1106 1118 pater
1127 1072 1224 1105 facile
1243 1073 1403 1117 cognovit
1424 1084 1511 1118 opus
1530 1071 1630 1105 nobis
1649 1082 1721 1105 esse
1740 1071 1863 1105 media—

175 1138 264 1165 tore.
293 1131 358 1164 Sed
378 1137 492 1164 tamen
512 1130 587 1164 fieri
614 1142 683 1164 11011
711 1136 847 1176 poterat
865 1136 901 1163 ut
921 1130 1028 1163 homo
1054 1130 1210 1163 mortalis
1236 1141 1343 1174 aeque
1363 1141 1401 1163 ac
1420 1141 1483 1163 nos
1501 1131 1653 1174 MoyseS,
1678 1134 1865 1174 perpetuus

176 1189 265 1222 inter
282 1189 393 1222 Deum
412 1194 444 1221 et
464 1188 622 1221 homines
640 1194 729 1221 esset
746 1187 929 1221 mediator.
959 1186 1193 1227 Quamobrem
1212 1187 1255 1221 de
1274 1187 1408 1221 Christo
1429 1188 1542 1220 statim
1569 1187 1788 1232 prophetiam
1806 1187 1861 1219 in-

177 1245 255 1279 tulit
273 1245 389 1279 dicens
410 1246 438 1277 ⁶:
461 1244 668 1290 prophetam
687 1244 755 1277 illis
774 1244 945 1278 suscitabo
964 1245 1054 1278 inter
1075 1244 1196 1278 fratres
1215 1246 1370 1290 ipsorum
1389 1245 1485 1278 sicuti
1507 1251 1556 1278 te:
1582 1254 1777 1289 ponamque
1796 1255 1861 1277 ser-

177 1314 298 1337 mones
323 1314 418 1337 meos
438 1304 472 1335 in
492 1313 552 1336 ore
572 1303 662 1339 01115,
685 1308 716 1335 01
743 1303 859 1335 01111113
885 1313 972 1347 quae
993 1313 1202 1347 praecepero
1222 1302 1284 1347 ipsi
1305 1302 1478 1347 loquetur.
1508 1303 1615 1335 Porro
1635 1308 1748 1335 autem
1766 1302 1862 1346 quis-

177 1361 254 1406 quis
273 1360 363 1393 dicta
383 1359 426 1393 ab
445 1371 486 1393 eo
506 1359 674 1405 propheta
695 1360 727 1392 in
748 1360 888 1392 nomine
906 1369 985 1392 meo
1004 1370 1073 1392 11011
1094 1359 1257 1395 audierit.
1278 1371 1342 1404 ego
1362 1360 1517 1393 ulciscar.
1539 1360 1659 1392 Factus
1678 1365 1727 1392 est
1746 1359 1861 1404 itaque

177 1418 267 1451 inter
284 1429 347 1450 1105
366 1418 542 1461 Deumque
559 1416 730 1450 mediator
748 1415 852 1449 filius.
873 1417 1028 1456 Quanam
1046 1427 1129 1450 vero
1149 1418 1280 1450 ratione
1298 1416 1490 1451 mediator?
1506 1417 1591 1457 Quia
1609 1416 1745 1450 demisit
1763 1427 1798 1449 se
1817 1415 1860 1449 ad

177 1475 461 1512 exinanitionem,
484 1474 628 1519 sumpsit
649 1474 737 1507 servi
758 1474 924 1519 speciem.
945 1479 1100 1508 versatus
1118 1474 1153 1507 in
1173 1481 1261 1507 terra
1283 1480 1331 1508 est
1352 1481 1525 1520 tamquam
1544 1474 1663 1508 homo.
1684 1474 1725 1506 Et
1743 1473 1861 1507 multis

177 1532 398 1577 interpositis.
429 1532 527 1564 Pater
553 1530 639 1564 dixit
659 1542 693 1564 se
712 1531 906 1576 positurum
933 1542 1108 1565 sermones
1128 1532 1162 1564 in
1181 1543 1242 1565 ore
1269 1531 1360 1565 illius
1373 1557 1380 1571 ,
1401 1531 1544 1577 foreque
1563 1538 1601 1565 ut
1619 1531 1712 1564 idem
1738 1531 1860 1576 quua-

177 1594 233 1622 tur
251 1599 487 1633 quaecumque
507 1588 536 1621 ei
557 1587 719 1621 mandata
739 1587 877 1621 fuerint.
900 1587 1006 1621 Filius
1025 1589 1172 1621 1101551111
1193 1589 1237 1621 311
1259 1589 1287 1621 'z
1309 1600 1327 1622 a
1348 1595 1475 1622 memet
1499 1589 1572 1634 ipso
1592 1600 1661 1622 11011
1681 1588 1808 1634 loquor
1827 1588 1858 1620 ἐ

177 1646 236 1680 sed
256 1647 315 1691 qui
342 1646 433 1679 misit
458 1657 513 1679 me
540 1652 654 1691 pater,
678 1646 750 1691 ipse
769 1646 853 1678 mihi
874 1646 1047 1691 praecepit
1065 1646 1150 1691 quid
1169 1646 1280 1680 dicam
1307 1653 1339 1680 et
1365 1647 1449 1693 quid
1475 1646 1630 1692 eloquar.
1659 1647 1699 1680 Et
1726 1657 1857 1679 rursus.

176 1703 289 1737 Verba
315 1715 402 1748 quae
422 1715 485 1749 ego
504 1703 640 1736 locutus
666 1715 741 1736 sum
768 1702 883 1741 vobis,
909 1714 983 1737 mea
1010 1715 1080 1737 non
1107 1710 1204 1741 sunt.
1227 1704 1286 1738 sed
1313 1706 1385 1738 eius
1410 1705 1468 1750 qui
1494 1705 1583 1738 misit
1604 1716 1672 1738 me.
1701 1705 1860 1737 Ceterum

179 1760 282 1794 verba
303 1761 408 1805 patris
427 1760 597 1805 loquitur.
616 1772 684 1793 non
704 1766 878 1805 tamquam
897 1759 1084 1794 verborum
1103 1762 1273 1800 minister,
1291 1762 1349 1796 sed
1365 1774 1427 1796 ceu
1442 1764 1553 1808 ipsum
1570 1762 1676 1807 patris
1690 1760 1856 1794 Verbum.

180 1817 261 1851 Ideo
287 1817 365 1851 dicit
389 1819 488 1851 153135
514 1818 683 1863 propheta
703 1818 745 1851 de
770 1829 810 1851 00
832 1818 862 1851 'z
888 1817 978 1851 filius
1004 1825 1103 1852 natus
1122 1825 1169 1852 est
1191 1819 1310 1858 nobis,
1334 1821 1429 1853 cuius
1455 1820 1639 1866 imperium
1665 1830 1768 1864 super
1794 1819 1860 1852 hu-

179 1887 314 1908 merum
333 1876 421 1909 eius:
445 1882 654 1920 vocaturque
676 1887 801 1909 nomen
821 1876 893 1909 eius
913 1877 1026 1921 magni
1046 1876 1177 1910 consilii
1197 1877 1350 1922 angelus.
1370 1879 1533 1922 Magnum
1552 1888 1659 1922 porro
1679 1876 1860 1910 consilium

180 1934 240 1967 Dei
267 1934 372 1979 patris
399 1940 466 1968 est.
489 1933 583 1978 quod
611 1932 710 1966 nobis
738 1932 828 1966 filius
854 1934 1047 1969 nunciavit.
1071 1946 1177 1979 quum
1205 1936 1246 1968 sit
1272 1935 1363 1981 ipse,
1385 1941 1424 1968 ut
1449 1935 1537 1971 dixi,
1560 1935 1665 1980 patris
1690 1932 1855 1967 Verbum.

719 1999 832 2022 Manus
848 2000 915 2022 eius
931 2001 965 2022 in
983 2001 1115 2027 cophino
1132 2001 1319 2023 servierunt.

274 2049 360 2081 Nam
387 2049 446 2093 qui
473 2048 625 2081 latericio
652 2060 757 2094 opere
783 2048 1056 2087 famulabantur,
1077 2049 1226 2095 cophino
1253 2050 1364 2083 lutum
1389 2050 1577 2083 iniicieutes
1602 2050 1750 2083 humero
1776 2061 1859 2095 por-

181 2105 310 2139 tabant.
340 2105 515 2150 Cophinus
535 2117 652 2151 reapse
673 2106 714 2139 ad
734 2105 821 2139 hanc
840 2118 948 2152 usque
968 2106 1059 2140 diem
1080 2106 1206 2140 dicitur
1228 2107 1494 2140 instrumentum
1513 2118 1583 2152 quo
1602 2118 1705 2140 onera
1726 2113 1860 2152 gestan-

182 2169 237 2196 tur
264 2163 323 2207 (l).
353 2164 501 2197 Dorsum
528 2164 641 2208 itaque
668 2163 808 2197 illorum
835 2165 956 2197 avertit
983 2163 1026 2198 ab
1052 2164 1216 2198 oneribus
1233 2191 1240 2201 ,
1268 2164 1303 2197 id
1330 2171 1380 2197 est
1409 2163 1654 2210 gestationibus
1684 2164 1854 2198 liberavit.

180 2221 299 2254 Manus
326 2221 405 2254 item
433 2221 574 2254 illorum
595 2220 773 2257 liberavit.
795 2222 981 2266 quominus
1000 2222 1167 2255 servirent
1186 2223 1220 2255 in
1240 2222 1403 2267 cophino.
1432 2223 1495 2255 Hic
1514 2228 1563 2255 est
1581 2223 1684 2267 igitur
1708 2233 1859 2255 summa-

181 2278 242 2310 tim
267 2290 428 2311 versuum
448 2290 584 2315 sensus.
608 2279 667 2323 qui
694 2278 777 2311 nihil
798 2279 942 2312 0111111110
968 2278 1179 2313 difficultatis
1198 2291 1279 2325 prae
1298 2291 1333 2313 se
1353 2279 1429 2312 fert.
1458 2280 1498 2313 Et
1517 2279 1633 2313 multis
1659 2279 1856 2312 interiectis.

181 2335 425 2368 Verumtamen
453 2335 569 2380 populi
596 2334 778 2368 carnaliter
804 2333 939 2369 liberati
966 2336 1120 2369 minister
1147 2343 1219 2369 erat
1237 2337 1389 2381 Moyses;
1413 2342 1527 2370 noster
1554 2347 1637 2369 vero
1663 2335 1860 2381 spiritaliter

183 2392 335 2425 minister
362 2391 468 2425 factus
493 2398 541 2424 est
560 2392 726 2426 Christus.
757 2393 786 2425 Is
813 2394 902 2425 enim
929 2393 1194 2427 intellectualem
1221 2392 1407 2427 debellavit
1426 2394 1636 2427 Pharaonem
1651 2420 1658 2431 ,
1682 2393 1716 2426 1(1
1735 2399 1785 2427 051
1802 2394 1859 2426 Sa-

184 2455 315 2486 tanam:
336 2461 439 2494 quem
465 2461 482 2483 a
508 2461 567 2483 sua
593 2450 755 2483 adversus
781 2462 901 2484 01111105
920 2451 1101 2496 tyrannide
1125 2451 1270 2496 depulit.
1300 2451 1394 2485 Idem
1422 2462 1484 2485 nos
1503 2462 1573 2484 non
1593 2450 1764 2497 corporali
1783 2457 1859 2484 tan-

184 2507 384 2545 tummodo,
407 2507 466 2540 sed
493 2508 635 2552 spiritali
661 2509 876 2553 potissimum
902 2509 1063 2542 serxitute
1090 2509 1275 2554 expedirit.

741 2574 867 2597 Inimici
886 2574 1012 2597 Domini
1029 2575 1155 2598 mentiti
1171 2577 1245 2597 sunt
1261 2576 1300 2597 ei.

279 2623 365 2655 Nam
391 2634 469 2655 cum
495 2628 731 2668 expectaretur
757 2622 800 2656 ab
825 2624 873 2657 eis
892 2630 928 2657 ut
948 2624 1041 2657 omni
1061 2623 1175 2657 studio
1194 2629 1228 2657 et
1247 2630 1371 2657 conatu
1397 2622 1548 2657 fructum
1574 2624 1708 2668 pietatis
1732 2635 1858 2669 expro—

185 2686 337 2715 merent,
359 2692 377 2713 0
404 2681 576 2713 contrario
603 2680 679 2713 sacti
706 2687 783 2713 sunt
811 2681 972 2727 improbi.

296 2766 314 2793 11
338 2762 390 2788 Adi
410 2763 532 2789 Philonis
552 2762 584 2788 tle
603 2762 713 2789 oblativi
738 2763 848 2797 cophini
871 2763 953 2796 festo,
973 2763 1008 2790 ob
1032 2764 1104 2790 hunc
1125 2764 1272 2791 molestum
1296 2764 1484 2799 aegyptiacum
1510 2763 1594 2790 ferme
1618 2763 1758 2797 instituto,
1779 2764 1857 2791 breve

184 2807 366 2842 opusculum,
386 2806 457 2841 quod
480 2815 526 2833 uos
546 2814 576 2833 ex
597 2807 740 2833 florentino
760 2806 852 2834 codice
871 2807 1015 2835 edidimus.

1900 216 1962 262 {01³ss
1977 216 2086 239 CXXXV.

1903 514 1908 519 ·
1927 511 1987 531 Exod
2012 511 2057 532 XX.
2078 515 2092 531 1,

1899 632 1919 646 i,
1938 630 1966 647 18,

1901 1080 1939 1101 Gr.
1954 1086 1975 1106 p.
1990 1084 2036 1102 411,

1900 1246 1994 1293 {numm
2011 1247 2090 1268 XVIII.

1903 1592 1909 1597 '
1930 1589 1978 1609 1011Δ
1995 1589 2043 1610 xn.
2058 1593 2090 1614 w.

1905 1619 1910 1623 ·
1925 1615 1975 1636 ioh.
1988 1616 2047 1636 MV.
2061 1619 2090 1636 111.

1898 1834 1907 1840 “
1923 1831 1949 1852 Is
1966 1832 2003 1852 lx.
2019 1837 2037 1852 04

1898 2582 1935 2623 ἦν.
1949 2592 1971 2628 ρ’.
1990 2606 2032 2623 ¹112.
