2205 3177
323 252 342 266 1.
360 250 378 266 Η

334 1166 339 1176 i
371 1162 400 1179 13.

238 1506 244 1511 ’
260 1504 316 1522 (mn.
332 1502 368 1522 Vt.
385 1507 403 1521 22.

230 2131 235 2135 ”
256 2127 301 2147 loli.
318 2127 364 2147 Χλ,
380 2135 410 2147 .>⁴..

227 2637 366 2658 ’1101111111
386 2641 418 2658 41..

256 2697 262 2704 ¹
279 2695 326 2713 hal.
344 2694 371 2714 Υ,
389 2698 418 2714 tn.

430 167 450 197 [ν

454 167 473 197 Nu

482 166 498 197 qa-

932 176 959 197 S.
989 176 1114 197 emtus
1140 175 1357 198 AttzxANuntNt
1385 175 1586 197 fixt’LAxAtto

947 241 1059 263 Avern-
1077 242 1186 264 fnciem
1203 244 1287 264 tumn
1305 250 1322 264 n
1341 242 1471 269 peccatis
1488 242 1572 264 111811.

525 296 572 327 xv
592 295 747 339 aspicias.
771 294 896 338 inquit.
919 294 1112 338 iniquitates
1137 306 1242 330 meas.
1265 295 1322 328 sed
1343 307 1396 327 mc
1417 295 1528 340 potius
1547 295 1603 338 qui
1624 305 1679 327 eas
1703 293 1860 339 deploro.
1883 313 1903 321 ·-
1922 295 2012 328 Haec
2031 306 2091 328 au-

429 358 494 383 tem
523 358 656 396 petere,
679 350 759 383 nihil
787 357 835 383 cst
863 351 953 383 aliud
980 362 1081 394 quam
1108 352 1194 384 wtte
1220 358 1329 385 terrae
1357 351 1474 385 incolis
1499 350 1571 384 dari
1598 351 1740 395 gratiam
1767 350 1902 384 Christi.

984 415 1045 437 Co·-
1062 416 1209 438 mundum
1226 423 1295 439 cren
1313 417 1344 438 in
1362 423 1426 443 me,
1443 416 1534 439 Deua.

524 466 655 498 Creatio
676 465 765 510 apud
785 476 912 498 sacram
933 468 1135 510 scripturam
1160 465 1283 498 dicitur
1310 477 1377 499 non
1405 465 1515 499 solum
1541 465 1672 498 effectio
1691 476 1730 498 ex
1750 464 1874 503 nihilo,
1896 476 2016 499 verum
2041 471 2092 500 et-

431 524 495 556 iam
516 523 562 555 rei
590 523 760 555 existentis
787 523 819 554 in
847 522 967 555 motin<
986 534 1063 567 prox
1074 524 1172 556 ectio.
1202 523 1331 556 Crcax'it
1351 523 1439 556 Deus
1458 522 1606 556 caelum:
1630 522 1693 555 hoc
1711 528 1760 555 est
1778 533 1817 555 ex
1838 522 1945 555 nihilo
1964 522 2086 556 facere.

428 580 521 613 Creat
550 581 668 616 etiam.
690 591 766 611 cum
794 579 921 612 malum
948 580 1139 615 hominem.
1162 579 1293 613 bonum
1312 579 1439 613 fecerit.
1468 580 1551 613 Heic
1576 579 1714 625 quidem
1740 579 1884 616 creatio,
1906 590 2022 613 rerum
2040 585 2091 613 est

428 638 462 670 iu
487 637 608 670 melius
634 638 790 670 mutazio.
819 637 906 669 Audi
935 638 1026 670 enim
1052 639 1162 682 ipsum
1181 637 1363 676 Davidem,
1385 637 1443 682 qui
1469 648 1675 682 quamquam
1701 637 1772 682 ipse
1798 647 1874 669 cum
1901 636 2004 669 corde
2029 647 2093 670 suo

430 694 556 727 iamdiu
577 700 710 727 creatus
731 694 838 727 fuerat
851 720 858 730 ,
881 700 1026 726 attamen
1046 694 1124 739 quia
1144 693 1301 727 adulterii
1322 700 1355 727 et
1375 693 1546 727 homicidii
1566 705 1660 727 reum
1688 705 1722 727 se
1748 692 1891 732 fecerat,
1912 699 1945 726 et
1961 693 1994 726 in
2014 704 2093 727 cor-

431 751 601 795 ruptelam
627 749 764 787 ruebat.
786 762 862 783 crea
881 751 989 794 inquit
1010 751 1042 782 in
1063 761 1116 782 me
1136 761 1194 783 cor
1213 749 1398 787 mundum;
1420 762 1488 783 non
1506 750 1602 795 quod
1621 756 1715 783 antea
1736 749 1839 783 corde
1864 755 2013 788 careret,
2034 761 2092 785 ne-

430 819 496 853 que
516 807 558 840 de
579 808 708 840 animae
734 806 918 840 substantia
940 806 1100 851 loquens.
1122 807 1181 839 scd
1199 807 1242 839 de
1261 808 1393 852 optimo
1411 808 1499 841 vitae
1521 818 1657 852 genere.
1686 808 1839 840 Fortasse
1856 807 1976 845 etiam,
1996 808 2093 853 quasi

431 866 586 897 omnium
606 866 645 897 sit
666 876 725 897 cor
744 864 914 909 pollutum
928 889 935 901 ‚
957 869 1099 909 propter
1124 863 1243 897 Adami
1271 865 1572 909 transgressionem
1591 870 1625 897 et
1643 864 1676 897 in
1695 865 1814 897 vitium
1840 863 1929 897 flexu
1949 863 2016 909 (1),
2038 875 2094 899 18-

435 921 672 954 formationem
698 920 882 965 quamdam
907 932 1021 954 rerum
1041 926 1235 953 nostrarum
1260 919 1333 953 fieri
1360 919 1402 953 ab
1428 921 1582 953 omnium
1607 926 1758 954 creatore
1775 921 1879 954 sancti
1898 920 2091 966 postulant,

436 979 493 1022 qui
522 984 671 1011 nostram
698 983 852 1010 naturam
872 978 965 1010 novit
991 984 1025 1010 et
1050 977 1164 1010 omnia
1190 983 1319 1022 potest,
1341 977 1435 1022 quod
1454 983 1486 1010 et
1504 988 1621 1023 reapse
1646 976 1734 1010 fecit.
1762 978 1847 1011 Nam
1866 977 2041 1011 reformati
2058 978 2097 1011 in

437 1035 570 1068 Christo
589 1034 714 1068 fuimus
739 1035 886 1068 novitate
912 1035 1035 1068 mentis
1061 1040 1212 1072 nostrae;
1234 1045 1360 1079 corque
1386 1045 1510 1080 purum
1529 1035 1694 1079 gerimus,
1718 1034 1759 1067 ad
1786 1035 1919 1068 virtutis
1943 1034 2098 1069 studium

437 1093 604 1125 conxersi.

646 1156 689 1178 Ne
707 1157 840 1183 proicias
856 1162 903 1179 me
920 1163 937 1178 a
955 1157 1035 1179 faeie
1052 1158 1122 1183 um,
1138 1158 1167 1178 et
1184 1156 1331 1183 spiritum
1345 1159 1487 1180 sanctum
1505 1158 1592 1180 tuum
1609 1163 1646 1179 ne
1662 1156 1788 1179 auferas
1796 1163 1822 1179 -a
1837 1162 1894 1180 lne-

536 1206 595 1243 lis,
617 1217 704 1251 quae
729 1205 792 1239 sibi
819 1205 1028 1243 acciderant,
1051 1211 1242 1239 commotus
1269 1206 1394 1244 Daxid,
1415 1213 1584 1252 assumpta
1610 1206 1748 1240 humani
1774 1207 1906 1251 generis
1930 1216 2097 1251 persona,

441 1274 505 1308 pro
530 1264 691 1296 universo
717 1262 801 1297 orbe
827 1269 996 1308 precatur.
1025 1264 1109 1296 Nam
1136 1263 1201 1295 iam
1228 1263 1306 1297 inde
1332 1263 1374 1297 ab
1400 1264 1521 1297 Adami
1548 1264 1828 1309 transgressione,
1849 1275 1910 1298 ceu
1933 1263 1976 1298 ab
2000 1264 2098 1299 initio

439 1320 588 1364 generis,
609 1331 626 1353 a
646 1321 716 1353 Deo
743 1331 857 1353 318153
883 1326 932 1353 est
952 1320 1099 1353 1131113113
1126 1326 1262 1353 natura:
1284 1321 1396 1365 itaque
1422 1326 1454 1354 et
1480 1331 1496 1354 3
1524 1320 1680 1366 paradiso
1705 1321 1844 1366 expulsa
1869 1321 1951 1360 fuit,
1971 1327 2004 1355 et
2027 1332 2099 1355 ma-

442 1376 563 1409 ledicta
590 1377 712 1414 evasit,
732 1388 818 1421 quae
838 1378 931 1421 prius
950 1376 1060 1410 fuerat
1078 1388 1095 1409 a
1115 1383 1266 1410 creatore
1289 1377 1478 1411 benedicta.
1508 1379 1577 1411 Iam
1596 1384 1691 1412 aucta
1711 1379 1842 1423 generis
1861 1378 2098 1418 multitudine,

444 1433 638 1478 peccatique
664 1433 844 1477 tyrannide
870 1439 1009 1467 cunctos
1030 1440 1219 1478 premente,
1241 1435 1375 1468 recessit
1394 1435 1494 1468 etiam
1520 1435 1578 1469 ille
1604 1441 1736 1468 sanctus
1753 1436 1812 1469 Dei
1839 1435 1975 1481 spiritus
1999 1434 2102 1470 nobis

443 1489 652 1528 insufflatus,
675 1496 707 1524 et
732 1490 887 1535 imaginis
912 1490 1110 1535 pulcritudo
1135 1491 1245 1525 deleta
1271 1491 1347 1524 fuit.
1375 1492 1461 1525 Dixit
1489 1492 1579 1525 enim
1600 1493 1753 1526 omnium
1771 1492 1913 1529 Deus':
1930 1503 2000 1526 non
2024 1503 2101 1538 per-

444 1546 594 1579 manebit
620 1547 654 1579 in
682 1547 876 1580 huiusmodi
903 1547 1099 1580 hominibus
1117 1548 1259 1593 Spiritus
1285 1560 1397 1586 meus,
1417 1550 1494 1593 quia
1520 1549 1582 1594 ipsi
1608 1560 1726 1583 carnes
1750 1555 1841 1583 sunt.
1868 1550 1956 1583 Dum
1976 1550 2022 1583 ait
2039 1550 2100 1584 ita-

443 1614 528 1648 que:
552 1614 594 1637 ne
620 1604 777 1649 proiicias
802 1615 857 1637 me
883 1615 901 1637 a
927 1604 1009 1637 facie
1036 1611 1109 1641 tua,
1130 1611 1161 1638 et
1181 1606 1341 1650 Spiritum
1368 1612 1519 1639 sanctum
1545 1612 1640 1640 tuum
1666 1618 1708 1640 ne
1733 1606 1865 1640 auferas
1889 1618 1906 1640 3
1932 1618 2006 1646 1118,
2029 1606 2103 1641 duo

444 1660 543 1693 simul
573 1661 678 1705 petit,
707 1672 828 1706 nempe
855 1661 960 1694 factae
986 1663 1169 1695 aversionis
1194 1663 1398 1701 terminum,
1427 1669 1459 1695 et
1489 1663 1591 1696 sancti
1616 1653 1759 1708 Spiritus
1783 1663 1825 1697 ad
1851 1674 1913 1697 nos
1938 1663 2099 1697 reditum.

362 1732 405 1749 ηπ.
445 1718 545 1757 Quod
571 1718 660 1751 enim
687 1719 760 1751 iure
786 1719 977 1763 meritoque
1002 1720 1196 1757 recesserit,
1219 1726 1399 1765 propterca
1424 1719 1518 1765 quod
1544 1720 1696 1754 omnium
1722 1732 1781 1754 cor
1806 1720 1846 1754 ad
1873 1720 2037 1754 malitiam
2060 1721 2103 1755 sit

447 1785 595 1819 pronum
621 1774 663 1807 ab
690 1774 936 1810 adolescentia.
958 1775 1168 1809 demonstrat
1194 1777 1326 1821 egregie
1351 1777 1482 1810 dicens:
1505 1788 1547 1810 ne
1572 1777 1703 1811 auferas
1721 1789 1739 1811 3
1756 1789 1823 1811 1118.
1851 1777 1966 1812 Nihilo
1990 1784 2106 1812 tamen»

447 1831 560 1864 minus
579 1843 595 1864 a
615 1832 674 1865 Dei
701 1832 878 1865 clementia
899 1832 1066 1877 postulat,
1087 1840 1124 1866 ut
1148 1833 1335 1871 malorum,
1357 1845 1442 1878 quae
1468 1840 1600 1879 praeter
1618 1845 1714 1879 spem
1733 1841 1913 1869 evenerant
1931 1834 2007 1869 finis
2025 1834 2101 1869 fiat:

447 1888 540 1932 quod
570 1888 660 1921 idem
687 1894 756 1926 cst,
778 1900 814 1922 ac
840 1890 943 1923 sancti
969 1890 1112 1935 Spiritus
1137 1891 1193 1935 qui
1214 1902 1232 1923 3
1252 1889 1348 1923 1101115
1374 1897 1555 1924 recesserat
1580 1891 1765 1929 restitutio,
1789 1902 1876 1936 quae
1901 1902 2018 1937 reapse
2042 1903 2108 1938 per

447 1945 617 1978 Christum
638 1946 776 1983 accidit;
796 1947 854 1990 qui
873 1946 1093 1980 similitudine
1113 1953 1226 1980 nostra
1246 1947 1443 1992 adsumpta,
1466 1947 1674 1981 aversionem
1694 1947 1846 1987 sustulit,
1867 1960 1987 1994 puram
2006 1955 2040 1983 et
2056 1950 2107 1983 ir—

449 2002 751 2047 reprehensibilem
777 2003 809 2035 in
837 2015 870 2036 se
898 2004 970 2049 ipso
997 2003 1159 2037 exhibens
1177 2004 1324 2037 hominis
1350 2011 1503 2038 naturam
1525 2006 1597 2038 Deo
1621 2005 1721 2050 patri.
1750 2005 1887 2050 Accepit
1911 2006 2012 2040 etiam
2029 2006 2105 2052 Spi-

449 2059 570 2097 ritum;
588 2070 810 2104 quamquam,
833 2066 867 2093 ut
888 2060 982 2094 facile
1000 2060 1218 2105 intelligitur,
1236 2061 1307 2106 ipse
1325 2073 1441 2095 revera
1459 2067 1505 2095 est
1524 2062 1667 2106 Spiritus
1685 2061 1802 2100 dator,
1818 2073 1921 2107 quem
1938 2073 1999 2108 per
2016 2062 2106 2097 Chri-

449 2122 537 2149 stum
559 2117 590 2149 in
610 2116 765 2150 homines
785 2123 878 2162 pater
905 2118 1067 2151 immittit.
1097 2118 1282 2151 insufflavit
1301 2119 1412 2163 itaque
1432 2119 1464 2152 in
1489 2119 1660 2164 apostolos
1685 2118 1800 2152 dicens
1820 2120 1848 2152 ':
1872 2120 2011 2165 accipite
2029 2120 2105 2166 Spi-

453 2173 556 2206 ritum
581 2179 747 2207 sanctum.
776 2174 828 2207 Sic
853 2175 943 2207 enim
968 2175 1003 2207 in
1031 2174 1148 2207 mundi
1178 2186 1315 2220 quoque
1345 2175 1539 2220 primordiis
1564 2175 1662 2209 datus
1688 2175 1750 2209 fuit
1774 2175 1922 2210 hominis
1950 2183 2106 2211 naturae.

977 2239 1081 2262 nedae
1097 2240 1175 2262 mihi
1192 2240 1348 2263 laetitiam
1363 2240 1511 2263 salutaris
1528 2241 1585 2264 tui.

547 2287 747 2332 Participem
773 2287 846 2321 fieri
873 2287 1056 2321 humanam
1083 2295 1238 2321 naturam
1265 2289 1515 2333 primitivorum
1541 2288 1712 2323 bonorum
1739 2291 1842 2335 petit,
1869 2290 1962 2335 quod
1988 2302 2107 2337 reapse

451 2344 563 2377 evenit
589 2343 776 2378 mediatore
794 2344 945 2382 Christo,
965 2346 1022 2389 qui
1049 2351 1099 2378 est
1124 2345 1249 2379 laetitia
1268 2352 1299 2378 et
1319 2345 1419 2379 salus.
1447 2346 1579 2379 Etenim
1603 2358 1664 2380 nos
1683 2345 1838 2380 liberauit
1858 2358 1875 2381 a
1894 2348 2108 2393 corruptelae

453 2401 601 2439 tristitia,
626 2407 736 2435 morte
762 2401 949 2435 destructa:
974 2403 1164 2446 servatique
1190 2402 1333 2439 fuimus,
1359 2403 1484 2448 peccati
1509 2413 1613 2436 onere
1638 2414 1699 2449 per
1723 2410 1876 2438 sanctum
1900 2404 2108 2450 baptismum

452 2456 600 2493 abiecto,
622 2458 881 2505 confirmatique
900 2470 1015 2492 sumus
1035 2459 1211 2505 principali
1231 2460 1353 2504 Spiritu
1366 2485 1373 2496 ,
1394 2458 1518 2503 quibus
1543 2459 1656 2493 verbis
1681 2461 1881 2506 intelligitur
1899 2461 1976 2495 data
1996 2472 2013 2495 a
2031 2473 2109 2495 san-

454 2520 508 2547 cto
534 2515 659 2560 Spiritu
686 2515 871 2549 fortitudo:
893 2527 995 2561 quam
1016 2517 1040 2549 si
1060 2517 1135 2561 quis
1161 2517 1346 2561 susceperit
1371 2522 1403 2549 et
1428 2523 1539 2550 mente
1564 2528 1623 2551 sua
1649 2517 1856 2557 condiderit,
1877 2517 2109 2553 dominabitur

456 2573 596 2606 omnino
615 2572 857 2618 cupiditatibus
882 2575 966 2611 suis,
986 2580 1019 2607 et
1043 2573 1247 2607 diabolicam
1272 2574 1341 2606 vim
1367 2572 1557 2619 superabit,
1581 2575 1769 2620 principem
1787 2575 1951 2610 duoemve
1968 2577 2056 2610 intra
2073 2587 2109 2610 se

457 2627 584 2662 habens
609 2631 782 2675 Spiritum.
812 2632 895 2663 Nam
921 2632 1146 2676 quicumque.
1168 2631 1275 2675 inquit
1301 2631 1466 2675 scriptura
1494 2632 1524 2669 ',
1548 2632 1674 2677 Spiritu
1698 2633 1758 2666 Dei
1783 2639 1950 2678 aguntur,
1972 2632 2006 2666 hi
2031 2639 2109 2667 sunt

458 2682 517 2716 filii
544 2686 615 2718 Dei.
644 2687 684 2718 Et
709 2698 826 2720 rursus
846 2688 877 2719 'z
899 2688 1020 2732 spiritu
1046 2687 1234 2725 ambulate,
1256 2693 1289 2721 et
1314 2688 1422 2721 carnis
1447 2690 1753 2734 concupiscentiam
1778 2700 1821 2723 ne
1846 2688 2026 2735 perficiatis
2045 2688 2107 2734 (2).

556 2769 588 2797 ’1,
609 2768 703 2794 Denuo
725 2768 783 2795 heic
803 2774 829 2796 et
847 2769 916 2796 infra
936 2769 968 2795 de
989 2774 1097 2804 peceato
1115 2769 1250 2804 originali.

555 2812 589 2841 ’2)
608 2811 646 2836 lta
667 2819 779 2845 graecus
798 2817 885 2840 textus
904 2813 984 2840 modo
1003 2814 1183 2841 conjunctivo.
