2205 3177
449 232 481 255 tx
508 233 687 256 srisronm
714 233 737 254 1.
766 232 808 254 AD
834 229 1025 253 comninos
1052 229 1122 252 car.
1153 229 1213 251 xii.
1242 229 1279 251 m
1309 228 1379 250 xiv.
1709 214 1755 247 -725

78 299 283 336 vivificantis
309 297 423 332 calicis
448 298 554 331 instar
581 298 786 342 potaximuS.
809 292 1044 334 Quamobrem
1071 292 1183 327 aiebat
1200 293 1375 329 Christus,
1397 303 1505 338 quum
1525 289 1617 336 apud
1643 288 1758 323 Iacobi

82 363 224 405 puteum
242 368 320 390 cum
340 355 542 389 muliercula
561 354 767 399 loquebatur
780 353 808 384 ⁸:
829 365 843 382 «
858 351 918 396 qui
937 362 978 384 ex
996 351 1059 384 hac
1078 362 1164 395 aqua
1182 349 1288 388 bibit,
1305 350 1393 383 sitiet
1410 350 1552 382 iterum:
1569 348 1629 394 qui
1645 353 1759 381 autem

81 428 124 450 ex
144 423 182 450 ea
201 425 305 460 quam
326 424 391 459 ego
411 413 502 447 dabo
529 424 615 457 aqua
636 410 780 448 biberit,
803 408 861 442 fiet
879 408 909 441 ei
931 408 1009 441 fons
1035 419 1143 452 aquae
1166 408 1318 441 salientis
1336 408 1369 440 in
1395 407 1501 440 vitam
1528 411 1714 439 aeternam.
1740 418 1755 435 »

81 474 173 508 Alibi
197 484 282 507 vero
302 471 434 506 ludaeis
453 471 537 505 dixit
559 471 589 503 ⁶:
618 484 632 500 «
655 469 714 513 qui
734 466 843 501 credit
864 467 898 500 in
924 477 999 504 me,
1022 466 1107 499 sicut
1132 465 1215 499 dicit
1241 458 1428 510 scriptura,
1452 464 1595 498 [lumina
1616 463 1659 497 de
1679 474 1760 496 ven-

83 539 133 566 tre
155 532 227 565 eius
255 530 361 563 fluent
388 541 495 574 aquae
521 527 677 561 viventis.
707 526 782 559 Hoc
799 530 913 558 autem
941 522 1072 561 aiebat,
1093 524 1205 567 inquit
1231 523 1421 568 scriptura,
1446 522 1489 555 de
1516 521 1637 567 spiritu
1658 531 1763 566 quem

82 589 254 636 accepturi
281 594 377 621 erant
404 587 583 621 credentes
609 586 642 618 in
669 585 796 630 ipsum.
822 597 838 614 »
860 583 891 615 Si
917 582 1009 615 enim
1036 582 1110 627 ipse
1131 587 1181 615 est
1204 582 1265 614 Dei
1290 581 1431 619 fluxius,
1454 579 1644 613 secundum
1670 578 1762 625 psal-

82 649 202 682 mistae
227 646 360 680 dictum
380 647 412 684 ',
439 646 534 690 aquis
561 643 704 689 plenus,
726 647 757 676 et
784 647 921 675 torrens
945 640 1168 677 deliciarum,
1195 650 1266 684 quo
1291 644 1413 685 potare
1440 637 1566 671 dicitur
1593 643 1763 671 amatores

81 717 162 739 suos
187 706 279 739 Deus
306 709 420 750 pater,
448 702 532 748 quid
558 701 591 734 ni
612 700 758 746 Spiritus
781 700 874 737 eius,
903 698 990 732 calix
1011 697 1224 742 intelligatur
1249 702 1280 730 et
1308 707 1394 741 aqua
1419 694 1619 728 vivificans?
1646 694 1763 738 Itaque

82 762 125 796 ad
151 763 317 796 unitatem
345 773 362 795 a
390 761 517 806 Spiritu
543 758 671 795 vocati,
701 763 734 790 et
761 768 839 791 cum
865 756 1000 790 Christo
1026 754 1286 800 concorporati,
1315 753 1465 787 caritatis
1490 751 1667 785 vinculum
1694 761 1762 784 ser-

81 831 202 853 vemus
228 819 485 852 indissolutum.
1232 804 1235 807 ’

389 882 457 909 {lui
474 882 557 904 enim
574 881 716 908 loquitur
732 880 860 909 lingua,
878 886 938 902 non
956 879 1133 902 hominibus
1150 878 1291 906 loquitur
1308 878 1359 900 secl
1378 876 1451 899 neo.

179 934 389 968 Deliortatur
415 932 494 966 illos
522 933 710 978 quominus
735 931 898 967 credant,
928 930 1125 975 linguarum
1152 940 1251 962 usum
1280 928 1389 961 maius
1416 926 1501 972 quid
1528 936 1601 959 esse
1628 931 1659 958 et
1690 923 1766 958 illu-

81 990 204 1028 strius,
232 1000 337 1035 quam
367 989 619 1034 prophetarum
648 989 982 1034 interpretationem.
1012 988 1197 1032 Postquam
1225 986 1317 1019 enim
1347 984 1447 1018 nobis
1477 982 1765 1029 proposuerimus

83 1046 207 1085 fidem,
236 1058 350 1093 spem,
373 1058 434 1080 nec
462 1058 533 1080 non
559 1048 735 1080 caritatem
761 1058 841 1090 erga
870 1047 979 1079 Deum
1005 1051 1034 1078 et
1064 1044 1205 1083 fratres,
1235 1043 1330 1088 quod
1354 1043 1535 1076 universae
1560 1040 1644 1085 legis
1672 1050 1764 1073 com-

81 1104 296 1150 plementum
316 1111 386 1142 est,
415 1111 490 1137 tum
516 1104 659 1138 demum
686 1111 799 1138 cetera
821 1115 960 1149 quoque
989 1103 1231 1148 adiungantur.
1260 1103 1353 1134 Tune
1379 1100 1490 1139 enim,
1520 1104 1601 1132 tunc
1627 1098 1764 1142 utique,

82 1170 282 1209 opportuno
303 1163 493 1196 admodum
519 1170 693 1209 tempore,
717 1163 799 1208 ipsis
824 1173 963 1207 quoque
984 1162 1043 1194 Dei
1064 1159 1326 1194 charismatibus
1352 1157 1625 1195 cumulabimur,
1648 1168 1686 1190 ae
1702 1155 1766 1189 do·

81 1222 154 1259 nis,
176 1233 263 1267 quae
292 1233 352 1267 per
379 1222 543 1267 Spiritum
569 1222 711 1259 dantur,
734 1220 940 1259 ditabimur,
963 1231 1087 1265 nempe
1107 1218 1338 1264 prophetandi
1364 1217 1541 1255 facultate,
1563 1215 1597 1249 id
1617 1221 1667 1248 est
1686 1226 1766 1260 pro-

85 1280 205 1325 phetas
225 1280 487 1326 interpretandi.
506 1282 660 1325 Namque
679 1280 861 1324 Unigenito
881 1278 985 1312 semel
1007 1278 1205 1315 incarnato,
1224 1288 1323 1322 passo
1344 1288 1380 1310 ac
1401 1274 1621 1311 resuscitato,
1639 1279 1671 1307 et
1690 1273 1768 1306 uni-

85 1349 183 1371 versa
203 1338 290 1371 inter
309 1349 373 1371 nos
396 1337 649 1383 dispensatione
676 1342 928 1373 consummata,
950 1346 1120 1380 quaenam
1147 1336 1214 1367 iam
1240 1339 1417 1379 supererat
1444 1332 1649 1377 prophetiae
1668 1342 1769 1364 occa-

86 1395 152 1433 sio,
178 1395 231 1428 vel
258 1406 488 1440 quarumnam
511 1406 628 1428 rerum
655 1394 870 1439 praedictio?
896 1394 987 1437 Ergo
1015 1391 1236 1437 prophetatio
1260 1391 1344 1424 nihil
1373 1391 1447 1423 heic
1477 1389 1570 1423 aliud
1598 1390 1681 1427 erit,
1704 1389 1768 1422 nisi

86 1452 348 1498 prophetiarum
378 1451 672 1485 enucleandarum
699 1450 842 1484 facultas
868 1449 933 1494 (l);
960 1460 1045 1494 quas
1072 1448 1288 1482 auditoribus
1315 1447 1554 1494 explanantes,
1584 1452 1617 1480 et
1642 1446 1768 1479 deinde

84 1520 279 1543 sermonem
307 1515 465 1542 nostrum
492 1508 682 1543 secundum
708 1509 757 1541 rei
784 1508 965 1541 veritatem
991 1518 1032 1540 ex
1060 1507 1142 1552 ipsis
1169 1505 1430 1541 confirmantes,
1452 1506 1536 1539 recti
1560 1516 1769 1549 veracesque

84 1568 213 1601 erimus
231 1568 444 1613 optimarum
465 1578 583 1600 rerum
605 1567 822 1612 interpretes.
845 1566 909 1606 Qui
929 1576 1030 1609 ergo,
1053 1565 1180 1610 inquit,
1202 1564 1320 1610 lingua
1339 1564 1513 1609 loquitur,
1535 1574 1605 1596 non
1625 1569 1694 1596 tam
1712 1561 1769 1596 ho-

84 1626 194 1659 mines
219 1637 324 1671 quam
350 1625 462 1659 Deum
489 1625 691 1670 alloquitur.
722 1623 908 1664 Quomodo
935 1623 992 1661 id,
1022 1623 1192 1668 inquam?
1218 1624 1328 1656 Nemo
1356 1622 1468 1659 enim,
1497 1621 1628 1665 inquit,
1659 1619 1766 1653 audit.

85 1684 170 1717 Nam
198 1684 224 1717 si
253 1683 353 1717 alicui
380 1683 633 1729 discipulorum
661 1681 833 1716 tribuatur
860 1681 1002 1716 fortasse
1030 1682 1128 1727 copia
1155 1680 1320 1726 loquendi
1348 1679 1465 1725 lingua
1488 1678 1689 1717 Medorum,
1712 1678 1770 1711 alii

85 1746 198 1774 autem
225 1741 470 1779 Elamitarum;
498 1752 578 1774 mox
605 1740 660 1779 hi,
688 1740 747 1785 qui
774 1738 952 1784 loquendo
981 1745 1059 1772 sunt
1087 1739 1261 1784 deputati,
1290 1737 1435 1771 ludaeos
1462 1736 1683 1781 alloquantur
1712 1741 1770 1769 aut

85 1799 295 1832 Graecorum
322 1797 459 1837 turbas,
487 1799 564 1844 quis
592 1809 650 1832 eos
672 1798 829 1832 audiret?
852 1803 908 1831 aut
931 1808 1020 1843 quae
1047 1797 1217 1831 sermonis
1242 1802 1329 1830 esset
1356 1795 1509 1829 utilitas?
1528 1805 1632 1827 nemo
1656 1794 1767 1831 enim,

87 1862 224 1901 praeter
243 1857 356 1890 solum
377 1857 488 1890 Deum
506 1868 610 1901 quem
629 1856 713 1889 nihil
735 1855 836 1894 latet,
858 1856 1044 1901 quicquam
1064 1855 1251 1900 intelliget:
1270 1865 1349 1888 nam
1371 1853 1529 1899 Spiritui,
1545 1852 1674 1897 inquit,
1696 1862 1771 1896 my-

84 1914 190 1947 steria
216 1913 381 1959 loquitur.
411 1913 565 1948 Observa
588 1919 719 1951 autem,
745 1912 839 1958 quod
866 1914 939 1947 Deo
958 1913 1123 1958 loquens,
1150 1913 1290 1959 Spiritui
1316 1912 1491 1957 loquitur:
1515 1921 1599 1955 ergo
1625 1909 1772 1954 Spiritus

89 1972 180 2005 Deus
198 1978 247 2005 est
268 1971 327 2015 (2).
350 1972 414 2012 Qui
433 1972 538 2016 igitur
561 1971 676 2017 lingua
704 1971 877 2015 loquitur,
899 1972 972 2005 Deo
999 1972 1133 2016 potius,
1156 1971 1283 2015 inquit,
1304 1981 1409 2015 quam
1436 1967 1635 2002 hominibus
1658 1966 1773 2012 loqui-

88 2035 155 2062 tur.
178 2029 243 2069 Qui
261 2035 374 2063 autem
394 2029 596 2075 prophetat,
620 2029 709 2062 iuter
729 2029 887 2062 homines
907 2029 1061 2073 loquitur
1079 2040 1158 2062 cum
1178 2027 1434 2065 aedificatione,
1457 2026 1716 2061 adhortatione,
1738 2030 1770 2058 et

87 2086 267 2120 solamine.
298 2087 523 2133 Exploratum
544 2087 647 2131 igitur
673 2085 821 2125 habens,
843 2086 938 2131 quod
958 2087 1168 2132 prophetare
1195 2085 1361 2130 significat
1387 2084 1453 2118 hoc
1481 2084 1560 2117 loco
1585 2082 1772 2129 prophetas

88 2145 324 2190 interpretari,
345 2156 362 2178 a
390 2143 517 2189 quibus
542 2144 795 2178 adhortationis
821 2155 936 2177 sermo
964 2143 1138 2179 firmatur.
1162 2149 1196 2177 et
1220 2144 1435 2177 initiatorum
1460 2153 1558 2175 mens
1583 2141 1627 2176 ad
1649 2142 1772 2175 verita-

88 2207 159 2234 tem
185 2202 310 2236 Christi
336 2203 557 2248 perducitur,
580 2202 719 2236 aliunde
738 2214 877 2248 quoque
904 2200 1139 2241 demonstrat,
1161 2202 1449 2248 praestantiorem
1469 2212 1541 2234 esse
1566 2201 1638 2234 sine
1665 2199 1772 2233 dubio

92 2259 338 2304 prophetarum
362 2261 700 2307 interpretationem,
722 2271 827 2305 quam
849 2260 986 2305 linguae
1012 2259 1200 2306 loquelam.
1223 2261 1310 2293 Nam
1330 2270 1365 2292 se
1384 2260 1497 2305 ipsum
1516 2257 1671 2293 aedificat
1685 2283 1692 2295 ,
1713 2258 1773 2302 qui

91 2316 207 2361 iiugua
233 2317 404 2363 loquitur:
426 2320 553 2364 quippe
575 2320 646 2364 ipse
670 2319 851 2364 intelligit,
875 2318 962 2353 alius
981 2330 1065 2352 xero
1086 2330 1231 2364 prorsus
1256 2328 1372 2351 nemo.
1402 2317 1468 2357 Qui
1488 2322 1602 2350 autem
1622 2314 1771 2362 proplie-

92 2380 204 2408 tarum
231 2374 373 2409 vocibus
392 2381 423 2409 et
443 2377 610 2410 vaticiniis
636 2377 714 2410 loco
734 2377 921 2410 testimonii
951 2376 1075 2415 utitur,
1097 2376 1277 2410 ecclesiam
1297 2374 1466 2409 aedificat.
1490 2375 1598 2408 Maior
1620 2384 1704 2418 ergo
1722 2378 1771 2405 est

92 2438 125 2466 et
144 2432 332 2466 excelsiore
353 2433 462 2478 gradu
482 2433 609 2473 locata,
632 2446 669 2468 ac
696 2434 933 2480 splendidiore
960 2446 1020 2481 spe
1040 2434 1143 2473 freta,
1166 2433 1398 2481 prophetandi
1423 2433 1578 2466 scientia:
1601 2430 1770 2476 siquidem

91 2490 216 2524 melius
243 2491 315 2523 siue
345 2489 453 2524 dubio
478 2496 528 2523 est
554 2491 733 2525 ecclesiam
757 2491 958 2531 aedificare,
979 2503 1084 2538 quam
1110 2491 1175 2526 sibi
1201 2491 1265 2525 soli
1294 2491 1411 2537 lingua
1438 2490 1533 2535 loqui
1555 2489 1613 2534 (3).

348 2555 426 2578 Volo
443 2556 568 2582 quidem
584 2563 687 2580 omnes
704 2563 755 2580 vos
774 2557 862 2585 loqui
879 2557 1015 2588 linguis,
1031 2558 1131 2588 magis
1148 2559 1252 2580 tamen
1270 2556 1453 2585 prophetari
1471 2557 1527 2578 ete.

189 2607 274 2646 Quia
294 2607 507 2651 insperatum
527 2617 736 2651 prorsusque
762 2607 918 2641 divinum
942 2619 1067 2641 munus
1087 2613 1178 2646 erat,
1200 2607 1320 2640 alienis
1340 2617 1440 2651 posse
1462 2605 1587 2649 linguis
1605 2603 1773 2637 hebraeos

94 2664 252 2698 homines
270 2664 384 2708 loqui,
407 2675 448 2697 ne
474 2664 551 2708 quis
577 2664 787 2698 existimaret
810 2666 1005 2710 apostolum
1033 2665 1227 2699 inconsulte
1252 2663 1398 2698 definire
1422 2674 1548 2696 vanum
1576 2662 1660 2707 quid
1681 2673 1770 2701 esse,

91 2721 188 2766 quod
209 2722 337 2767 alioqui
362 2722 508 2766 Spiritus
527 2722 728 2767 operatione
747 2721 913 2756 donatum
933 2730 1025 2763 erat,
1048 2735 1121 2757 rem
1141 2722 1324 2757 admittens
1343 2722 1407 2754 ait:
1428 2719 1512 2754 volo
1537 2719 1677 2765 quidem
1697 2730 1773 2754 om—

193 2822 227 2852 (1)
247 2819 365 2846 Pulchra
386 2818 535 2845 admodum
557 2818 759 2853 interpretatio!

194 2866 229 2896 (2)
248 2863 441 2890 Animadverte
461 2862 556 2899 Cyrilli
575 2867 768 2898 argumentum
791 2867 818 2890 et
836 2864 1025 2891 testimonium
1046 2864 1079 2892 de
1101 2864 1219 2899 Spiritus
1239 2862 1326 2891 sancti
1345 2862 1496 2890 divinitate.

194 2911 227 2941 (33
248 2909 320 2936 Laus
339 2909 468 2936 scientiae
486 2908 654 2944 exegeticae,
674 2912 702 2936 et
721 2907 896 2943 professionis
916 2910 1144 2938 concionatoriae.

1799 357 1806 364 ·
1823 353 1872 374 loh.
1888 352 1926 374 lv.
1945 356 1974 372 i..

1801 474 1808 482 ‘
1826 472 1874 493 ioh.
1889 471 1940 492 vlt.
1955 474 1986 492 31⁴5.

1801 647 1810 656 ⁸
1824 644 1992 666 Ps,Lx1v.1‹·.

1801 876 1856 896 Car.
1872 874 1931 896 XIV.
1947 878 1965 894 μ’.

1807 1105 1844 1126 Gr.
1856 1110 1880 1131 p.
1896 1108 1928 1126 (58.

1813 2674 1849 2694 Gr.
1864 2680 1887 2700 ρ,
1902 2679 1926 2697 05·
