2205 3177
245 1317 250 1323 ·
258 1315 299 1351 xPs.
315 1315 413 1336 CXVIII.

458 212 522 244 160
954 222 980 243 S.
1010 222 1135 243 crmru
1162 223 1380 245 Ataxsxnnffl
1406 224 1609 246 nxrtANATto

454 287 608 330 perisset.
630 295 771 329 eamque
797 284 940 319 odisset.
965 291 999 318 ut
1025 286 1150 318 omisso
1170 286 1239 319 viiii
1260 286 1449 323 curriculo.
1472 286 1512 319 ad
1539 286 1626 321 bene
1645 287 1813 332 agendum
1831 294 2105 327 converteretur,

452 349 550 387 atque
576 353 593 373 e
619 340 787 374 malorum
814 340 937 385 abysso
962 340 1005 374 ad
1032 341 1142 375 bonae
1169 341 1273 388 frugis
1299 344 1401 376 vitam
1428 350 1627 387 emergeret.

985 407 1091 430 :volun
1110 408 1303 436 intelligere,
1319 411 1352 431 111
1371 409 1446 431 bene
1462 411 1578 437 ageret.

543 456 701 499 Magnum
727 454 840 488 adiicit
861 456 993 489 crimini
1017 456 1167 502 pondus,
1193 458 1218 490 si
1244 458 1319 502 quis
1338 469 1380 490 ne
1399 457 1528 491 discere
1546 457 1685 502 quidem
1705 458 1786 491 xelit
1811 470 1876 504 qua
1896 460 2025 493 ratione
2043 459 2107 492 bo-

449 524 511 545 nus
539 511 609 545 lieri
637 511 876 558 bonorumque
902 525 1045 558 opernm
1073 520 1217 547 sectator
1242 521 1360 560 queat:
1383 515 1665 559 manifestumque
1691 515 1852 549 indicium
1878 523 1945 555 est,
1968 528 2044 550 eum
2070 517 2106 549 in

452 568 602 601 intimam
623 569 789 613 nequitiae
810 568 942 602 foveam
963 582 1033 603 esse
1053 571 1267 615 prolapsum.
1289 572 1314 603 si
1336 583 1376 603 ne
1396 583 1529 604 summo
1548 571 1683 616 quidem
1698 598 1705 609 ,
1727 578 1762 605 nt
1786 573 1830 605 ita
1849 572 1978 609 dicam,
1999 573 2107 618 digito

451 636 560 658 sacras
579 626 750 659 doctrinas
769 627 934 670 attingere.
952 628 1048 663 velit.
1072 640 1088 660 a
1108 627 1231 672 quibus
1251 628 1372 672 cuique
1391 628 1467 662 licet
1487 630 1659 662 scientiam
1679 629 1830 666 haurire.
1851 640 1938 673 quae
1957 629 1999 662 ad
2017 631 2108 675 opti-

452 693 538 715 mam
566 683 668 715 1113111
695 682 807 716 ducat.
838 684 941 717 Rudis
961 690 1006 717 est
1027 696 1110 729 ergo
1130 684 1233 718 homo
1260 685 1413 729 iniquus,
1435 692 1465 718 et
1492 685 1689 719 salutarium
1716 686 1936 731 x'italiumquc
1955 686 2109 733 discipli-

452 751 571 773 narum
597 751 727 785 expers.

984 807 1087 829 Vei-tm
1103 808 1166 829 oris
1182 808 1247 830 eius
1265 808 1416 834 iniquitas
1432 810 1461 830 et
1477 808 1575 830 dolus.

547 855 642 888 Haud
671 857 774 888 utitur
799 857 948 900 sapiente
974 856 1026 888 vel
1054 856 1221 900 prudente
1249 856 1377 900 lingua,
1398 868 1484 901 quae
1511 856 1600 890 sores
1623 868 1802 901 seramque
1821 856 1961 895 habeat:
1982 857 2040 891 sed
2059 857 2109 891 es-

452 911 554 945 frenis
579 919 647 950 est,
671 918 702 945 et
729 924 905 957 perversos
925 912 1074 957 undique
1099 914 1196 945 iactat
1217 924 1409 948 sermones:
1432 914 1646 958 nequitiaque
1673 913 1840 947 redundat
1867 925 1905 947 ac
1929 913 2029 951 dolo;
2050 925 2107 947 ne-

454 970 557 1013 quitia
583 968 738 1013 quidem,
760 976 795 1002 ut
822 969 953 1005 ludaei.
975 969 1020 1002 ob
1039 970 1148 1003 illatas
1167 970 1299 1003 Christo
1326 971 1481 1009 iniurias;
1503 970 1585 1004 dolo
1611 977 1738 1009 autem,
1760 971 1838 1015 quia
1856 977 1893 1004 ut
1911 970 2009 1004 illum
2030 969 2108 1004 illa-

453 1031 632 1070 quearent.
655 1024 781 1058 blando
807 1037 884 1058 cum
910 1037 1066 1059 sermone
1092 1026 1308 1060 accedebant.

934 1091 1138 1118 iniquitatem
1154 1092 1320 1114 meditatus
1335 1094 1380 1114 est
1396 1093 1429 1114 in
1447 1092 1544 1115 cubili
1561 1099 1624 1115 suo.

547 1142 609 1181 Qui
636 1141 737 1174 sacris
763 1152 894 1174 morem
920 1148 1040 1185 gerunt
1066 1141 1216 1187 legibus,
1237 1148 1266 1175 et
1294 1153 1380 1187 quae
1405 1149 1538 1175 sanctos
1557 1142 1677 1175 decent
1701 1141 1818 1174 studiis
1844 1142 2033 1187 gloriantur
2054 1140 2109 1176 in-

453 1198 585 1235 sistere;
606 1198 663 1242 qui
690 1197 903 1243 splendidam
929 1204 961 1231 et
987 1199 1079 1232 omni
1107 1210 1244 1232 censura
1272 1205 1440 1232 carentem
1466 1200 1569 1232 vitam
1597 1198 1740 1243 degunt,
1762 1199 1797 1232 hi
1823 1199 1960 1232 demum
1983 1210 2107 1233 conve-

454 1254 623 1287 nientibus
640 1266 777 1300 quoque
797 1254 954 1288 laudibus
973 1267 1188 1289 communem
1208 1256 1420 1289 Servatorem
1439 1255 1623 1289 celebrant.
1645 1255 1770 1293 Media,
1792 1257 1920 1301 inquit,
1942 1257 2032 1289 enim
2050 1267 2107 1290 110-

453 1318 503 1345 cte
529 1311 750 1356 exsurgebant
770 1312 811 1345 ad
831 1312 1064 1345 confitendum
1086 1312 1145 1345 tibi
1169 1323 1270 1358 super
1291 1312 1411 1346 iudicia
1432 1313 1576 1346 iustitiae
1596 1319 1670 1346 tuae
1691 1313 1721 1345 ἐ
1744 1324 1864 1358 nempe
1883 1313 2006 1346 divinis
2023 1324 2107 1358 ope-

455 1379 524 1400 ram
551 1368 668 1401 (lantes
694 1369 889 1414 scripturis.
918 1369 1057 1414 spiritali
1085 1369 1284 1402 omnimodo
1310 1369 1417 1402 odore
1443 1375 1592 1403 mentem
1619 1381 1713 1402 snam
1740 1369 1897 1414 replent,
1925 1376 1957 1403 et
1989 1380 2108 1403 omnes

454 1427 618 1459 xirtutum
645 1432 836 1460 scrutantur
861 1426 948 1463 vias,
969 1426 1156 1471 seduloque
1175 1427 1354 1471 exquirunt
1381 1438 1529 1471 quonam
1550 1427 1613 1472 ipsi
1633 1433 1730 1471 pacto
1750 1426 1832 1460 fiant
1850 1426 2006 1460 meliores
2019 1452 2026 1461 .
2048 1426 2108 1460 de-

453 1484 554 1529 niqne
579 1484 737 1528 pietatem
757 1484 857 1517 simul
881 1484 1069 1528 sanctisque
1087 1483 1301 1529 splendidam
1320 1483 1483 1528 exemplis
1508 1484 1612 1516 vitam
1630 1489 1799 1517 sectantur
1818 1484 1876 1529 (1).
1899 1485 1998 1517 Secns
2022 1495 2106 1517 vero

453 1541 606 1584 flagitiosi
625 1540 823 1585 exlegesque
844 1540 997 1574 homines
1015 1541 1137 1585 quietis
1156 1546 1341 1574 nocturnae
1361 1547 1492 1586 tempus
1512 1540 1626 1573 lustris
1651 1547 1873 1579 consumunt,
1895 1548 1995 1586 atque
2012 1541 2105 1574 omni

451 1599 611 1630 vitiorum
636 1608 758 1642 genere
777 1608 835 1630 cor
854 1609 953 1630 suum
972 1597 1272 1636 commaculantes,
1294 1597 1507 1630 illucescente
1527 1596 1664 1630 demum
1687 1603 1721 1630 ut
1741 1598 1784 1630 ita
1804 1597 1915 1631 (licam
1933 1597 2007 1635 die,
2029 1609 2106 1644 per-

452 1665 624 1688 versarum
651 1665 786 1687 suarum
811 1654 1024 1687 voluntatum
1052 1654 1198 1687 Fructum
1225 1654 1388 1687 referunt.
1420 1655 1579 1687 Insistunt
1605 1655 1695 1687 enim
1721 1655 1793 1687 viae
1821 1666 1888 1688 non
1915 1654 2038 1688 bonae.

1069 1719 1202 1742 Adstitit
1219 1720 1285 1741 viae
1302 1725 1361 1741 non
1381 1719 1487 1741 bonne.

546 1770 582 1801 In
609 1774 735 1802 tantam
765 1770 855 1802 venit
885 1780 979 1802 mens
1007 1780 1127 1802 eorum
1157 1768 1361 1813 nequitiam,
1389 1774 1427 1800 ut
1452 1779 1469 1800 a
1494 1773 1632 1813 peccato
1662 1778 1849 1812 numquam
1879 1767 2100 1802 abhorreant.

453 1827 567 1870 Neque
592 1827 682 1859 enim
707 1826 852 1860 absurda
870 1827 1008 1871 quaevis
1027 1833 1242 1865 aversantur,
1263 1827 1321 1871 qui
1342 1825 1450 1871 legem
1470 1826 1593 1871 passim
1612 1826 1741 1859 violare
1761 1826 1882 1860 solent.
1912 1827 1995 1860 Nam
2016 1832 2105 1861 certe

452 1882 485 1915 id
512 1895 580 1917 non
606 1890 759 1928 agerent,
781 1884 874 1929 quod
901 1883 981 1917 odio
1006 1882 1181 1917 haberent.

713 1949 842 1971 Domine
858 1950 890 1971 in
908 1949 992 1971 eaelo
1008 1949 1218 1971 misericordia
1236 1951 1305 1976 tua,
1321 1950 1351 1971 et
1368 1949 1481 1971 veritas
1498 1951 1553 1971 tua
1570 1955 1665 1975 usque
1681 1949 1720 1971 nd
1738 1949 1842 1971 nubes.

544 1998 706 2031 Nonnulli
726 1999 777 2032 his
796 1999 917 2032 auditis
936 1997 1048 2032 verbis
1072 2013 1085 2029 t(
1107 1999 1229 2032 iet-itas
1256 2005 1311 2032 tua
1338 2009 1443 2042 usque
1469 1998 1511 2031 ad
1536 1997 1645 2031 nubes
1666 2012 1682 2029 »
1705 2009 1783 2031 ansa
1810 1997 1888 2031 hinc
1906 1998 2033 2031 erroris
2050 2009 2105 2032 ar-

450 2060 560 2099 repta,
581 2054 775 2088 sublunaria
795 2056 906 2088 omnia
927 2055 1061 2089 destitui
1080 2056 1138 2088 Dei
1159 2055 1373 2101 providentia
1391 2056 1721 2100 pronunciaverunt;
1742 2055 1777 2087 in
1795 2066 1943 2100 quorum
1961 2065 2105 2088 numero

448 2117 495 2144 est
514 2112 712 2145 Aristoteles
731 2114 789 2157 12).
818 2113 882 2146 Alii
904 2124 986 2146 vero
1004 2124 1119 2146 sensus
1145 2113 1294 2146 historici
1321 2113 1520 2146 densitatem
1546 2112 1707 2151 vitantes,
1728 2112 1769 2145 ad
1794 2112 2006 2157 tropologiae
2024 2111 2103 2146 sub-

450 2168 601 2201 tilitatem
622 2180 656 2202 se
675 2170 850 2208 attollunt,
872 2176 904 2203 et
923 2170 1034 2203 caelos
1059 2170 1173 2203 dicunt
1194 2181 1264 2203 esse
1290 2169 1446 2214 angelos,
1469 2168 1576 2202 nubes
1596 2169 1799 2214 prophetas,
1821 2174 1955 2202 montes
1973 2169 2032 2202 Dei
2051 2169 2102 2202 111-

449 2225 655 2259 tellectuales
680 2226 850 2271 celsasque
876 2227 1062 2272 potentias,
1084 2233 1140 2260 aut
1166 2227 1290 2260 virtute
1316 2227 1350 2259 in
1375 2226 1481 2259 altum
1505 2225 1657 2260 sublatos
1682 2226 1850 2259 homines.
1879 2226 1981 2271 Atqui
2006 2226 2040 2259 in
2065 2237 2102 2259 re

450 2283 614 2327 praesenti
642 2282 731 2316 1131111
757 2283 877 2316 idonee
896 2283 976 2317 haec
997 2284 1198 2328 cogitantur.
1226 2285 1302 2317 Non
1321 2284 1411 2317 enim
1430 2284 1463 2316 in
1484 2283 1563 2316 solis
1581 2283 1703 2316 sanctis
1724 2282 1851 2327 angelis
1869 2282 2100 2316 misericordia

378 2358 408 2373 5.
450 2346 601 2373 xersatur
620 2340 696 2377 Dei;
718 2351 826 2385 neque
852 2352 967 2373 rursus
992 2340 1026 2372 in
1052 2340 1131 2373 solis
1149 2339 1352 2373 sublimibus
1377 2342 1501 2373 virtute
1526 2339 1723 2373 hominibus
1748 2340 1870 2373 iustitia
1888 2340 1948 2373 Dei
1967 2340 2101 2385 conspi—

445 2397 552 2435 citur;
573 2396 630 2430 sed
650 2396 690 2429 ad
711 2408 828 2430 omnes
854 2396 1009 2429 homines
1027 2396 1161 2429 divinae
1181 2395 1340 2430 bonitatis
1364 2398 1468 2442 gratia
1487 2396 1668 2430 redundat.
1698 2398 1803 2430 Porro
1828 2397 1908 2429 dicit
1927 2395 2098 2441 psalmista

448 2453 479 2485 in
505 2453 598 2487 caelo
624 2465 694 2487 esse
720 2454 987 2487 misericordiam
1004 2454 1081 2491 Dei,
1103 2454 1241 2498 eiusque
1260 2465 1366 2498 usque
1393 2453 1433 2486 ad
1453 2453 1562 2487 nubes
1579 2454 1755 2487 veritatem
1773 2465 1844 2487 esse
1863 2452 2097 2491 sublimatam.

449 2510 604 2544 iustitiam
631 2512 767 2556 insuper
793 2512 862 2544 eius
890 2509 1063 2544 montibus
1087 2510 1369 2555 comparandam,
1392 2517 1425 2543 ut
1453 2522 1493 2544 ex
1518 2511 1570 2544 his
1596 2522 1718 2556 nempe
1742 2509 1966 2548 dictionibus,
1986 2509 2099 2543 excel-

541 2605 575 2633 (¹1¹
594 2603 666 2628 Laus
685 2602 783 2629 iterum
803 2609 938 2628 sacrarum
958 2601 1110 2635 vigiliarum
1131 2608 1298 2635 precumque
1320 2605 1522 2627 nocturnarum.

542 2648 573 2676 12)
594 2646 670 2672 Hane
693 2645 844 2672 Aristotelis
868 2645 977 2679 impiam
1001 2644 1155 2678 opinionem
1179 2643 1262 2670 refert
1284 2644 1471 2671 Theodoretus
1494 2645 1522 2671 111
1543 2653 1665 2672 sermone
1689 2645 1721 2672 de
1745 2645 1910 2680 providentia
1932 2644 1983 2672 sub
2001 2643 2093 2671 initio:

450 2690 504 2714 ἰ’ἐέ
523 2701 550 2723 γε
573 2693 718 2725 ,Νικσμαχηυ
739 2693 814 2725 μέχρι
840 2692 947 2718 σελήνη,-
976 2691 1097 2724 ὖπγιλήγέ
1125 2690 1162 2714 70¹7
1189 2689 1246 2714 55:⁴1
1273 2692 1446 2724 πρυτανεύειν,
1471 2692 1512 2715 τῶν
1537 2692 1560 2715 δέ
1587 2702 1650 2724 μετα
1679 2692 1770 2718 τκύτην
1796 2691 1906 2716 ἁπάντων
1927 2690 2090 2724 ἦμεληκέναιε

448 2734 609 2760 Nicomachi
621 2735 702 2769 filius
721 2735 786 2761 Ιιιηα
808 2736 883 2760 tenus
900 2736 1013 2768 palari!
1027 2736 1078 2760 Dei
1093 2734 1299 2768 providentiam
1317 2742 1359 2759 res
1379 2735 1522 2760 moderari
1528 2745 1538 2767 ;
1550 2737 1582 2761 at
1599 2743 1631 2760 ea
1651 2743 1722 2768 quae
1740 2733 1817 2767 infra
1830 2734 1925 2761 lunam
1942 2735 2019 2766 sunt,
2032 2741 2091 2759 om-

447 2778 493 2802 nia
514 2777 659 2811 neqliqere.
680 2779 851 2805 Contrarium
870 2782 960 2805 tamen
980 2782 1005 2803 et
1024 2778 1157 2811 insignem
1182 2777 1275 2804 recitat
1294 2778 1445 2805 Aristotelis
1469 2779 1557 2805 locum
1579 2779 1671 2804 Cicero
1690 2777 1723 2805 de
1741 2783 1798 2805 nat.
1819 2780 1851 2804 D.
1874 2778 1908 2804 Π.
1929 2781 1970 2804 37.
1990 2776 2095 2811 Operae

447 2827 506 2846 vero
526 2822 640 2855 pretium
659 2822 709 2848 erit
727 2822 813 2857 legere
832 2822 956 2849 eumdem
976 2822 1130 2848 Ciceronem
1150 2820 1285 2856 praedicto
1304 2822 1330 2848 111
1351 2821 1419 2849 libro
1438 2830 1496 2857 cap.
1512 2823 1616 2849 XXIX.
1636 2826 1662 2848 et
1680 2830 1752 2857 seqq.
1769 2822 1802 2849 ab
1821 2822 1854 2849 iis
1874 2821 1971 2849 verbis:
1988 2823 2089 2855 proxi-

448 2871 519 2890 mum
541 2866 581 2890 es!
599 2867 627 2890 u!
645 2866 773 2899 doceam,
793 2867 906 2893 deorum
923 2868 1105 2901 providentia
1125 2866 1256 2893 mundum
1276 2867 1477 2893 administrari
1496 2871 1546 2893 etc.
