2205 3177
531 176 563 198 IN
588 176 742 198 PSALMUM
771 176 889 198 Lxxut.
918 175 1035 198 LXXIV.
1066 177 1169 199 Lxxv.
1199 178 1237 199 ΕΤ
1264 177 1379 200 Lxxvt.

1729 172 1750 202 :0

1754 171 1774 202 0¹

1778 171 1798 202 :st

742 273 968 312 PSALMUS
997 275 1173 313 LXXVI.

597 365 793 387 Exere-initus
809 370 891 389 suni,
908 365 937 385 et
955 364 1067 386 desei-it
1085 365 1217 391 spiritus
1232 372 1326 388 meus.

213 414 423 447 Exercitatus
449 425 525 447 sum
551 414 615 452 ait,
638 425 702 458 pro
729 412 938 450 meditabar,
969 414 1059 446 curis
1086 414 1224 447 minutis
1251 414 1421 460 angebar,
1451 423 1485 449 ut
1514 428 1622 463 prope
1649 419 1800 453 animum

111 471 386 517 desponderem.
417 471 547 504 Deinde
572 471 655 515 quid
684 470 810 503 sactum
837 471 900 507 sit.
922 477 955 503 ct
980 471 1157 515 quodnam
1183 473 1327 506 omuino
1353 473 1439 506 illud
1465 482 1551 508 esset
1577 477 1797 514 exercitium.

118 530 188 563 sive
215 540 314 566 cura.
337 528 502 566 suadens,
524 528 736 561 demonstrat
763 539 844 561 mox
870 527 1005 561 dicens:
1030 536 1367 573 praeoccupaverunt
1395 532 1565 564 custodias
1592 544 1711 566 omnes
1737 535 1801 567 ini-

116 587 197 619 mici
226 587 304 619 mci.
335 587 409 619 Hoc
435 591 549 619 autem
575 585 658 630 quid
686 597 805 618 rursus
830 586 904 618 est'?
931 586 962 617 Si
988 585 1128 630 quando
1155 585 1269 618 hostes
1294 586 1414 620 urbem
1435 587 1613 625 obsident,
1635 592 1800 635 quamdiu

118 646 209 677 cives
235 643 407 677 custodias
433 643 503 676 sive
530 642 789 688 propugnacula
809 643 935 676 servari
957 642 1092 678 vident,
1114 654 1210 688 spem
1237 643 1354 676 salutis
1376 646 1534 678 retinent.
1563 647 1663 687 Quod
1690 649 1715 680 si
1743 661 1801 682 cu-

119 701 236 734 stodes
261 701 466 737 dormitent,
492 707 524 733 et
551 710 631 733 mox
657 698 842 732 subeuntes
868 699 983 733 hostes
1008 699 1179 733 custodias
1205 707 1391 746 occupent,
1414 713 1451 735 ac
1479 715 1595 736 muros
1621 712 1798 749 superent,

120 765 202 792 tuuc
228 759 262 791 hi
289 758 430 791 demum
457 758 604 790 victores
624 756 722 790 fiunt.
751 757 836 790 Cum
855 768 937 801 ergo
957 758 1148 802 psalmista,
1170 765 1305 803 sumpta
1332 770 1349 792 a
1376 758 1501 793 bellico
1526 763 1662 805 negotio
1682 763 1802 796 simili—

122 817 240 849 tudine
260 816 323 850 ait:
350 821 686 860 praeoccupaverunt
715 815 886 848 custodias
912 826 1032 848 omues
1057 816 1185 849 inimici
1212 816 1298 854 mei,
1320 816 1445 850 docere
1470 817 1544 850 xult
1571 830 1604 851 sc
1630 820 1757 852 victum
1784 833 1801 855 a

120 874 251 907 cunctis
278 871 452 910 hostibus,
474 879 507 906 et
533 873 712 907 iictoriam
739 883 864 917 paenes
883 872 961 905 illos
987 879 1088 906 stare.
1117 874 1157 906 Et
1177 875 1293 918 paucis
1316 875 1512 908 interiectis.
1542 876 1653 909 Veluti
1682 876 1802 911 urbem

122 931 341 969 devicerunt,
363 931 533 976 potitique
560 937 639 964 sunt
665 930 807 963 victoria
835 929 961 962 hostes.

511 996 551 1019 Et
567 997 647 1019 dixi:
665 1003 748 1018 nune
765 996 864 1023 eoepi3
882 996 957 1018 haec
972 997 1106 1018 mutatio
1123 997 1269 1019 dexterae
1286 998 1407 1020 excelsi.

217 1045 295 1079 Atio
321 1057 460 1091 quoque
486 1045 592 1079 inodo
619 1045 807 1090 intelliges:
829 1056 952 1090 nempe
979 1057 1069 1077 nuuc
1097 1046 1194 1090 coepi
1218 1053 1308 1079 recte
1327 1048 1566 1092 sapienterque
1592 1048 1801 1094 intelligere,

118 1114 208 1148 quae
234 1104 325 1136 Deus
351 1114 413 1148 per
439 1103 683 1136 iucarnationis
710 1102 911 1146 mysterium
938 1103 1064 1146 egerit:
1086 1102 1180 1146 quod
1205 1104 1369 1136 nimirum
1388 1105 1540 1138 Christus
1567 1105 1673 1138 factus
1701 1106 1804 1139 homo

123 1171 196 1193 rem
223 1167 375 1194 nostram
395 1161 429 1193 in
449 1160 571 1194 melius
590 1160 785 1193 mutaverit.
815 1160 963 1192 Mutatus
980 1158 1029 1191 fui
1049 1165 1079 1192 ct
1100 1171 1164 1204 ego
1184 1160 1226 1193 de
1246 1162 1348 1194 animi
1374 1162 1494 1195 habitu
1514 1163 1547 1195 iu
1567 1163 1689 1201 aliuu‘u
1714 1170 1803 1197 recte

123 1218 189 1250 iam
216 1218 344 1253 sentio:
369 1216 455 1250 hene
481 1228 561 1262 erga
580 1217 689 1250 Deum
711 1228 786 1249 sum
806 1216 965 1253 affectus,
987 1217 1066 1261 quia
1086 1217 1114 1249 is
1134 1224 1267 1251 sanctos
1286 1218 1395 1263 diligit
1416 1219 1595 1264 salvosque
1620 1220 1710 1253 facit.
1740 1220 1803 1254 Sed

122 1280 156 1308 et
181 1272 325 1318 quilibet
352 1274 458 1307 homo
478 1285 494 1307 a
516 1274 665 1318 nequitia
691 1272 874 1311 recedenS,
900 1273 952 1305 vol
981 1274 1014 1306 in
1041 1274 1166 1306 virtute
1194 1286 1414 1319 perseverans
1435 1288 1472 1309 ac
1492 1276 1693 1321 proficiens,
1715 1277 1805 1310 dicat

126 1332 259 1376 utique:
278 1343 367 1364 nunc
387 1332 501 1376 coepi;
518 1330 604 1364 lianc
622 1331 847 1363 mutationem
867 1330 1007 1364 dextera
1025 1331 1085 1364 Dei
1105 1331 1264 1376 largitur,
1283 1344 1407 1378 nempe
1426 1340 1461 1366 ut
1482 1345 1616 1379 semper
1636 1346 1697 1379 per
1715 1346 1806 1368 excr-

123 1389 201 1422 citia
229 1389 363 1433 pietatis
389 1389 423 1420 in
449 1388 572 1421 melius
597 1387 839 1432 procedamus,
868 1388 954 1421 Nam
979 1388 1038 1432 qui
1064 1388 1190 1421 virtute,
1210 1388 1366 1434 proficit,
1390 1402 1459 1423 non
1486 1397 1533 1424 est
1561 1392 1631 1424 sine
1658 1392 1806 1436 quadam

124 1447 324 1479 mutatione.
354 1447 509 1479 Iamvero
536 1451 568 1478 et
593 1445 665 1490 ipse
685 1445 887 1490 Unigenitus
914 1452 1065 1479 mutatus
1090 1446 1231 1485 dicitur,
1254 1459 1315 1481 ceu
1342 1449 1367 1480 si
1395 1448 1509 1482 divina
1534 1455 1654 1482 natura
1680 1448 1807 1483 demis-

124 1504 219 1537 sione
245 1515 304 1537 sua
325 1504 358 1536 in
379 1503 526 1536 formam
553 1508 707 1536 nostram
734 1503 952 1548 speciemque
978 1514 1141 1537 conversa
1168 1505 1210 1538 sit
1231 1504 1297 1549 (1),
1321 1516 1390 1538 non
1418 1512 1532 1539 tamen
1559 1507 1739 1540 amissione
1760 1507 1806 1553 (2)

124 1559 238 1605 aliqua
265 1559 323 1593 sed
351 1559 597 1605 assumptione.

1842 1009 1862 1023 ν,
1880 1007 1910 1024 ll.

1842 1031 1879 1050 (ir⁴
1895 1036 1916 1055 p.
1932 1033 1976 1051 403.

260 1634 343 1656 Deus
359 1635 394 1657 iu
411 1636 517 1657 saneto
535 1635 586 1656 vin
603 1635 668 1656 tua.
685 1645 697 1651 -
713 1633 760 1656 'fu
777 1641 808 1657 es
825 1634 908 1657 neus
925 1635 1042 1658 faciens
1059 1636 1236 1659 mirabilia:
1253 1638 1359 1660 notam
1378 1638 1480 1660 fecisti
1498 1638 1532 1660 in
1550 1637 1674 1665 populis

630 1678 779 1700 virtutem
796 1679 898 1705 tuam3
915 1679 1073 1702 redemisti
1091 1680 1219 1702 brachio
1237 1682 1302 1704 tuo.

1847 1651 1866 1665 r.
1886 1648 1954 1666 {i-IJ„

221 1733 317 1766 Viam
340 1733 396 1765 Dei
417 1744 489 1765 esse
514 1731 596 1766 dicit
623 1733 774 1765 veritatis
793 1732 966 1772 studium,
988 1740 1117 1767 rectam
1144 1736 1308 1780 cuiusque
1328 1737 1455 1781 negotii
1475 1737 1729 1775 tractationem,
1750 1748 1810 1770 ne-

126 1790 209 1834 gotii
235 1791 376 1834 inquam
402 1790 550 1823 cuiusvis
568 1790 647 1822 iusti
673 1796 705 1823 et
732 1790 851 1823 sancti.
880 1811 902 1816 —
929 1791 1004 1836 Ipse
1030 1792 1119 1824 enim
1147 1798 1197 1825 est
1222 1792 1433 1826 mirabilium
1460 1800 1597 1831 auctor,
1618 1794 1697 1838 quia
1717 1794 1810 1828 solus

127 1853 175 1880 est
202 1854 322 1893 suapte
349 1853 468 1881 natura
495 1854 529 1880 et
552 1859 633 1881 vere
659 1849 761 1881 Deus.
791 1869 813 1873 —
839 1848 1008 1882 Virtutem
1029 1855 1066 1882 vet
1093 1848 1272 1883 brachium
1298 1851 1468 1896 intelliges
1498 1863 1569 1884 esse
1598 1851 1705 1885 filium
1735 1853 1806 1885 Dei.

392 1912 550 1936 viderunt
566 1914 598 1936 {e
613 1920 729 1940 aquae,
745 1913 845 1941 neus,
861 1915 893 1936 et
909 1915 1100 1942 timuerunt,
1117 1915 1325 1942 turbataeque
1342 1919 1413 1938 sunl
1432 1917 1543 1943 abyssi.

223 1962 372 1996 Redimit
397 1968 552 1996 sanctum
578 1961 771 2008 baptisma,
800 1969 832 1996 et
859 1974 876 1996 a
903 1962 1033 1996 diaboli
1062 1964 1242 2006 tyrannide
1275 1965 1407 1998 fortiter
1438 1966 1599 2000 xindicat.
1630 1967 1691 1999 Hic
1718 1967 1807 1999 cnim

130 2020 236 2052 nostri
263 2019 463 2053 dominatur
489 2031 550 2064 per
577 2025 771 2064 peccatum,
794 2019 890 2064 quod
917 2021 952 2053 in
978 2019 1142 2053 membris
1168 2022 1292 2054 nostris
1319 2022 1441 2066 gliscit.

440 2085 552 2107 Yocem
568 2085 723 2107 ‹leden-unt
740 2085 851 2111 nubes,
867 2086 983 2107 etenim
999 2086 1135 2114 saginae
1153 2087 1225 2108 uuae
1242 2087 1424 2109 discurrunt
1442 2089 1499 2110 ete.

226 2134 421 2168 Secundum
440 2134 671 2180 tropologiam
689 2140 819 2172 autem.
839 2134 1025 2168 multitudo
1044 2135 1269 2169 collectorum
1286 2137 1320 2169 in
1339 2137 1488 2170 ecclesiis
1502 2138 1561 2170 Dei
1579 2137 1807 2183 populorum,

131 2192 227 2238 aquis
254 2198 471 2237 comparata,
494 2192 614 2225 videns
640 2193 730 2225 inter
755 2191 913 2225 homines
938 2198 1131 2225 versantem
1158 2194 1286 2232 Deum,
1312 2200 1442 2227 metum
1469 2194 1651 2228 salutarem
1678 2201 1725 2228 est
1752 2208 1811 2228 ex-

132 2255 227 2295 perta
253 2250 311 2294 qui
337 2250 522 2295 sapientiae
549 2249 683 2282 initium
702 2255 764 2282 est.
794 2247 919 2293 Abyssi
946 2255 1079 2287 aut-em,
1102 2250 1135 2283 id
1156 2257 1205 2283 est
1224 2251 1485 2285 incredulorum
1504 2252 1636 2288 classis,
1658 2250 1812 2285 turbatae

130 2313 208 2341 sunt
234 2307 319 2340 dum
344 2313 462 2341 contra
489 2306 667 2341 ecclesiam
694 2307 887 2351 insurgunt.
918 2307 988 2340 lam
1016 2306 1142 2343 nubes,
1167 2307 1293 2352 quibus
1319 2309 1519 2342 mandatum
1548 2309 1626 2347 fuit,
1650 2321 1691 2342 ne
1717 2309 1813 2342 dein—

130 2376 209 2410 ceps
228 2376 331 2410 supra
351 2365 527 2409 antiquam
546 2365 680 2398 vineam
700 2363 887 2398 Israhelem
906 2363 1059 2409 pluviam
1078 2365 1313 2403 demitterent,
1331 2366 1489 2411 discipuli
1509 2366 1696 2400 Servatoris
1715 2372 1810 2403 sunt,

131 2423 189 2467 qui
217 2422 451 2467 evangelicum
479 2421 754 2455 administrantes
773 2421 937 2459 verbum,
959 2428 1033 2455 toto
1052 2421 1138 2456 orbe
1164 2423 1343 2456 caelestem
1370 2423 1523 2468 pluviam
1543 2423 1811 2462 distribuerunt,

132 2491 253 2513 vocem
279 2480 466 2516 dederuut,
490 2480 525 2512 in
545 2480 740 2513 universam
759 2479 851 2512 enim
871 2485 998 2512 terram
1017 2479 1119 2513 exivit
1139 2491 1243 2512 sonus
1261 2492 1395 2513 eorum.
1423 2481 1507 2513 Tum
1527 2481 1629 2514 etiam
1648 2480 1813 2514 salutares

130 2536 327 2582 electaeque
345 2537 504 2582 sagittae,
524 2547 612 2582 quae
632 2536 840 2570 sali‘atorum
861 2537 991 2570 animas
1009 2536 1153 2574 feriunt,
1176 2537 1336 2570 nimirum
1355 2538 1418 2582 ipsi
1438 2549 1557 2571 rursus
1575 2538 1738 2582 apostoli,
1759 2538 1812 2572 wel

134 2596 230 2640 ignea
250 2595 309 2627 Dei
329 2593 485 2633 oracula,
509 2600 542 2627 et
560 2594 704 2640 Spiritus
723 2594 890 2632 efficacia,
913 2605 1169 2639 quaqueversus
1188 2595 1363 2628 cursitant.
1385 2596 1525 2628 Tonitru
1546 2595 1690 2640 paritcr.
1715 2606 1812 2628 evan·
1851 2611 1887 2627 nr.

1848 2097 1956 2113 »ts-1¹¹.

233 2708 266 2736 (1)
286 2706 387 2731 Rectus
406 2704 500 2740 Cyrilli
519 2712 616 2731 sensus
635 2704 734 2738 cuique
753 2708 841 2739 patet3
862 2708 968 2738 praeter
986 2712 1067 2739 quam
1088 2703 1161 2738 quod
1181 2703 1245 2731 alibi
1266 2704 1367 2731 centies
1387 2703 1467 2737 dicit,
1482 2704 1611 2732 deitatem
1631 2712 1687 2731 non
1707 2712 1764 2732 esse
1784 2705 1812 2730 in

134 2750 334 2777 humanitatem
355 2753 503 2781 mutatam,
523 2757 612 2784 neque
632 2748 687 2775 vice
707 2756 780 2775 versa
803 2752 853 2774 etc.

232 2797 266 2826 (2)
285 2795 347 2820 Dixi
367 2794 396 2820 in
415 2801 512 2828 graeco
531 2793 654 2828 margine
675 2793 755 2819 malle
776 2800 818 2819 me
837 2793 889 2819 κατ’
911 2793 1059 2824 ἀποβολή-ι,
1077 2800 1159 2826 quam
1180 2791 1324 2819 lectionem
1344 2792 1456 2820 omnino
1474 2792 1620 2820 confirmat
1638 2797 1750 2820 sanctus
1770 2793 1814 2819 Ni-

133 2838 274 2873 aeephorus
293 2837 606 2872 constantinopolitanus
625 2837 654 2864 in
674 2837 797 2872 apologia
818 2838 922 2865 minore
942 2845 988 2872 pro
1008 2837 1090 2863 sacris
1109 2836 1290 2865 imazinibus,
1310 2844 1379 2870 quae
1400 2845 1412 2863 a
1435 2836 1512 2864 nobis
1533 2845 1592 2864 mox
1612 2837 1773 2871 xulgabitur.
