2205 3177
237 630 241 634 ·
263 626 281 645 ls
305 624 379 646 Lxxt.
396 626 413 644 Ἰ,

263 1828 295 1848 Ρς,
311 1827 375 1849 (ΗΠ4
391 1831 420 1848 13.

459 200 521 232 118
958 207 985 228 s.
1015 206 1141 228 crium
1169 206 1389 229 nummum
1415 207 1621 230 ExPLANATlo

452 274 587 306 dut-oro.
617 272 728 311 Quum
755 270 844 302 euim
872 269 1032 303 diabolus
1050 281 1088 303 ea
1108 270 1284 304 destruere
1311 271 1491 316 adgressus
1517 277 1624 308 esset,
1644 282 1732 316 quae
1751 272 1793 305 ad
1812 273 2009 306 mortalium
2037 274 2128 307 salu-

453 338 519 364 tem
549 332 635 362 nous
662 328 803 362 fecerat,
826 328 935 371 legem
963 339 1058 361 suam
1085 328 1345 373 doctrinamque
1372 329 1529 367 tradens,
1551 328 1633 373 quid
1661 331 1768 362 iustus
1794 330 1928 375 (Deus)
1955 332 2042 375 egit,
2064 333 2122 376 qui

452 390 484 421 in
513 387 655 432 proprio
682 384 812 430 templo
839 383 988 423 habitat,
1010 387 1068 431 qui
1096 385 1209 419 throni
1236 386 1313 420 loco
1339 386 1470 420 caelum
1498 386 1619 423 habet.
1642 393 1673 420 et
1700 387 1796 420 cuius
1821 387 1910 420 oculi
1938 399 2124 433 pauperem

452 443 661 489 respiciunt?
687 443 829 487 Oportet
857 443 947 475 enim
975 442 1161 477 versiculos
1187 451 1407 480 connectere.
1429 450 1603 488 tamquam
1622 444 1648 476 si
1668 454 1771 477 unam
1790 445 1992 478 sententiam
2016 446 2130 479 effice-

454 508 540 534 rent.
571 502 754 545 Respectus
780 505 892 533 autem
913 500 978 533 hoc
999 500 1076 534 loco
1094 502 1339 546 inspectionem
1366 501 1544 546 significat.
1574 502 1664 533 Deus
1689 507 1780 534 certe
1803 502 1984 547 inspiciens
2002 502 2127 541 salvat,

453 565 482 591 et
511 565 605 591 extra
632 558 793 602 laqueum
819 558 955 590 statuit:
985 559 1121 603 respicit
1147 565 1259 592 autem
1294 569 1504 604 pauperem,
1533 559 1654 604 spiritu
1681 558 1821 604 inquam
1848 569 2047 605 pauperem.
2076 560 2128 593 Ad

453 626 555 661 quein
583 615 692 652 enim,
714 615 841 659 inquit,
864 615 1058 659 respiciam,
1081 616 1143 648 nisi
1170 615 1212 648 ad
1239 615 1405 648 humilem
1425 621 1455 649 et
1475 616 1630 660 quietum
1651 615 1686 648 'i’
1710 616 1779 648 lam
1805 626 1884 648 cum
1908 615 2023 649 dixina
2046 618 2130 650 scri-

455 679 555 718 ptura
575 671 618 705 de
636 673 708 706 Deo
727 670 832 705 verba
853 671 950 710 facit,
973 672 1098 705 deinde
1117 673 1265 718 partium
1285 673 1437 705 meminit
1458 684 1721 718 corporearum,
1741 683 1838 705 mens
1857 678 1971 706 caveat
1989 673 2131 707 audien-

454 731 539 763 tium
559 742 600 763 ue
619 741 672 763 res
690 728 867 763 sensibiles
887 729 949 763 sibi
971 735 1160 775 proponat,
1178 729 1236 763 sed
1257 741 1296 763 ex
1316 728 1534 763 sensibilibus
1553 736 1728 775 tamquam
1747 728 1990 763 verisimilibus
2008 729 2129 770 rebus,

455 787 495 820 ad
516 786 798 820 intellectualium
818 786 1111 831 pulchritudinem
1130 785 1353 824 conscendat,
1374 792 1405 820 et
1425 793 1519 820 extra
1538 798 1677 820 omnem
1703 785 1866 831 figuram,
1887 787 2129 831 quantitatem,

455 845 805 890 circumscriptionem
817 870 824 881 ,
845 844 992 888 speciem
1004 870 1011 879 ,
1030 843 1162 888 aliaque
1182 843 1397 881 huiusmodi,
1417 855 1504 889 quae
1523 855 1670 889 corpora
1689 845 1913 882 comitantur,
1931 844 2041 877 Deum
2059 855 2133 878 esse

455 903 591 947 cogitet.
621 903 679 935 Est
705 903 795 935 enim
822 912 939 946 reapse
966 912 1069 946 supra
1096 912 1236 934 omnem
1261 901 1534 945 intelligentiam.
1564 903 1724 935 Humano
1750 908 1862 935 autem
1889 912 1985 935 more
2010 901 2053 935 de
2071 902 2132 935 Dei

455 959 558 993 rebus
584 959 778 1004 loquimur.
799 959 879 1003 quia
898 970 951 991 res
970 957 1070 991 nobis
1088 958 1283 1003 superiores
1301 958 1394 992 haud
1413 957 1511 992 aliter
1530 959 1707 1004 imaginari
1727 970 1922 1004 possumus.
1944 957 2132 1004 Palpebrae

457 1018 575 1062 igitur.
598 1017 631 1049 id
659 1023 707 1049 est
735 1016 843 1054 oculi,
864 1016 1002 1049 visualis
1028 1016 1087 1049 Dei
1114 1016 1164 1048 vis
1190 1015 1332 1054 dicitur,
1353 1027 1458 1061 quam
1483 1016 1517 1048 in
1543 1016 1650 1061 ipsius
1668 1022 1788 1049 natura
1814 1016 2054 1061 intelligimus:
2076 1027 2132 1050 ex-

456 1076 558 1120 quirit
586 1075 696 1110 enim.
723 1073 757 1106 id
784 1079 831 1107 est
859 1080 1013 1107 accurate
1039 1080 1230 1112 scrutatur,
1256 1080 1288 1106 et
1315 1073 1507 1107 considerat
1533 1074 1629 1119 pium
1655 1084 1761 1118 aeque
1787 1084 1825 1107 ac
1849 1074 1994 1119 impium
2019 1074 2133 1107 homi—

386 1145 417 1162 ευ..
458 1144 554 1167 nem:
575 1138 607 1165 et
626 1131 676 1164 illi
695 1130 836 1176 quidem
857 1131 1055 1164 auxiliarem
1075 1130 1273 1164 commodat
1291 1141 1430 1164 manum
1444 1156 1452 1169 ,
1474 1136 1507 1164 et
1532 1130 1648 1164 lumen
1673 1131 1778 1164 menti
1805 1130 1938 1170 obiicit,
1960 1142 2003 1163 ne
2028 1131 2062 1164 in
2082 1136 2133 1164 te-

455 1189 570 1223 nebris
594 1189 721 1234 sagittis
744 1194 947 1234 appetatur;
968 1188 1059 1221 hunc
1085 1194 1198 1222 autem
1224 1187 1387 1222 effrenate
1413 1193 1627 1227 currentem,
1649 1199 1710 1234 per
1735 1194 1848 1233 petras
1873 1199 1911 1221 ac
1937 1188 2132 1233 praecipitia

457 1258 557 1281 ruere
584 1247 723 1292 patitur.

930 1310 1109 1337 Palpebrae
1124 1311 1191 1333 eius
1207 1311 1389 1333 examinant
1405 1310 1486 1333 filios
1501 1310 1672 1333 hominum.

555 1361 672 1395 ludicii
693 1367 849 1406 tempore
869 1359 1043 1405 palpebris
1061 1360 1152 1393 Deus
1170 1371 1231 1393 ceu
1250 1360 1420 1392 minarum
1440 1359 1568 1392 indicio
1585 1359 1706 1392 utitur.
1724 1360 1878 1404 Namque
1895 1358 1956 1392 has
1976 1370 2037 1392 nos
2054 1369 2135 1404 quo—

457 1431 523 1465 que
543 1419 694 1452 solemus
713 1418 789 1451 irati
810 1417 1033 1454 contrahere:
1054 1417 1136 1450 item
1163 1429 1241 1450 cum
1268 1416 1398 1461 aliquid
1425 1417 1552 1450 intente
1572 1422 1725 1462 spectare
1744 1416 1917 1450 volumus.
1945 1416 2056 1456 Quare
2075 1415 2135 1451 ha-

457 1489 534 1510 rum
553 1476 715 1510 Salomon
735 1487 846 1520 neque
865 1476 899 1508 in
919 1486 1047 1520 sponso
1065 1486 1176 1520 neque
1194 1475 1275 1508 item
1296 1475 1331 1508 in
1350 1485 1492 1519 sponsa,
1508 1485 1571 1507 ceu
1589 1474 1659 1507 irae
1677 1473 1874 1519 iudicioque
1892 1473 2016 1519 magis,
2032 1483 2136 1519 quam

457 1535 585 1581 nuptiis
610 1540 643 1567 et
670 1534 816 1567 laetitiae
842 1532 1066 1570 idonearum,
1094 1533 1262 1565 meminit.
1292 1531 1351 1565 Vel
1379 1531 1528 1576 denique
1557 1531 1679 1565 oculus
1704 1532 1953 1565 omnituentem
1977 1531 2038 1564 Dei
2065 1531 2135 1564 vim

462 1591 640 1638 significat.

971 1654 1112 1681 spiritus
1128 1653 1283 1681 procellae
1300 1659 1373 1680 pars
1389 1653 1497 1676 culleis
1512 1659 1628 1676 eornm.

554 1706 672 1741 Calicis
697 1704 870 1739 vocabulo
895 1705 970 1738 heic
998 1715 1143 1750 poenam
1170 1703 1344 1748 designat,
1366 1713 1492 1748 nempe
1517 1699 1625 1736 veluti
1651 1703 1791 1737 calicem
1816 1704 1851 1736 in
1877 1713 1981 1736 manu
1998 1702 2134 1735 Domini

460 1764 551 1797 unde
577 1763 701 1796 bibunt
728 1769 934 1808 peccatores.
964 1762 1065 1795 Secus
1084 1772 1166 1794 vero
1185 1761 1355 1794 iustorum
1381 1760 1486 1799 calix,
1507 1760 1651 1794 salutem
1674 1760 1755 1805 ipsis
1773 1760 1923 1799 confert,
1944 1760 2025 1804 quia
2049 1758 2137 1793 hila—

461 1823 595 1855 ritatem
615 1821 788 1865 vitamque
807 1820 985 1857 conciliat:
1005 1819 1100 1853 velut
1119 1818 1205 1852 illud
1227 1819 1255 1851 ἐ
1278 1818 1415 1852 calicem
1439 1818 1597 1852 salutaris
1616 1818 1792 1864 accipiam.
1812 1818 1914 1851 Secus
1932 1823 2046 1851 autem
2064 1827 2139 1862 pec-

460 1884 614 1912 catorum
641 1878 727 1911 calix
754 1877 856 1910 morti
883 1876 1063 1914 admovet,
1085 1882 1116 1908 et
1144 1874 1438 1920 inextinguibilem
1466 1874 1641 1908 flammam
1667 1875 1807 1908 excitat:
1835 1880 1886 1908 est
1910 1874 2002 1908 enim
2027 1874 2133 1919 ignis,

463 1936 625 1981 sulphur,
646 1941 679 1969 et
706 1934 876 1980 procellae
902 1935 1059 1979 spiritus:
1082 1939 1119 1966 ut
1145 1932 1393 1978 intelligamus,
1414 1932 1509 1977 quod
1535 1933 1633 1965 sicuti
1659 1938 1780 1966 ventus
1796 1932 1831 1966 in
1851 1931 2024 1966 flammam
2051 1932 2137 1965 inci·

463 1993 547 2027 dens
574 1992 697 2026 attollit
724 1993 832 2037 ipsam
859 1997 889 2024 et
918 1991 995 2024 facit
1022 1991 1334 2028 vehementiorem,
1356 1991 1403 2023 sic
1428 1991 1529 2023 etiam
1554 1989 1676 2024 iudicis
1700 1990 1770 2029 ira,
1792 1989 1977 2036 procellosi
1998 1988 2137 2034 spiritus

462 2052 584 2089 instar,
606 2050 775 2083 damnatis
802 2047 844 2082 ad
872 2059 1017 2094 poenam
1044 2046 1266 2084 incumbens,
1289 2058 1475 2092 perennem
1501 2046 1575 2080 fore
1597 2057 1749 2092 -poenam
1774 2046 1998 2080 demonstrat.

934 2113 1018 2139 Quia
1034 2114 1134 2136 iustus
1152 2113 1317 2140 Dominus,
1333 2114 1364 2135 et
1379 2113 1519 2135 iustitias
1534 2112 1659 2135 dilexit.

558 2165 595 2198 ld
622 2171 671 2198 est
698 2164 919 2209 aequitatem,
940 2175 1028 2209 quae
1046 2169 1119 2196 tum
1139 2169 1293 2196 servatur
1312 2163 1487 2208 potissime
1506 2169 1540 2196 et
1565 2162 1774 2201 inclarescit,
1795 2173 1874 2196 cum
1892 2161 1935 2196 ad
1954 2159 2047 2195 bona
2065 2161 2136 2195 ele-

463 2229 587 2257 vantur
610 2222 668 2267 qui
689 2234 722 2255 se
742 2227 885 2267 propter
903 2222 1012 2254 Deum
1032 2221 1312 2254 humiliaverant:
1334 2226 1366 2253 et
1392 2231 1471 2253 cum
1494 2220 1642 2253 vicissim
1666 2219 1908 2265 deprimuntur
1926 2218 1972 2264 (1)
1992 2218 2035 2252 ad
2054 2229 2138 2264 poe-

462 2292 542 2315 nam
562 2281 602 2319 ii,
623 2291 710 2325 quos
728 2277 887 2312 diabolus
906 2278 1086 2311 extulerat.
1116 2279 1210 2311 Hanc
1230 2280 1322 2311 enim
1342 2276 1404 2310 sibi
1425 2278 1637 2323 propositam
1657 2276 1760 2311 habet
1778 2282 1878 2322 atque
1896 2281 2030 2310 exercet
2048 2276 2138 2309 Deus

462 2337 715 2372 rectitudinem.
744 2356 766 2361 —
792 2336 980 2369 Punientur
999 2336 1113 2380 itaque
1140 2336 1323 2368 iniustitiae
1349 2341 1531 2369 amatores.
1560 2335 1698 2380 Inspicit
1716 2339 1830 2369 autem
1846 2334 1936 2369 Deus
1961 2333 2136 2368 hominem

463 2402 613 2433 rectum,
637 2394 670 2428 id
696 2400 746 2428 est
773 2398 927 2427 sanctum
953 2399 1055 2438 atque
1081 2399 1314 2432 constantem,
1336 2398 1369 2426 et
1394 2393 1452 2438 qui
1478 2403 1615 2426 morum
1640 2403 1782 2426 suorum
1806 2401 1845 2426 ac
1868 2391 1957 2425 vitae
1981 2391 2137 2437 regulam

466 2453 544 2487 facit
569 2452 723 2486 divinam
750 2451 874 2495 legem.

1137 2544 1225 2583 PSA
1232 2544 1367 2582 LMUS
1399 2546 1466 2583 XI.

972 2629 1010 2651 ln
1029 2627 1136 2656 flueni,
1152 2635 1209 2655 pro
1224 2631 1346 2657 octava,
1362 2630 1499 2656 psalmus
1515 2629 1639 2652 ”nvidi-

564 2682 702 2715 Canitur
727 2681 781 2715 hic
807 2691 945 2726 quoque
971 2678 1139 2725 psalmus,
1159 2678 1265 2712 veluti
1293 2680 1417 2713 amoris
1442 2690 1522 2725 erga
1540 2680 1649 2713 Deum
1675 2684 1708 2713 et
1733 2679 1898 2725 genuinae
1924 2677 2138 2712 adhaesionis

471 2740 646 2772 continens
664 2739 1007 2773 demonstrationem.
1029 2731 1206 2770 Invehitur
1232 2747 1337 2781 porro
1355 2736 1463 2770 David
1482 2738 1517 2770 in
1535 2736 1751 2771 simulatores
1768 2736 1935 2782 quosdam
1947 2761 1955 2774 ,
1974 2736 2033 2780 qui
2053 2735 2139 2768 ami-

570 2867 603 2896 {12
623 2866 654 2892 ln
673 2866 764 2893 codice
784 2873 873 2894 revera
894 2869 935 2893 est
954 2868 1087 2892 ταπεινῶσι
1099 2885 1105 2897 ,
1125 2864 1173 2892 sed
1191 2864 1367 2892 scribendum
1387 2864 1476 2892 fuerat
1495 2865 1674 2892 ταπεινωθῶσι.
