2205 3177
197 1364 204 1372 ·
217 1362 244 1382 tl.
255 1363 299 1382 ‹Inr
319 1361 356 1382 m.
367 1365 385 1381 9.

255 2170 291 2187 m.
307 2173 328 2193 p.
346 2170 389 2189 158.

433 183 494 215 100
928 192 955 213 S.
984 191 1109 214 crtum
1137 191 1355 214 ALEXANDRIM
1383 191 1585 215 EXPLANA'HO

427 263 514 290 stare
541 258 629 290 Deo.
655 261 685 288 et
714 255 898 299 gratiarum
922 255 1111 288 actionibus
1135 255 1243 289 solem
1263 262 1472 289 antevertere
1493 255 1552 301 (l).
1574 256 1626 289 Sic
1645 256 1754 295 enim,
1777 257 1902 301 inquit.
1924 256 2036 290 divina
2057 262 2087 290 et

423 321 534 347 sancta
563 313 719 356 mysteria
748 318 802 344 tua
828 323 982 348 cernam.
1003 324 1090 358 quae
1118 314 1240 358 parasti
1268 312 1488 357 diligentibus
1513 319 1556 346 te.

602 385 718 413 odisti,
735 386 880 413 Donssne,
896 392 999 409 omnes
1015 389 1178 414 open-antes
1195 388 1409 414 iniquitatem:
1427 388 1535 414 pen-ates
1551 388 1723 414 omni-salui
1740 387 1913 414 loquuntur

1155 432 1358 454 mendacium.

521 485 602 520 Eos,
623 486 679 529 qui
707 485 739 517 in
767 484 901 530 publica
922 486 986 519 vita
1007 492 1162 531 peccant,
1185 486 1334 531 appellat.
1358 492 1538 531 operantes
1557 486 1780 530 iniquitatem.
1802 486 1872 519 Hos
1889 487 1960 520 odit
1981 487 2087 525 Deus,

425 555 485 593 ceu
508 544 565 587 qni
586 543 727 575 xvi-itate
745 542 954 576 exciderunt.
977 544 1169 588 Loquentes
1188 542 1402 576 mendacium
1422 543 1503 576 dicit
1522 543 1725 581 haereticos,
1745 554 1831 587 quos
1849 544 1936 577 Deus
1954 543 2086 589 perdet.

427 602 463 633 Et
490 599 633 633 observa
662 599 888 633 differentiam
913 600 1100 633 verborum
1124 601 1244 637 odisti,
1273 607 1304 633 et
1332 600 1471 646 perdes:
1492 607 1522 633 ct
1553 601 1664 646 primo
1691 600 1831 646 quidem
1856 611 1898 634 an
1926 601 1966 634 sit
1995 602 2091 646 peius

425 658 524 691 odisti
544 669 645 702 quam
666 657 804 703 perdes:
826 658 950 691 deinde
970 670 1052 691 xero
1076 671 1135 691 eur
1155 658 1239 691 illud
1261 659 1432 703 praeteriti
1454 659 1617 704 temporis
1637 658 1745 691 forma
1765 657 1983 692 declinaverit
1997 684 2005 697 ,
2026 658 2092 692 hoc

427 726 508 747 vero
535 714 638 748 futuri
666 714 724 759 (2).

831 780 893 808 Ego
910 782 1013 802 nutem
1031 781 1063 801 in
1081 780 1285 802 nnuma-utine
1300 781 1531 802 misen-{cordine
1547 782 1619 802 tuae
1635 781 1692 802 ete.

523 831 612 874 Ego,
635 830 761 874 inquit,
783 829 1034 862 misericordiae
1053 834 1129 862 tuae
1156 828 1323 863 beneficio
1343 829 1507 875 templum
1528 836 1625 863 tuum
1650 829 1833 873 ingrediar.
1862 829 1914 862 Sic
1933 829 2023 862 enim
2041 828 2092 862 di-

425 899 501 921 cere
527 893 664 932 potero:
687 898 785 920 manc
812 885 954 919 adstabo
983 885 1063 923 tibi,
1092 893 1124 919 ct
1151 885 1293 920 xidebo:
1321 893 1352 919 et
1381 893 1552 931 tamquam
1579 886 1845 920 misericordiani
1873 890 2090 920 consecutus,

426 946 480 990 pie
506 951 537 979 te
563 944 755 978 venerabor
782 944 814 976 in
841 944 960 989 spiritu
987 950 1016 976 et
1044 944 1197 977 veritate.

1094 1039 1201 1077 PSAI
1212 1039 1323 1077 atUs
1356 1039 1422 1077 Vl.

994 1124 1097 1151 Neque
1114 1125 1146 1147 in
1166 1125 1215 1147 ira
1233 1126 1286 1147 tua
1304 1125 1457 1151 corripias
1474 1130 1530 1147 me.

520 1176 607 1208 Dum
634 1175 695 1209 ait,
726 1186 834 1219 neque
859 1175 892 1207 in
919 1175 966 1207 ira
995 1180 1051 1207 tua
1078 1175 1241 1219 corripias
1267 1185 1341 1212 me,
1369 1173 1544 1219 deprecari
1572 1173 1712 1206 sortasse
1737 1173 1872 1206 videtur
1897 1171 2014 1217 legalis
2039 1172 2095 1205 lit-

426 1237 517 1265 terae
541 1243 591 1265 sex
601 1232 766 1264 eritatem.
797 1233 881 1265 Nam
907 1231 966 1276 qui
988 1231 1113 1275 Moysis
1136 1231 1246 1275 legem
1268 1230 1447 1268 violasset,
1469 1231 1540 1264 sine
1565 1229 1778 1263 misericodia
1804 1240 1844 1262 ex
1867 1228 2016 1261 (luorum
2039 1227 2092 1261 vel

427 1289 529 1322 trium
550 1289 744 1322 testimonio
771 1287 973 1322 necabatur:
995 1288 1141 1333 ideoque
1169 1288 1397 1321 damnationis
1416 1288 1701 1321 ministrationem
1721 1287 1820 1320 divus
1838 1285 1960 1320 Paulus
1985 1285 2095 1331 legem

427 1346 575 1392 appellat
601 1346 624 1379 ¹.
654 1347 808 1391 Namque
846 1345 892 1379 lla
918 1345 1092 1379 neminem
1116 1343 1339 1383 iustificabat,
1360 1344 1420 1378 sed
1443 1343 1580 1378 acerbas
1603 1356 1620 1378 a
1647 1343 1864 1390 peccantibus
1890 1354 2016 1389 poenas
2041 1353 2096 1376 re-

426 1402 598 1449 poscebat.
620 1404 711 1448 Ergo
731 1403 814 1448 legis
832 1403 1049 1448 correptione
1061 1428 1068 1441 ‚
1091 1401 1403 1447 incomparabiliter
1422 1402 1546 1435 melior
1564 1408 1613 1435 est
1632 1401 1803 1447 correptio
1827 1412 1887 1446 per
1905 1401 2093 1434 Christum:

425 1461 482 1494 illa
510 1461 598 1494 enim
626 1460 668 1494 ad
694 1460 908 1506 peccantium
928 1460 1223 1504 redargutionem,
1245 1465 1346 1504 atquc
1372 1459 1414 1492 ad
1435 1465 1725 1504 transgressorum
1743 1457 1996 1492 damnationem
2021 1469 2096 1503 per-

428 1517 574 1555 tinebat,
605 1518 686 1551 haec
716 1518 758 1551 ad
789 1516 1063 1551 iustificationem
1094 1522 1325 1562 peccatorum.
1356 1517 1397 1550 Ut
1428 1527 1511 1561 ergo
1536 1517 1602 1549 iam
1629 1515 1795 1554 diximus,
1824 1515 1915 1549 haud
1947 1515 2028 1561 petit
2054 1525 2097 1548 ne

427 1575 669 1621 redarguatur,
691 1575 751 1608 sed
777 1586 820 1608 ne
847 1585 923 1608 cum
949 1575 1010 1606 ira.

686 1640 835 1663 Miserere
850 1639 926 1665 mei,
943 1638 1088 1665 nomine,
1104 1639 1255 1665 quoniam
1273 1637 1416 1660 tutin-mus
1431 1643 1512 1659 sum:
1529 1644 1606 1659 sana
1622 1643 1683 1664 me,
1700 1637 1841 1659 nantino.

521 1691 596 1723 Non
616 1690 680 1727 ait,
701 1690 836 1723 remitte
858 1688 960 1726 mihi,
982 1693 1039 1721 aut
1058 1687 1206 1721 concede
1232 1687 1336 1725 mihi,
1359 1686 1415 1719 sed
1437 1697 1517 1719 sana
1542 1698 1616 1719 me:
1638 1692 1711 1719 orat
1732 1687 1824 1719 enim
1840 1692 1879 1719 ut
1900 1685 2012 1731 priora
2031 1684 2098 1718 tol—

427 1748 541 1781 lantur
564 1747 719 1781 vulnera.
748 1747 881 1780 Etenim
906 1757 967 1779 ceu
986 1745 1120 1778 medico
1139 1745 1324 1790 spirituum
1343 1745 1414 1777 Deo
1434 1744 1613 1781 accedens,
1635 1750 1845 1788 naturaeque
1865 1742 2098 1776 infirmitatem

428 1804 609 1843 confitens,
631 1816 733 1850 opem
759 1804 939 1849 implorat;
960 1809 1061 1848 opto,
1090 1802 1223 1839 dicens,
1246 1802 1446 1839 sanitatem;
1474 1801 1562 1834 male
1592 1801 1674 1834 mihi
1702 1800 1839 1834 habenti
1866 1799 2098 1833 misericordia

428 1868 485 1896 tua
512 1862 661 1895 medere..
690 1863 775 1895 Nam
802 1861 1007 1894 infirmitatis
1034 1872 1128 1893 meae
1153 1871 1251 1893 causa
1277 1861 1311 1892 in
1331 1859 1396 1892 hoe
1423 1859 1552 1891 malum
1570 1858 1694 1892 decidi.
1724 1859 1896 1898 Quaenam
1923 1868 2028 1903 porro
2048 1857 2100 1890 in·-

428 1919 594 1953 firmitas‘?
621 1920 732 1953 luxata
762 1925 839 1952 sunt
867 1930 941 1952 ossa
968 1929 1062 1955 mea,
1091 1918 1254 1951 dissoluta
1284 1923 1334 1951 est
1362 1918 1515 1963 ipsorum
1545 1928 1738 1962 compages.
1768 1917 1850 1949 Ossa
1877 1921 1990 1949 autem
2018 1914 2098 1948 dicit

427 1977 559 2011 sobrias
584 1978 823 2021 cogitationes,
845 1987 931 2021 quae
957 1977 1104 2009 animam
1123 1975 1287 2013 solidant,
1310 1981 1343 2008 et
1364 1974 1544 2007 rationales
1563 1973 1715 2007 eiusdem
1735 1974 1864 2007 animae
1884 1973 1992 2011 vires,
2012 1983 2100 2017 quae

428 2036 535 2081 ipsam
555 2036 588 2067 in
615 2034 835 2068 intellectuali
855 2034 994 2067 sanitate
1014 2039 1236 2071 conseri-anu
1258 2032 1447 2066 cuiusmodi
1468 2039 1546 2065 sunt
1565 2032 1788 2068 coutinentia,
1810 2031 1991 2077 prudentia
2012 2041 2100 2076 quae

429 2099 477 2127 est
497 2093 683 2126 secundum
703 2093 828 2129 Deum,
851 2091 1036 2129 fortitudo,
1060 2092 1298 2136 temperantia,
1322 2091 1464 2128 iustitia,
1482 2096 1512 2123 et
1534 2090 1675 2123 omnino
1693 2088 1870 2134 quodlibet
1890 2088 2026 2121 virtutis
2044 2083 2099 2132 ge}

431 2162 510 2184 nus:
532 2161 619 2195 quae
646 2151 670 2182 si
691 2150 866 2183 ordinatae
886 2150 919 2182 in
946 2148 1046 2182 nobis
1066 2160 1134 2181 non
1154 2148 1300 2187 fuerint,
1322 2147 1356 2180 id
1376 2153 1425 2180 est
1446 2148 1685 2180 convenienter
1709 2147 1892 2191 dispositae
1909 2139 2002 2179 iuxta
2020 2156 2100 2190 pro-

431 2209 521 2253 prias
541 2208 751 2252 singularum
771 2206 964 2244 facultates,
988 2217 1128 2251 prorsus
1147 2205 1278 2238 turbari
1299 2205 1445 2238 animam
1473 2216 1606 2237 necesse
1626 2210 1692 2242 est,
1714 2202 1956 2249 cupiditatibus
1974 2201 2099 2236 tumul-

429 2265 614 2300 mantibus.
643 2266 734 2298 Tunc
762 2265 853 2298 enim
876 2264 970 2297 velut
1001 2265 1033 2296 in
1062 2263 1313 2297 mundanarum
1339 2263 1555 2308 voluptatum
1582 2267 1780 2307 tempestate
1806 2261 1906 2295 valde
1932 2260 2102 2306 periclita-

429 2331 501 2357 tur:
531 2335 609 2357 nam
637 2323 811 2357 debilitata
837 2324 870 2355 in
897 2321 997 2355 nobis
1024 2322 1165 2360 virtute,
1195 2322 1336 2354 omnino
1362 2321 1532 2365 praevalet
1561 2321 1699 2354 trahens
1723 2321 1757 2353 in
1783 2320 1904 2353 vitium
1928 2318 2097 2364 voluptas.

427 2382 527 2422 Quod
554 2388 667 2415 autem
692 2380 862 2414 vocabulo
880 2390 953 2413 ossa
981 2380 1111 2424 tropice
1137 2378 1370 2423 significentur
1397 2377 1643 2411 intellectuales
1661 2378 1792 2411 animae
1817 2378 1924 2415 vires,
1945 2375 1991 2409 ob
2017 2387 2102 2421 quas

430 2441 500 2485 ip<a
527 2445 619 2473 recto
646 2439 680 2471 in
707 2444 793 2471 statu
814 2438 978 2470 retinetur
997 2443 1027 2469 et
1049 2436 1287 2473 confirmatur,
1310 2435 1400 2468 idem
1421 2435 1526 2468 David
1555 2435 1634 2468 dicti
1655 2435 1705 2468 sui
1728 2433 1971 2468 obscuritatem
1996 2434 2102 2467 inter-

433 2503 603 2542 pretatur,
625 2496 709 2529 dum
738 2494 918 2541 praedictis
944 2494 1056 2527 addit:
1080 2494 1189 2526 anima
1217 2505 1289 2527 mea
1316 2493 1416 2526 valde
1441 2499 1491 2526 est
1518 2492 1666 2526 turbata.

950 2559 1107 2585 Quoniam
1124 2565 1190 2581 ossa
1208 2565 1273 2580 mea
1291 2559 1478 2580 conturbata
1495 2559 1578 2580 suut.

528 2612 689 2645 Existimo
709 2610 801 2644 aliud
820 2621 958 2655 quoque
977 2608 1157 2653 significari
1179 2608 1242 2652 (3),
1265 2608 1347 2641 dum
1375 2608 1499 2641 dicitur
1522 2608 1695 2653 psalmista
1722 2606 1951 2641 turbationem
1975 2606 2100 2640 ossium

542 2727 563 2752 ι»
585 2724 624 2748 En
646 2723 745 2750 chorus
767 2727 918 2749 nocturnus
941 2721 981 2747 vel
1006 2721 1156 2748 matutinus
1177 2719 1395 2747 Christianorum
1417 2719 1511 2747 landes
1533 2719 1637 2747 divinas
1659 2719 1877 2752 concinentium,
1897 2726 1977 2754 quem
1999 2725 2100 2744 moreni

433 2764 466 2791 ab
485 2765 662 2792 orientalibus
683 2766 804 2800 partibus
820 2770 907 2793 aetate
926 2774 974 2793 sua
995 2765 1029 2791 ad
1050 2764 1218 2791 occidentem
1239 2771 1347 2798 quoque
1366 2765 1496 2790 transisse
1515 2765 1554 2791 ait
1574 2764 1746 2796 Augustinus
1765 2763 1879 2790 confess.
1900 2762 1947 2789 lib.
1969 2762 2018 2788 IX.
2039 2765 2063 2788 7.

534 2812 564 2839 ’2,
584 2810 683 2836 Omisit
702 2811 853 2842 eclogarius
873 2819 941 2845 quae
962 2811 1020 2837 lieie
1042 2810 1100 2837 sine
1122 2809 1204 2836 dubio
1223 2808 1353 2843 pergebat
1372 2813 1467 2843 argute
1487 2809 1560 2844 loqui
1581 2808 1708 2844 Cyrillus.

533 2856 565 2883 3
585 2854 707 2888 Namque
729 2855 813 2882 alium
835 2855 917 2882 liuius
938 2854 1084 2881 locutionis
1103 2853 1285 2889 significatum
1305 2852 1372 2880 dixit
1392 2853 1525 2887 superius.
