2205 3177
601 200 633 229 15
658 204 838 228 EPlSTOLAM
865 204 907 226 AD
935 204 1101 226 HEBRAEOS
1127 204 1200 226 CAP.
1226 204 1346 226 x-xnt.
1774 188 1810 221 Si

130 272 285 309 appellatur
303 270 475 306 propositum
496 269 548 304 ipsi
569 268 718 303 gaudium)
736 266 883 294 exinanivit
902 269 988 292 semet
1007 265 1096 299 ipsum
1117 265 1150 292 ad
1171 265 1356 292 conditionem
1378 268 1499 291 nostram
1520 262 1703 294 descendens,
1722 266 1751 288 ut
1772 270 1818 296 pro

131 316 234 344 mundo
254 323 348 342 necem
369 314 396 340 in
416 321 497 340 earne
517 313 668 348 perferens,
689 316 714 338 et
735 319 795 337 mox
816 310 867 336 hae
885 309 1045 335 conculcata
1067 317 1113 343 per
1133 318 1211 336 suam
1231 318 1245 336 a
1267 309 1381 336 mortuis
1403 308 1642 339 resurrectionem,
1661 306 1817 341 possibilem

129 361 209 388 nobis
232 359 432 386 demonstraret
447 357 490 384 ad
514 358 597 384 vitam
622 355 752 383 reditum.
772 355 807 380 Et
826 353 879 379 fuit
904 353 944 379 illi
969 352 1080 387 quidem
1106 352 1267 387 pudendum
1287 358 1313 379 et
1332 353 1482 387 inglorium
1508 352 1580 386 pati,
1601 350 1648 377 sed
1674 354 1817 385 postquam

130 404 264 439 templum
284 410 365 430 suum
385 402 510 429 excitavit
525 401 557 427 de
573 400 684 427 insolito
701 398 797 425 mortis
811 405 924 431 genere„
939 401 965 423 et
984 397 1167 431 corruptelam
1189 397 1301 429 devicit,
1318 400 1411 430 utpote
1427 398 1499 423 Deus
1514 396 1547 422 de
1563 397 1634 426 Deo,
1649 402 1817 430 quamquam

130 450 158 475 in
179 455 260 475 carne
279 450 457 481 apparuerat,
473 445 608 480 passionis
627 442 778 478 ignominia
798 445 825 467 et
843 448 967 468 excessus
987 449 1000 467 e
1016 441 1069 466 rita
1084 440 1242 475 turpitudo,
1257 442 1405 475 posteriore
1421 448 1548 467 successu
1569 439 1675 466 deletae
1691 439 1817 471 fuerunt,

130 497 157 520 et
175 492 341 519 clarificatus
362 494 404 517 est
422 492 456 516 ob
476 488 702 516 resurrectionem
723 486 811 518 filius;
832 492 999 520 quamquam
1020 488 1100 511 antea
1119 484 1349 511 deformissimam
1369 488 1394 510 et
1411 484 1555 518 ingloriam
1576 492 1631 510 uon
1650 488 1820 510 recusaverat

131 544 242 568 necem,
263 538 373 570 propter
391 533 572 560 voluntariam
591 530 815 558 exinanitionem.

796 577 821 598 ln
837 576 931 597 dextera
946 576 1006 597 sedis
1022 576 1063 597 Dei
1078 576 1151 597 sedet.

211 623 330 650 Danihel
350 623 443 656 itaque
461 621 567 647 divinas
585 618 665 645 nobis
685 617 865 644 revelationes
883 617 1056 651 visionesque
1076 616 1248 651 propheticas
1270 615 1427 642 describens
1448 618 1475 648 ⁹,
1496 617 1642 650 antiquum
1664 616 1770 642 dierum
1791 616 1819 641 13

129 668 230 695 throno
249 667 379 699 collocat,
393 666 472 700 eique
490 663 673 697 circumponit
693 661 884 688 ministrorum
905 661 993 687 millia
1014 660 1149 692 millium,
1166 665 1192 687 et
1211 661 1374 695 stipatorum
1394 660 1531 695 myriadas
1550 659 1714 694 myriadum.
1738 660 1820 686 lsaias

131 712 232 747 pariter
252 710 325 738 haud
347 710 451 736 minore
470 708 499 734 in
520 707 607 742 gloria
627 705 724 732 vidisse
740 713 768 733 se
783 706 871 732 filium
887 705 955 732 dicit
968 708 989 731 ¹.
1011 704 1089 737 Vidi,
1103 705 1210 739 inquit,
1223 704 1374 731 Dominum
1390 704 1503 731 sabaoth
1520 704 1547 730 111
1563 704 1661 730 throno
1676 704 1780 731 excelso
1795 708 1821 730 et

130 756 234 783 elevato
252 754 407 785 sedentem,
427 753 639 787 plenaque.e1·at
659 749 758 777 domus
777 749 865 784 gloria
885 750 954 776 eins.
976 750 1011 775 Et
1029 749 1171 784 Seraphim
1191 748 1446 780 circumsistebant,
1464 748 1510 782 qui
1531 748 1665 783 hymnum
1686 747 1822 774 canebant

130 809 145 827 a
165 800 286 826 trinitate
305 798 471 828 ordientem,
486 796 515 822 in
533 795 640 822 unitate
658 802 770 829 unaque
789 793 979 821 dominatione
999 794 1186 826 desinentem,
1200 793 1346 827 trisagium
1363 793 1488 827 inquam.
1510 793 1606 818 Nonne
1623 800 1686 818 erno
1702 791 1751 818 tibi
1768 792 1820 818 iam

130 844 238 871 videtur
256 851 304 878 par
318 850 375 869 esse
390 841 439 867 filii
456 841 484 866 in
502 839 609 874 propria
627 840 767 865 maiestate
787 837 912 873 pondus?
931 837 987 865 Ubi
1007 839 1081 864 enim
1102 837 1220 864 thronus
1240 841 1281 863 est
1299 844 1459 871 supremus,
1476 844 1523 870 par
1537 836 1707 867 sublimitas,
1721 840 1747 862 ct
1765 844 1822 863 cae-

131 889 240 916 lestium
260 890 423 922 potestatum
443 888 585 919 tamquam
600 884 628 910 in
645 883 764 910 circuitu
785 882 961 914 adsistentia,
975 890 1045 917 quae
1065 882 1190 909 servilem
1210 886 1399 908 creaturarum
1419 880 1605 907 conditionem
1626 880 1760 911 ostendit,
1777 880 1823 907 do-

132 932 264 965 miniique
282 929 397 965 gloriam
417 928 522 955 sedenti
542 927 710 960 adtestatur,
725 927 838 961 quinam
859 930 985 961 superest
1004 925 1150 953 dubitandi
1170 926 1262 958 locus,
1276 926 1343 960 quin
1362 925 1481 952 naturali
1498 925 1583 959 patris
1598 928 1730 959 potestate
1750 924 1822 951 tilius

129 982 238 1010 quoque
256 974 418 1000 exornetur?
437 975 568 998 Attamen
587 972 638 998 etsi
658 972 799 998 maiestate.
821 978 869 1005 par
889 975 945 1003 est,
961 970 1112 1005 eodemque
1128 970 1156 997 in
1171 970 1271 997 throno
1284 970 1420 996 Dominus
1434 968 1541 996 adsidet
1555 976 1602 995 ceu
1620 968 1692 994 tilius
1709 969 1778 1002 patri
1797 974 1823 995 et

128 1020 203 1045 Deus
217 1020 290 1050 Deo,
306 1017 489 1043 nihilominus
509 1020 649 1050 tamquam
666 1023 741 1041 nunc
757 1015 845 1049 primo
865 1014 900 1041 ad
922 1019 978 1041 tam
998 1014 1147 1041 sublimem
1163 1018 1188 1040 et
1203 1013 1458 1048 supermundialem
1474 1013 1590 1047 gloriam
1606 1012 1713 1039 videtur
1727 1020 1822 1039 ascen-

128 1062 191 1090 dere
210 1070 257 1097 per
275 1068 386 1088 carnem
406 1068 485 1087 suam
510 1060 656 1094 carnisque
680 1059 886 1091 oeconomiam,
908 1058 974 1085 dum
995 1057 1087 1085 audit:
1110 1057 1173 1084 sede
1193 1066 1208 1084 a
1228 1057 1330 1084 dextris
1356 1057 1440 1089 meis⁷
1462 1056 1548 1083 donec
1571 1065 1669 1091 ponam
1695 1056 1823 1083 inimicos

127 1110 190 1133 tuos
209 1105 358 1132 scabellum
380 1104 481 1138 pedum
501 1108 623 1130 tuorum⁴
645 1103 725 1138 Quod
745 1103 817 1130 enim
837 1103 889 1129 sibi
911 1103 1059 1129 substravit
1078 1101 1200 1129 insidens
1219 1102 1311 1128 divina
1336 1106 1452 1132 natura,
1474 1101 1525 1127 hoc
1546 1109 1655 1135 prorsus
1673 1101 1823 1127 servatoris

128 1150 214 1176 nostri
234 1148 350 1183 pedibus
369 1148 514 1182 subponit,
532 1156 588 1174 non
609 1148 662 1173 iam
684 1147 847 1173 humanitus
867 1147 991 1181 agentis,
1006 1154 1057 1173 nec
1076 1146 1140 1181 quia
1158 1145 1247 1172 factus
1263 1150 1303 1172 est
1318 1153 1395 1178 caro,
1412 1145 1472 1172 ideo
1488 1145 1685 1172 rebellantibus
1705 1145 1756 1171 sibi
1777 1144 1823 1171 do-

130 1193 229 1220 minari
249 1193 379 1224 valentis3
399 1192 446 1219 sed
467 1193 529 1226 quia
551 1192 732 1218 humanitatis
751 1191 941 1218 humilitatem
961 1190 996 1217 ad
1015 1198 1150 1225 supernae
1169 1197 1369 1224 supremaeque
1388 1194 1502 1216 naturae
1527 1189 1689 1224 diunitatem
1710 1189 1821 1221 extulit3

129 1244 212 1271 seque
231 1236 259 1262 in
279 1236 428 1262 divinitatis
447 1236 547 1262 throno
567 1236 754 1267 constituens,
772 1235 829 1269 ipsa
850 1242 913 1261 cum
934 1242 1015 1261 carne
1035 1234 1210 1268 unigenitum
1234 1233 1282 1260 Dei
1301 1232 1421 1260 Verbum
1442 1233 1601 1260 dominatur
1620 1233 1748 1268 0311111135
1768 1241 1822 1259 una

128 1289 190 1307 cum
211 1285 296 1315 patre.
318 1282 423 1307 (Iuncta
443 1280 516 1306 enim
537 1287 584 1314 per
603 1284 754 1314 utrumque
773 1279 924 1313 aequaliter
942 1282 1072 1313 operatur
1092 1282 1181 1312 pater,
1203 1278 1307 1304 habens
1326 1286 1389 1304 cum
1410 1277 1481 1310 filio,
1499 1278 1618 1312 itemque
1637 1286 1699 1303 cum
1720 1277 1821 1312 Spiritu

130 1325 158 1351 in
178 1325 254 1352 omni
274 1332 301 1350 re
321 1323 426 1358 agenda
446 1332 529 1350 unam
550 1323 736 1357 operationem
758 1331 789 1349 ac
809 1323 989 1349 voluntatem.

677 1372 727 1392 Nou
742 1371 802 1391 enim
818 1370 947 1391 accessistis
961 1371 1006 1391 etc.
1021 1371 1146 1391 exterritus
1162 1376 1212 1391 sum
1228 1371 1271 1391 vtc.

211 1413 300 1439 Huius
320 1420 395 1438 nunc
415 1412 542 1438 meminit
562 1411 664 1437 Paulus
684 1411 815 1437 historiae
834 1418 865 1436 ac
885 1410 1030 1445 temporis,
1047 1418 1102 1444 quo
1119 1410 1170 1437 sub
1186 1411 1257 1445 ignis
1276 1412 1364 1445 specie
1380 1412 1407 1437 in
1423 1412 1517 1438 Sinam
1535 1411 1675 1438 descendit
1691 1413 1779 1443 Deus,
1796 1416 1821 1438 et

129 1464 176 1482 vox
198 1456 279 1482 tubae
301 1455 405 1487 grande
429 1455 584 1481 resonabat.
610 1456 674 1480 Erat
697 1458 789 1480 autem
811 1454 950 1480 inaccessa
975 1454 1163 1488 spectantibus
1185 1455 1268 1485 risio,
1292 1460 1318 1482 et
1340 1455 1519 1482 intolerabilis
1545 1456 1673 1482 tubarum
1698 1455 1819 1483 0133301.

131 1498 236 1525 idcirco
255 1498 366 1525 aiebant
386 1502 416 1524 *t
437 1499 546 1524 utinam
570 1498 663 1532 ignem
688 1497 762 1524 hunc
787 1505 920 1532 magnum
944 1505 1000 1524 non
1025 1497 1166 1525 videamus
1185 1498 1276 1526 denuo
1289 1520 1295 1531 ,
1316 1507 1405 1534 neque
1425 1508 1515 1526 xocem
1540 1499 1645 1526 (loniini
1664 1500 1714 1526 Dei
1736 1501 1821 1526 nostri

127 1541 288 1568 audiamus!

334 1590 401 1610 Nunc
415 1595 471 1610 vcro
486 1589 562 1611 adhuc
577 1590 720 1616 repromittit
735 1589 825 1610 dicens:
842 1589 918 1611 adhuc
933 1590 1002 1611 semel
1018 1596 1061 1616 ego
1076 1595 1158 1611 tumeo
1175 1596 1219 1611 uon
1236 1591 1310 1612 solum
1327 1593 1412 1612 tvi-ram
1427 1592 1466 1612 sed
1482 1594 1504 1613 et
1518 1593 1615 1613 caelum.

206 1631 345 1656 Noveram
363 1629 474 1664 quidem
495 1630 563 1656 caeli
588 1630 765 1665 mysterium,
787 1634 900 1657 noverat
922 1630 1050 1656 similiter
1072 1631 1200 1657 universa
1221 1635 1303 1658 terra.
1325 1633 1401 1658 Duae
1421 1632 1521 1666 quippe
1540 1632 1627 1658 factae
1646 1637 1712 1659 sunt
1731 1632 1823 1667 splen-

126 1673 207 1700 didae
226 1681 257 1700 ex
276 1673 351 1700 omni
371 1682 435 1700 aevo
456 1673 643 1700 humanorum
664 1681 773 1700 morum
794 1674 977 1706 mutationes,
998 1682 1068 1708 quae
1089 1678 1251 1701 testamenta
1272 1675 1327 1702 duo
1346 1676 1535 1710 appellantur,
1557 1681 1697 1710 terraeque
1718 1680 1822 1709 motus,

125 1722 236 1754 propter
260 1722 335 1745 actae
359 1718 397 1745 rei
422 1717 626 1744 celebritatem:
648 1718 723 1752 prior
747 1717 859 1752 quidem
884 1717 918 1745 ab
943 1718 1022 1745 idolis
1047 1718 1081 1744 ad
1107 1718 1214 1753 legem,
1236 1719 1320 1746 altera
1345 1729 1359 1746 3
1385 1720 1444 1754 lege
1467 1720 1501 1746 ad
1526 1720 1707 1754 exangelinm.
1734 1720 1823 1746 Tertia

126 1771 201 1790 nunc
219 1763 370 1789 nunciatur
389 1761 469 1789 nobis
488 1762 655 1795 commotio,
672 1770 771 1796 nempe
791 1769 822 1788 ex
842 1762 893 1789 hac
912 1763 966 1789 vita
987 1762 1023 1789 ad
1042 1762 1125 1789 aliam
1144 1764 1288 1797 transitio,
1305 1772 1374 1799 quae
1394 1765 1448 1791 iam
1469 1772 1524 1791 nou
1544 1764 1761 1791 conmiovebitur
1780 1773 1825 1792 ne-

125 1814 179 1840 que
198 1806 318 1834 nutabit.

595 1855 676 1882 ltaque
690 1860 789 1881 regnum
805 1855 923 1877 immobile
938 1856 1102 1883 suscipientes,
1119 1856 1233 1878 habemus
1248 1857 1353 1883 gratiam.

207 1893 275 1920 Heio
294 1901 344 1927 ego
362 1893 481 1920 libenter
500 1894 656 1921 sciscitarer
671 1895 705 1921 ab
725 1896 779 1927 eis,
797 1896 844 1930 qui
863 1895 1018 1923 desiturum
1035 1897 1186 1931 aliquando
1206 1897 1309 1924 Christi
1329 1906 1444 1932 regnum
1465 1898 1636 1929 existimant,
1653 1897 1686 1925 de
1703 1906 1823 1932 quonam

127 1945 211 1969 regno
231 1945 307 1964 nunc
325 1937 401 1972 loqui
421 1938 577 1972 apostolum
598 1938 748 1966 dicendum
768 1940 821 1972 sit,
841 1939 915 1974 quod
936 1944 962 1967 et
981 1941 1091 1967 firmum
1112 1941 1239 1968 t'uturum
1259 1942 1313 1969 ait.
1335 1946 1361 1969 et
1379 1943 1544 1977 sempiterna
1566 1942 1719 1977 praeditum
1740 1943 1824 1970 stabi-

127 1981 219 2008 litate?
237 1982 298 2008 Hoc
316 1982 391 2008 enim
411 1981 560 2016 significari
576 1987 644 2017 puto
661 1983 741 2010 verbo
758 1995 769 2005 ιι
784 1983 938 2011 immobile.
957 1997 967 2007 n
985 1986 1086 2012 Utrum
1103 1985 1152 2012 filii
1174 1994 1288 2020 regnum
1309 1986 1351 2013 his
1367 1986 1455 2014 verbis
1471 1986 1596 2019 denotet,
1612 1995 1648 2014 an
1663 1986 1733 2013 illud
1752 1986 1824 2021 quod

126 2025 228 2052 sanctis
248 2023 463 2052 adtribuendum
484 2027 542 2052 est?
561 2026 589 2053 Si
604 2026 717 2061 quidem
733 2027 866 2054 invictum
887 2029 961 2055 casui
979 2037 1037 2055 esse
1052 2030 1131 2056 aiunt
1151 2038 1268 2064 regnum
1287 2035 1313 2056 et
1332 2031 1444 2057 culmen
1460 2031 1525 2062 filii,
1542 2030 1642 2066 pudeat
1660 2032 1755 2066 utique
1770 2032 1825 2057 ine-

126 2069 245 2103 ptiarum
265 2077 378 2096 suarum
398 2069 576 2097 adversarios.
598 2071 647 2097 Sin
666 2072 768 2099 omisso
787 2072 858 2104 tilio,
878 2072 951 2099 haud
968 2073 1131 2108 ambiguum
1152 2075 1204 2101 1100
1223 2075 1280 2102 sore
1299 2080 1459 2102 sanctorum
1480 2084 1596 2111 regnum
1614 2076 1720 2107 dieent;
1738 2077 1825 2111 primo

124 2112 235 2148 quidem
256 2113 307 2148 ipsi
327 2113 439 2140 meliore
459 2122 518 2141 esse
538 2114 704 2142 ridebuntur
723 2115 882 2143 conditione
902 2125 985 2151 (1113111
1002 2118 1143 2150 Christus,
1160 2123 1186 2145 et
1206 2120 1374 2153 superiorem
1391 2121 1415 2146 ei
1431 2124 1532 2146 sortem
1551 2119 1656 2155 adepti;
1673 2121 1695 2146 si
1713 2120 1823 2155 quidem

128 2157 173 2184 ille
192 2156 328 2184 caducum
349 2161 522 2192 potentatum
543 2158 669 2191 habebit,
686 2159 714 2186 hi
734 2164 826 2187 autem
848 2165 1008 2195 perpetuum
1032 2162 1121 2189 sortiti
1141 2162 1290 2196 gaudium,
1307 2163 1485 2190 stabilitatem
1505 2172 1614 2198 quoque
1633 2164 1734 2199 gloriae
1753 2164 1824 2190 obti-

126 2200 242 2228 nebunt.
263 2202 321 2228 Iam
341 2202 363 2228 si
383 2202 450 2228 haec
469 2202 607 2230 iuurbana
627 2203 768 2230 calumnia
788 2208 842 2237 est,
860 2205 926 2239 quid
948 2205 974 2231 111
994 2207 1121 2240 protinus
1137 2206 1299 2234 abiit-tetur?
1317 2209 1388 2234 Nam
1408 2208 1565 2243 possidendi
1586 2213 1668 2243 atque
1683 2209 1824 2235 universa-

126 2244 188 2270 liter
206 2245 340 2279 regnandi
359 2245 483 2273 officium
503 2247 642 2274 neminem
664 2248 751 2278 magis
771 2256 855 2283 quam
876 2249 964 2283 ipsum
981 2249 1122 2277 Christum
1141 2250 1235 2284 decet,
1251 2251 1299 2286 qui
1319 2259 1375 2278 non
1391 2251 1560 2287 adquisitum
1576 2252 1703 2279 datumve
1720 2252 1824 2286 aliquid

128 2288 262 2322 possidet,
277 2290 359 2316 sicuti
380 2298 444 2322 nos⁷
461 2290 508 2317 sed
529 2292 621 2318 omnia
641 2293 777 2319 naturalis
797 2293 839 2319 sui
860 2292 975 2319 dominii
997 2295 1065 2321 iure.
1087 2295 1143 2321 >ios
1163 2300 1255 2322 autem
1276 2304 1339 2323 cum
1360 2296 1408 2323 illo
1423 2297 1511 2332 passi,
1528 2305 1589 2323 cum
1611 2296 1704 2323 eodem
1726 2304 1823 2330 regna-

129 2331 234 2365 bimus,
250 2333 333 2360 veluti
352 2335 485 2368 scriptum
505 2340 555 2362 est.
577 2336 666 2371 Igitur
684 2337 742 2371 ipse
758 2337 928 2371 principatus
945 2338 1090 2371 1103113115,
1105 2347 1154 2365 nos
1177 2347 1238 2367 vero
1259 2340 1371 2373 adsciti,
1387 2345 1415 2367 et
1434 2341 1659 2376 participantium
1675 2339 1760 2372 gradu
1778 2340 1824 2366 ho-

128 2376 227 2402 norati.
248 2377 342 2404 Sancti
360 2379 434 2405 enim
455 2387 518 2406 cum
538 2386 671 2415 regnante
685 2382 806 2409 Domino
822 2383 1041 2417 conregnabunt.
1066 2383 1170 2410 Deinde
1191 2384 1330 2419 quomodo
1348 2385 1518 2412 immobilem
1536 2386 1609 2412 hunc
1626 2385 1757 2411 honorem
1775 2384 1822 2411 ha-

127 2419 246 2453 bebunt,
260 2425 443 2456 perpetuoque
463 2423 632 2457 regnabunt,
646 2424 668 2451 si
688 2425 798 2452 nutabit
816 2434 848 2452 ae
867 2425 973 2453 desinet
987 2427 1089 2454 Christi
1106 2432 1279 2462 potentatus,
1295 2430 1375 2456 citius
1395 2433 1505 2456 sanctos
1526 2429 1669 2463 participes
1688 2428 1823 2455 dicimus?

128 2464 161 2489 Et
180 2463 202 2490 si
222 2464 301 2498 regni
321 2464 401 2492 dator
419 2469 447 2492 et
466 2474 574 2500 praeses
594 2472 726 2502 potestate
745 2469 923 2504 spoliabitur,
938 2471 1051 2498 ubinam
1072 2480 1114 2499 res
1134 2473 1251 2499 istorum
1271 2474 1438 2503 consistent,
1453 2481 1523 2508 111130
1542 2473 1590 2499 tali
1610 2472 1791 2499 fundamento
1811 2474 1821 2484 *

128 2507 294 2534 innituntur.
316 2509 461 2543 Quomodo
477 2510 504 2536 hi
520 2511 735 2547 participabunt,
752 2514 776 2540 si
791 2514 813 2541 is
828 2515 876 2549 qui
891 2516 919 2541 in
936 2519 1041 2549 partem
1061 2517 1166 2543 vocavit
1186 2517 1360 2544 infirmatur?
1380 2519 1476 2544 Nonne
1495 2517 1649 2543 necessario
1667 2516 1744 2544 cadet
1760 2525 1822 2544 cusu

126 2555 251 2586 gestante
275 2556 429 2586 gestatum,
449 2558 476 2580 et
498 2554 528 2581 in
548 2554 652 2583 infimis
671 2556 755 2584 foveis
776 2558 929 2585 subsidebit
948 2559 1082 2594 quidquid
1108 2561 1166 2587 illic
1190 2561 1376 2593 innitebatur,
1398 2561 1486 2588 tulero
1508 2560 1663 2588 subducto?
1682 2561 1822 2596 Siquando

127 2595 219 2630 itaque
239 2597 427 2631 prosperitatis
446 2597 520 2625 basis
538 2598 658 2634 bonique
677 2605 765 2628 status
783 2601 996 2630 fundamentum
1017 2604 1253 2637 commovebitur,
1269 2609 1349 2639 prout
1368 2605 1413 2632 isti
1432 2608 1546 2640 putant,
1563 2605 1722 2632 calamitosa
1738 2606 1821 2640 proti-

126 2646 179 2665 nus
199 2639 246 2666 fiet
264 2644 346 2674 atque
366 2640 482 2668 decidua
501 2649 562 2676 spes
581 2651 690 2678 quoque
709 2644 838 2672 3110111111,
859 2647 950 2673 Dictio
971 2648 1064 2681 itaque
1116 2656 1179 2674 cum
1200 2648 1344 2674 tradiderit
1364 2657 1480 2675 reanum
1499 2661 1510 2671 υ
1533 2657 1587 2675 uon
1607 2649 1745 2683 signifieat
1764 2650 1821 2676 fore

126 2686 158 2708 ut
176 2683 303 2710 Christus
324 2692 438 2719 regnum
459 2685 581 2717 abdicet,
597 2686 643 2713 sed
665 2687 738 2721 quod
758 2689 849 2722 potins
867 2689 902 2716 ab
921 2691 982 2717 aliis
1002 2691 1160 2718 detentum.
1178 2693 1249 2726 patri
1269 2693 1293 2718 ri
1313 2700 1360 2718 sua
1382 2692 1545 2720 xindicabit:
1563 2701 1625 2719 cum
1645 2701 1699 2727 quo
1719 2698 1745 2720 et
1764 2694 1821 2728 ipse

127 2726 262 2761 regnabit.
286 2740 315 2769 H,
326 2765 328 2767 v

289 2768 303 2774 ζ’
653 2779 716 2800 Iesus
730 2780 838 2802 Christus
853 2781 904 2803 heri
917 2784 940 2804 et
956 2783 1038 2806 hodie,
1055 2784 1103 2810 ipse
1117 2784 1139 2804 et
1155 2783 1178 2804 in
1193 2784 1291 2804 saecula.

208 2815 350 2844 Dictiones
369 2817 439 2844 aliae
457 2822 523 2845 sunt
541 2819 600 2845 Deo
615 2826 768 2854 congruae,
783 2820 880 2848 vetuti:
897 2829 948 2857 ego
963 2823 990 2849 in
1007 2827 1097 2858 patre,
1111 2827 1137 2850 et
1157 2827 1234 2857 pater
1251 2823 1280 2850 in
1295 2832 1339 2851 me
1354 2826 1376 2850 *.
1397 2825 1476 2853 Aliae
1493 2826 1632 2853 hominem
1646 2826 1758 2860 decent,
1773 2829 1817 2854 ut:

125 2865 201 2885 nunc
223 2867 266 2886 me
285 2861 416 2895 quaeritis
436 2861 606 2894 interficere,
628 2862 768 2890 hominem
788 2864 834 2899 qui
854 2866 996 2893 veritatem
1017 2867 1125 2893 locutus
1145 2875 1206 2894 sum
1229 2867 1304 2895 robis
1323 2870 1344 2894 ’ἵ
1369 2869 1444 2896 Aliae
1465 2869 1570 2897 mediae
1589 2875 1671 2903 sunt,
1692 2875 1723 2897 ut
1742 2870 1818 2898 haee.

1672 2919 1699 2942 11

1856 583 1875 597 1·.
1890 580 1910 597 2.

1858 621 1862 624 '
1879 617 1936 637 Dstn.
1954 617 2002 637 tlt.
2020 623 2039 636 ’1,

1857 709 1862 713 ’
1880 706 1907 724 ic.
1924 705 1961 725 Vl.
1982 707 1998 724 l.

1859 1378 1879 1393 Υ.
1898 1376 1927 1393 15.
1944 1376 1975 1393 21.

1860 1503 1866 1507 “
1882 1499 1953 1520 Emit.
1970 1499 2021 1520 XX,
2035 1502 2064 1520 111.

1859 1598 1867 1611 t
1895 1596 1927 1613 itt.

1861 1725 1898 1745 Gr.
1913 1730 1935 1751 μ.
1952 1728 1994 1745 123v

1860 1863 1880 1877 1,
1894 1854 1920 1877 ἱ*

1858 2485 1867 2491 ⁷
1883 2486 1917 2508 gr.
1934 2477 2025 2511 ,Ecivfw
2036 2496 2042 2507 ,

1857 2523 1903 2539 non
1918 2514 2055 2549 ,Ξεξρκ-ἷξεν.

1854 2790 1910 2811 Ctv.
1926 2790 1986 2810 xm.
2001 2793 2020 2810 ⁵3.

1856 2837 1862 2844 '
1879 2833 1929 2854 Iolt.
1945 2834 1971 2854 X.
1989 2837 2021 2855 kt.

1856 2879 1863 2885 ·
1879 2875 1928 2896 loh.
1944 2875 2003 2897 v111.
2022 2878 2050 2895 tov
