2205 3177
521 165 553 187 ix
580 164 733 187 rsamnm
761 163 877 185 Lxxvl.
907 162 1037 184 Lxxvu.
1068 161 1211 184 rxxviu.
1240 161 1280 183 Er
1306 161 1424 183 Lxxix.
1748 150 1818 183 257

129 240 165 267 ut
192 230 351 265 nonnulli
380 236 522 275 propter
549 229 765 274 congenitam
792 228 822 260 ei
847 224 1094 270 benignitatem
1121 231 1153 258 et
1180 224 1493 259 obliviscendarum
1514 225 1717 258 iniuriarum
1743 235 1820 258 mo—

130 301 223 327 rem,
248 287 503 334 propemodum
525 298 604 320 eum
625 287 777 319 incusent
798 283 893 329 quod
913 284 1057 316 omuino
1077 282 1263 327 aliquando
1288 283 1463 316 irascatur.
1493 283 1577 315 Ecce
1596 282 1688 315 enim
1707 288 1740 315 et
1761 293 1819 327 pa-

131 347 352 381 tientissimus
379 344 483 379 Iobus
502 346 574 377 Deo
594 343 739 388 supplex
766 340 874 375 aiebat
897 341 927 373 ἰ
951 352 1012 373 cur
1038 341 1257 385 iniquitatum
1282 351 1438 373 mearum
1461 351 1530 373 non
1556 352 1592 373 es
1617 338 1764 376 oblitus,
1786 345 1820 372 et
1860 351 1867 360 ·
1883 349 1931 371 ioh.
1947 349 1998 371 vu
2013 353 2045 371 21.

132 410 270 450 peecata
298 415 366 436 non
393 402 612 436 emundasti?
631 400 696 433 Sed
716 400 829 436 enim,
851 410 912 431 cur
930 398 1135 433 Dominum,
1157 398 1316 442 inquam,
1337 398 1496 431 incusas?
1516 398 1591 430 Non
1612 397 1747 433 incuso,
1771 397 1824 429 in—

131 462 230 507 quit.
260 460 318 494 sed
347 467 426 506 peto
454 460 568 505 potius
595 463 794 491 cousuetam
821 456 850 488 ei
878 455 1167 500 congenitamque
1198 453 1458 499 benignitatem.
1488 455 1579 487 llaec.
1610 454 1666 487 ille
1696 453 1822 487 athleta

135 518 344 564 praeclarus.

506 580 647 603 Effumle
664 580 746 602 iram
763 581 850 602 tuam
867 579 902 601 iu
921 580 1043 607 gentes,
1060 584 1140 603 qum·
1160 578 1189 599 te
1208 583 1268 599 non
1287 578 1451 599 noverunt.

230 633 378 665 Prosunt
404 630 504 664 nobis
529 634 727 663 sanctorum
754 640 890 674 preces:
912 627 1085 673 supplices
1111 627 1201 660 euim
1226 638 1261 659 se
1279 627 1351 659 Deo
1378 632 1596 672 prosternunt
1620 637 1682 672 pro
1702 626 1820 666 nobis,

133 696 168 724 et
194 690 383 723 irruentem
408 689 442 721 in
468 698 531 720 nos
557 689 643 720 iram
661 712 668 724 ,
698 686 740 719 ad
768 686 853 719 alios
879 684 1140 730 quodammodo
1168 684 1343 717 divertunt
1370 684 1544 717 dicentes:
1573 684 1711 718 effunde
1737 685 1823 718 iram

134 754 228 781 tuam
255 748 288 780 in
316 752 452 791 geuteS,
474 756 561 790 quae
581 751 613 777 te
633 756 703 777 nou
725 749 917 781 noverunt,
940 749 972 776 et
991 744 1025 775 in
1046 754 1150 787 regua
1176 752 1263 786 quae
1289 753 1415 775 nomeu
1443 748 1540 774 tuum
1561 754 1628 775 non
1648 743 1820 776 invocant.

133 805 270 851 Ergone
296 810 416 837 contra
442 803 528 836 alios
556 814 698 847 prorsus
714 828 721 838 ,
750 802 809 846 qui
836 801 920 834 nihil
949 806 1157 846 peccarunt.
1187 799 1318 833 effundi
1344 799 1418 832 vult
1444 800 1530 832 iram
1556 799 1733 833 divinam?
1758 801 1824 840 Qut

135 861 209 896 fieri
236 867 349 907 posset
368 867 407 894 ut
426 862 516 893 Deus
537 860 640 893 ferret
668 859 864 893 hortantem
884 870 919 891 se
939 858 981 891 ad
1001 858 1224 890 iniustitiam?
1244 857 1303 890 Vel
1325 856 1504 902 quomodo
1523 864 1658 890 sanctus
1681 859 1824 891 omnino

134 920 163 952 is
187 919 249 955 sit,
270 919 328 961 qui
356 923 425 950 tam
451 917 556 950 duras
583 928 700 962 preces
727 916 958 962 pronunciet?
985 914 1075 955 Quid
1102 926 1185 959 ergo
1206 914 1276 947 ait‘?
1297 914 1382 947 Cum
1408 919 1583 947 creaturae
1601 914 1662 946 Dei
1689 914 1823 959 aliquae

135 981 295 1022 peccant,
318 975 421 1008 simul
449 981 563 1008 tamen
589 975 662 1008 eius
689 974 820 1007 cultum
847 974 1016 1009 retinent.
1041 980 1120 1006 tunc
1146 984 1227 1005 sane
1253 972 1431 1005 moderate
1458 972 1576 1017 punit,
1597 972 1682 1005 iram
1703 973 1823 1006 veniae
1862 985 1899 1006 Gr.
1915 988 1997 1011 ymos.

134 1034 292 1067 miscens.
322 1033 405 1066 Cum
434 1039 547 1066 autem
575 1032 734 1065 nonnulli
761 1043 800 1065 ex
827 1031 879 1064 his
905 1032 964 1076 qui
991 1032 1103 1076 ipsum
1130 1031 1313 1075 ignorant,
1342 1036 1511 1075 perpetuo
1538 1029 1637 1063 simul
1665 1030 1820 1065 irritant.

134 1097 215 1124 tunc
243 1090 306 1124 hos
331 1089 451 1123 effreni
478 1090 527 1123 ira
554 1090 786 1135 persequitur.

686 1155 770 1181 Quia
786 1161 939 1182 pauperes
956 1154 1033 1176 faeti
1051 1160 1157 1176 sumus
1174 1154 1278 1176 nimis.
1863 1161 1883 1176 v.
1900 1160 1918 1176 s,

231 1205 413 1246 Quodnam
440 1206 482 1238 sit
508 1205 670 1251 spiritalis
696 1211 834 1238 nostrae
860 1205 1072 1250 paupertatis
1097 1215 1223 1249 genus,
1252 1210 1285 1237 et
1311 1214 1477 1248 quasnam
1504 1204 1645 1249 proprie
1671 1204 1824 1237 amiseri-

136 1274 213 1296 mus
238 1263 392 1301 divitias,
421 1269 559 1308 oportet
586 1273 804 1308 cognoscere.
833 1262 968 1295 Nudata
994 1262 1088 1294 omni
1116 1260 1210 1294 bono
1236 1260 1299 1294 suit
1326 1260 1476 1293 hominis
1502 1266 1642 1298 natura,
1670 1262 1827 1306 supernis

136 1320 237 1354 donis
256 1320 437 1357 destituta.
461 1331 480 1354 a
499 1321 559 1354 Dei
581 1320 810 1353 familiaritate
831 1319 975 1353 alienata
998 1320 1057 1363 (l).
1088 1319 1265 1363 Siquidem
1286 1319 1534 1351 interveniente
1554 1325 1713 1363 peceato,
1735 1319 1826 1352 exuti

136 1378 393 1412 immortalitate
423 1378 550 1412 fuimus
567 1404 574 1415 ,
604 1379 637 1410 in
666 1377 842 1411 crudelem
872 1378 1088 1422 impiumque
1116 1377 1286 1410 latronem
1312 1376 1496 1410 incidimus
1513 1402 1521 1414 ,
1549 1377 1706 1410 Satanam
1733 1376 1824 1410 dieo.

135 1436 222 1470 Nam
240 1437 331 1469 Deus
356 1442 505 1469 mortem
531 1446 601 1469 nou
629 1435 754 1468 fecerat
773 1435 805 1472 ',
827 1434 887 1468 sed
914 1434 957 1468 ad
984 1434 1277 1467 immortalitatem
1303 1435 1418 1467 omnia
1445 1434 1665 1471 condiderat,
1688 1433 1825 1467 mundi·
1864 1447 1872 1453 ·
1889 1443 1941 1470 Sap.
1959 1444 1976 1464 ι,
1993 1448 2021 1465 ix.

133 1505 202 1538 que
228 1494 378 1537 origines
404 1492 512 1526 salute
539 1492 661 1538 plenae
688 1491 846 1525 fuerunt:
868 1491 997 1525 invidia
1024 1498 1137 1525 autem
1165 1490 1296 1524 diaboli
1322 1502 1417 1524 mors
1442 1491 1477 1523 in
1503 1493 1626 1524 orbem
1654 1497 1824 1525 terrarum
1864 1506 1871 1513 »
1888 1502 1940 1530 Sap.
1956 1503 1983 1524 u.
1999 1507 2031 1524 23.

136 1550 291 1583 introivit
314 1550 338 1583 ⁶.
367 1551 458 1595 Ergo
476 1550 577 1583 walde
597 1561 766 1596 pauperes
793 1549 871 1583 facti
899 1549 1043 1587 fuimus,
1064 1549 1122 1582 scd
1145 1555 1259 1582 tamen
1278 1549 1313 1581 in
1332 1548 1468 1582 Christo
1487 1548 1609 1582 divites
1627 1549 1821 1587 evadimus,

134 1607 283 1653 antiquis
309 1606 410 1641 bonis
436 1608 594 1652 receptis.
624 1609 756 1654 Pauper
775 1607 866 1641 enim
887 1605 1068 1640 nobiseum
1089 1606 1196 1640 factus
1222 1612 1273 1640 est
1298 1607 1357 1651 qui
1376 1606 1470 1640 dites
1497 1612 1585 1644 erat,
1609 1612 1646 1640 ut
1673 1618 1736 1640 nos
1754 1607 1826 1641 eius

137 1670 339 1710 paupertate
365 1664 555 1698 ditaremur
584 1664 607 1697 ⁶.
1864 1662 1916 1708 ’,Π-
1933 1662 2058 1683 θ’·ῑὟΠῐ-

1864 1692 1876 1708 ft

762 1756 995 1795 PSALMUS
1024 1758 1200 1795 LXXIX.

772 1847 853 1870 Veni
872 1847 911 1869 ad
928 1847 1113 1870 salvandum
1131 1853 1195 1869 uos.
1864 1854 1885 1868 v.
1901 1852 1921 1869 a,

235 1898 329 1930 Dicta
349 1903 426 1930 sunt
446 1897 529 1930 haec.
557 1897 768 1942 prophetice.
798 1898 935 1931 Exitum
953 1909 1037 1930 vero
1056 1896 1272 1935 habuerunt,
1297 1902 1334 1930 ut
1353 1896 1440 1934 dixi,
1466 1896 1555 1941 apud
1584 1908 1663 1934 nos,
1685 1897 1719 1929 in
1740 1908 1827 1942 quos

137 1955 355 1988 saeculorum
385 1954 470 1988 fines
501 1961 739 1988 occurrerunt.
773 1955 942 1988 Extremis
972 1956 1064 1988 euim
1096 1954 1311 2000 temporibus
1342 1955 1645 2000 unigenitum'Dei
1672 1953 1825 1988 Verbum

138 2013 246 2046 homo
271 2011 400 2045 factum
424 2017 486 2045 est.

647 2077 781 2100 ostende
799 2079 910 2101 faciem
927 2080 1029 2106 tuam,
1045 2079 1077 2100 et
1093 2077 1172 2100 salvi
1189 2078 1316 2100 erimus.
1866 2085 1886 2099 v.
1904 2082 1920 2100 t.

234 2128 368 2161 Faciem
394 2128 454 2160 Dei
481 2127 587 2172 patris
615 2126 725 2160 filium
753 2127 948 2173 appellant;
971 2134 1021 2160 est
1048 2127 1139 2159 enim
1159 2127 1273 2172 imago
1293 2132 1326 2159 et
1345 2126 1455 2171 figura
1482 2126 1690 2160 substantiae
1715 2127 1824 2166 illius,

140 2192 241 2231 atque
267 2187 301 2219 in
327 2186 402 2230 ipso
429 2184 504 2218 solo
523 2185 583 2218 Dei
610 2185 716 2231 patris
742 2185 941 2230 pulcritudo
968 2184 1216 2218 manifestatur.
1245 2204 1267 2209 —
1293 2184 1516 2218 Illucescente
1534 2184 1634 2218 nobis
1654 2186 1759 2229 patris
1778 2185 1827 2219 fa—

139 2244 206 2281 cie.
230 2243 265 2276 id
292 2250 341 2276 est
367 2242 457 2279 tilio,
480 2243 633 2276 conversi
662 2254 780 2276 sumus
806 2243 849 2276 ad
868 2244 977 2276 Deum
1004 2244 1174 2275 viventem
1200 2254 1237 2276 ae
1263 2253 1385 2276 verum
1404 2254 1444 2276 ex
1464 2254 1550 2276 vana
1578 2249 1718 2288 paterna
1745 2254 1826 2277 con-

138 2302 351 2336 versatione,
373 2312 411 2334 ac
438 2312 499 2346 per
524 2312 603 2333 eum
631 2301 749 2334 satiati
778 2300 918 2334 fuimus.

570 2366 638 2392 Quo
656 2373 752 2393 usque
770 2367 917 2389 irasceris
933 2372 1026 2393 snper
1043 2367 1220 2388 orationem
1236 2366 1316 2388 servi
1335 2366 1400 2388 tui?
1869 2376 1890 2390 x.
1905 2374 1924 2390 Γ».

236 2416 336 2449 Haud
356 2417 423 2449 iam
443 2415 487 2449 de
506 2421 663 2449 morante
682 2417 860 2461 queritur,
882 2416 941 2449 sed
961 2422 1037 2450 orat
1057 2417 1172 2461 potius
1191 2422 1225 2448 ut
1247 2416 1392 2460 gratiam
1415 2415 1594 2448 acceleret.
1623 2416 1831 2460 Ceteroquin

139 2475 197 2519 qui
223 2474 338 2506 omnia
365 2473 425 2506 scit
452 2474 559 2508 Deus.
581 2473 795 2518 singularum
821 2485 962 2518 quoque
990 2485 1106 2507 rerum
1133 2484 1326 2517 congruum
1352 2479 1488 2517 tempus
1515 2473 1702 2517 cognoscit.

689 2538 820 2561 Potabis
838 2545 893 2561 nos
910 2539 1057 2565 lacrymis
1074 2540 1107 2561 in
1126 2545 1282 2561 mensura.
1869 2548 1885 2574 ν.
1906 2545 1924 2561 a.

237 2591 405 2634 Lugentes
430 2595 532 2634 atque
557 2596 732 2634 gementes
758 2591 986 2623 neessarium
1014 2589 1128 2623 cibum
1156 2590 1321 2634 capimus.
1352 2589 1443 2621 Haec
1469 2594 1582 2621 autem
1602 2587 1702 2622 nobis
1722 2588 1830 2622 fecisti
1896 2575 1900 2579 .

140 2649 264 2683 iustam
291 2658 438 2693 poenam
465 2647 611 2693 peccatis
638 2648 763 2680 uostris
789 2647 995 2682 retribuens.

569 2712 708 2735 Posuisti
725 2719 780 2735 nos
797 2713 830 2735 in
848 2713 1129 2736 contradictionem
1147 2712 1257 2734 vicinis
1273 2711 1400 2734 nostris.

1868 2720 1884 2759 ἢῆ

236 2762 421 2802 Quomodo
449 2768 563 2795 autem
589 2763 733 2807 expositi
753 2768 850 2796 erant
869 2762 930 2796 filii
953 2763 1111 2796 israhelis
1132 2761 1359 2795 finitimorum
1380 2772 1523 2795 suorum
1547 2761 1828 2799 contradictioni.

240 2834 275 2864 (t)
294 2832 335 2858 En
355 2831 426 2866 apud
447 2831 580 2868 Cyrillum
601 2832 704 2866 peccati
723 2831 866 2866 originalis
884 2831 1113 2866 descriptionem,
1134 2835 1165 2858 ut
1183 2831 1258 2866 apud
1279 2838 1328 2858 nos
1348 2839 1374 2865 p.
1396 2830 1443 2857 lat.
1464 2833 1525 2857 221.
1547 2829 1611 2857 adn.
1633 2834 1658 2857 2.

1682 2887 1713 2910 33
