2205 3177
301 631 320 644 ῐ,
338 629 374 645 t—fs

424 197 453 227 b:

455 196 466 225 όν

470 198 491 227 ιι.

928 206 954 226 S.
984 205 1108 226 m'nttu
1137 206 1354 227 ALEXANDRIN!
1382 206 1586 227 EXt‘LANATto

827 271 981 297 Quoniam
998 272 1108 294 mello!-
1124 273 1167 294 ost
1186 273 1396 294 miseriem-dia
1416 274 1470 294 lua
1487 278 1579 299 super
1597 273 1684 294 vitas.

518 326 579 365 Qui
608 325 875 359 miscricordiam
905 326 981 360 llci.
1005 326 1036 358 id
1065 332 1109 358 cst
1140 325 1282 360 Christi.
1306 326 1418 371 adepti
1445 332 1540 360 sunt.
1564 332 1594 358 ct
1624 332 1834 371 praesentem
1862 327 1963 360 xitam
1992 327 2089 360 nihili

424 384 616 417 aestimant.
638 384 658 415 ii
686 381 789 416 verba
818 383 897 416 haec
925 383 1217 428 proniniciabunt3
1241 395 1362 428 ncmpc
1389 383 1525 416 cuilibet
1553 383 1674 428 longae
1701 386 1733 416 iu
1760 383 1825 415 hoc
1851 384 1981 417 mundo
1999 385 2090 418 witae

424 447 593 485 praestare
612 451 804 473 concessam
823 439 885 473 sibi
907 440 949 473 ab
971 441 1150 485 Unigenito
1176 441 1454 474 miscricordiam.
1476 441 1534 474 vol
1556 440 1823 474 miscricordiam
1843 441 1923 474 dicit
1942 441 2086 475 salutem

424 499 455 530 in
476 498 626 532 Christo:
646 498 729 530 *itas
749 505 860 530 autem
889 498 1014 541 legem,
1038 510 1094 531 seu
1121 499 1308 531 secundum
1329 499 1435 543 legem
1463 499 1550 531 vitae
1577 510 1694 543 genus.
1724 498 1843 531 Melior
1869 499 1999 543 itaque,
2019 500 2084 537 ait,

422 566 523 599 quam
551 555 637 587 xitae
663 561 758 589 sunt.
780 556 1012 589 misericordia
1039 562 1107 589 tua.

760 621 856 643 laabin
875 627 939 643 men
958 621 1131 644 humabunt
1151 623 1194 645 le.
1211 622 1253 643 sic
1271 621 1448 643 benedicam
1465 621 1523 643 ΗΜ
1542 621 1574 643 ln
1593 622 1656 643 vna
1673 627 1749 643 mea.

517 669 700 703 Labiorum
725 671 819 715 quasi
848 670 994 704 fructum
1022 670 1139 704 laudes
1164 682 1274 704 sacras
1301 671 1488 715 promittit:
1511 671 1649 715 Deoque
1676 682 1744 703 non
1770 682 1830 703 orc
1850 670 2088 704 tantummodo

423 726 622 760 benedicere
641 728 752 760 statuit
765 754 773 763 ,
795 740 913 761 xci-um
933 729 1034 761 ctiam
1054 729 1120 761 xita
1141 739 1218 765 sua,
1242 727 1274 759 id
1294 733 1342 760 est
1364 738 1500 760 morum
1519 739 1659 761 suorum
1680 727 1854 760 honestate
1873 727 2085 772 glorificare:

249 801 253 811 ι
300 812 305 821 ,
422 786 552 829 aitque,
576 796 696 817 manus
715 797 749 817 sc
769 785 811 817 ad
831 784 979 817 alienum
998 786 1107 817 Deum
1134 796 1202 817 non
1222 796 1294 817 esse
1313 783 1548 819 sublaturum.
1571 784 1628 817 sed
1656 783 1715 817 tibi
1742 784 1824 821 soli,
1846 785 1963 829 tuique
1988 785 2088 818 unius

194 1653 382 1674 'RomA'tllea

203 1879 209 1886 ’
228 1878 284 1897 [wut
312 1878 336 1897 V.
352 1881 385 1898 at.

318 1940 338 1955 Ὺ.
356 1938 384 1955 1⁰.

319 2229 323 2239 τ
356 2225 385 2242 tt.

251 2342 255 2351 ¹
303 2344 315 2360 rs
339 2341 383 2358 470.

211 2670 218 2677 ·
237 2668 262 2687 P«
288 2664 384 2685 xxxvl.

213 2698 233 2715 ⁴1

421 853 543 874 nomen
572 843 602 874 in
632 841 788 887 precibus
814 843 1070 879 invocaturum,
1098 853 1158 875 nce
1176 842 1359 886 quicquam
1380 853 1397 874 a
1418 841 1509 874 falsis
1534 841 1598 875 diis
1617 843 1822 887 pctiturum;
1846 842 1904 875 sed
1925 841 1984 875 tibi
2004 853 2088 876 vero

420 905 537 944 suapte
558 906 676 932 natura
697 901 767 932 Deo
786 899 1070 944 supplicaturum.
1094 900 1147 931 Est
1169 905 1281 932 autem
1301 899 1383 932 hacc
1402 898 1505 944 digna
1524 899 1645 932 sanctis
1664 898 1859 932 hominibus
1878 905 1979 943 atque
1996 899 2090 945 opti-

422 969 475 989 ma
501 957 675 1001 gloriatio.
700 968 798 989 nosse
825 968 931 990 unum
958 958 1111 990 omnium
1138 957 1266 994 Deum,
1291 957 1388 1001 eique
1413 967 1531 1000 preces
1555 956 1691 990 offerre.

834 1022 921 1045 Sicut
940 1023 1032 1049 adipe
1048 1025 1076 1045 et
1095 1022 1286 1049 pinguedine
1303 1022 1463 1048 repleatur
1480 1022 1585 1044 anima
1601 1028 1678 1044 mea.

518 1073 732 1104 Demonstrat
760 1078 925 1116 quantum
951 1073 1081 1117 capiant
1109 1072 1380 1105 emolumentum
1407 1072 1448 1107 ii.
1477 1072 1534 1117 qui
1563 1073 1594 1105 in
1621 1073 1692 1105 Deo
1718 1071 1792 1105 solo
1818 1083 1913 1117 spem
1939 1071 2089 1105 colloca-

421 1135 512 1161 runt.
542 1130 629 1162 Sicut
657 1130 747 1162 cnim
773 1140 898 1174 corpus
918 1128 960 1162 ab
980 1128 1123 1174 adipatis
1142 1128 1176 1161 id
1196 1135 1245 1162 est
1265 1127 1448 1174 pinguibus
1466 1128 1588 1162 eduliis
1608 1128 1642 1162 lit
1663 1128 1818 1167 obesius,
1842 1129 1886 1162 ita
1904 1134 1937 1162 et
1956 1130 2088 1163 animae
2114 1128 2119 1131 ’

421 1185 538 1219 accidit
566 1198 605 1219 ex
632 1187 768 1231 copiosa
794 1186 937 1231 Spiritus
964 1186 1142 1230 largitione
1168 1197 1205 1219 ac
1232 1185 1420 1223 hilaritate:
1443 1197 1509 1231 qua
1528 1185 1669 1230 quidem
1688 1186 1812 1231 repleri
1832 1185 2000 1232 propheta
2026 1197 2088 1232 po-

421 1243 538 1279 stulat,
563 1250 597 1276 ut
624 1242 715 1277 labio
740 1244 912 1277 exultante
934 1244 1116 1276 Dominum
1138 1242 1250 1276 laudet
1273 1243 1413 1288 spiritali
1441 1241 1519 1276 cibo
1543 1248 1722 1276 saturatus.
1750 1243 1851 1282 Cum,
1873 1244 2002 1289 inquit,
2024 1254 2089 1278 no-

423 1312 499 1333 men
527 1307 622 1333 tuum
650 1301 682 1333 in
709 1301 908 1334 memoriam
938 1312 1081 1337 revoco.
1105 1307 1184 1333 tunc.
1209 1301 1385 1333 enimvero
1411 1311 1450 1333 os
1475 1311 1589 1333 meum
1616 1299 1740 1345 gaudio
1766 1301 1929 1346 repletur.

914 1366 952 1388 ln
971 1365 1142 1388 velamento
1158 1365 1282 1388 alarum
1300 1367 1426 1388 tuarum
1443 1365 1599 1388 exultabo.

515 1414 705 1448 Tutelarem
732 1415 789 1447 Dei
816 1415 884 1447 vim
912 1414 1090 1460 significat.
1119 1414 1178 1448 Vel
1206 1414 1337 1448 alarum
1363 1413 1532 1447 vocabulo
1558 1420 1654 1447 vetus
1681 1425 1876 1460 novumque
1907 1421 2088 1448 testamen-

423 1478 495 1504 tum
521 1472 645 1504 innuit.

1009 1538 1162 1561 Adhaesit
1178 1539 1283 1561 anima
1301 1545 1366 1561 men
1384 1540 1451 1565 post
1469 1540 1509 1561 te.

517 1587 767 1621 Adhaesionem
793 1593 908 1624 vocat,
933 1593 1082 1621 mentem
1109 1587 1213 1621 veluti
1241 1587 1407 1626 defixam,
1430 1594 1463 1621 et
1482 1588 1516 1620 in
1535 1587 1659 1621 virtute
1678 1588 1920 1627 constantiam,
1943 1594 1975 1622 et
2000 1587 2091 1620 indi-

422 1644 557 1677 vulsum
585 1656 749 1679 amorem.
779 1645 982 1679 Huiusmodi
1003 1645 1126 1678 Paulus
1145 1651 1236 1682 erat,
1258 1645 1341 1678 dum
1362 1644 1469 1678 aiebat
1491 1645 1519 1678 ἐ
1539 1646 1614 1690 quis
1640 1657 1702 1678 nos
1727 1644 1896 1691 separabit
1915 1657 1932 1678 a
1952 1645 2092 1678 caritate

421 1701 569 1735 Christi?
596 1703 678 1736 Cum
704 1714 787 1736 vero
813 1714 919 1748 purus
945 1703 1067 1747 aliquis
1094 1714 1182 1748 puro
1207 1703 1407 1748 copulatur,
1434 1709 1514 1736 tunc
1532 1702 1575 1736 ab
1594 1703 1665 1736 eius
1691 1703 1850 1748 deinceps
1872 1702 2010 1736 dextera
2036 1713 2091 1736 re·-

423 1759 530 1801 gitur,
551 1759 585 1792 id
603 1765 648 1792 est
671 1760 804 1793 Christi.
828 1760 902 1805 lpse
922 1761 1012 1793 enim
1032 1760 1169 1793 dextera
1189 1760 1249 1793 Dei
1268 1766 1334 1797 est,
1353 1771 1414 1805 per
1432 1771 1534 1804 quam
1554 1760 1668 1793 omnia
1687 1760 1774 1804 regit
1792 1765 1892 1805 atque
1911 1765 2088 1805 operatur.

424 1816 484 1848 llle
511 1823 622 1850 autem
642 1818 787 1850 Domino
807 1817 990 1851 adhaerere
1010 1824 1140 1863 potest,
1160 1818 1218 1863 qui
1240 1817 1280 1850 ad
1301 1819 1413 1863 ipsum
1434 1817 1654 1851 beatitudinis
1676 1816 1778 1851 finem
1797 1817 2008 1863 pervenerit;
2030 1817 2089 1862 qui

423 1880 452 1907 et
482 1875 588 1907 Deum
615 1874 676 1907 sibi
703 1875 871 1908 dicentem
898 1875 991 1908 audit
1012 1876 1041 1907 ':
1067 1882 1100 1908 tu
1128 1886 1211 1908 vero
1238 1875 1311 1908 heic
1337 1886 1499 1920 permane
1526 1886 1671 1909 mecum.

1014 1940 1197 1962 lun-othum
1214 1941 1246 1962 in
1265 1940 1373 1962 infima
1390 1941 1504 1962 {en-ae.

519 1991 668 2034 increpat
690 1989 849 2035 deinceps
869 1990 1078 2023 adversarias
1098 1996 1295 2035 potestates,
1316 2001 1333 2023 a
1353 1989 1477 2034 quibus
1496 2001 1613 2035 passus
1632 1996 1681 2023 est
1699 1990 1787 2028 vim,
1805 2001 1907 2023 orans
1925 1995 1961 2023 ut
1980 1996 2090 2023 aeter-

423 2048 473 2079 nis
493 2047 670 2080 tradantur
697 2047 889 2092 suppliciis:
913 2048 964 2081 vel
987 2049 1100 2092 potius
1126 2048 1325 2080 xaticinatur
1346 2046 1390 2091 (l)
1412 2047 1485 2080 fore
1504 2053 1541 2080 ut
1560 2048 1593 2080 in
1613 2047 1688 2080 illas
1713 2047 1802 2080 mala
1824 2047 1977 2081 recidant
2002 2057 2090 2092 quae

422 2103 483 2137 sihi
513 2104 647 2137 fuerant
674 2105 899 2141 machinatae:
923 2116 1016 2138 mors
1042 2106 1220 2143 nimirum,
1243 2105 1423 2138 descensus
1449 2104 1491 2138 ad
1518 2104 1663 2142 inferos,
1685 2104 1818 2149 gladius
1843 2115 1945 2149 quem
1971 2109 2089 2137 contra

424 2162 535 2206 ipsum
562 2162 798 2197 intenderant.
822 2161 937 2195 bestiis
963 2162 1113 2195 traditio.

811 2227 991 2250 'l‘radentur
1009 2229 1042 2250 iu
1059 2234 1169 2250 manus
1185 2228 1299 2256 gladii,
1316 2229 1420 2254 partes
1438 2226 1577 2254 vulpium
1594 2228 1699 2249 erunt.

517 2279 664 2311 Poenam
689 2289 776 2322 quae
803 2277 871 2310 illic
898 2277 1036 2310 dabitur
1062 2277 1272 2311 demonstrat
1299 2277 1450 2322 gladius,
1478 2278 1573 2311 cuius
1598 2288 1720 2311 manus
1744 2275 1986 2310 existimandae
2012 2281 2090 2308 sunt

425 2333 475 2366 vel
503 2334 641 2367 dolores
667 2334 709 2367 ab
737 2336 810 2379 ipso
838 2334 974 2371 inflicti.
1003 2334 1055 2367 vel
1083 2335 1154 2368 eius
1179 2335 1343 2371 ministri.
1372 2335 1429 2379 qui
1456 2336 1525 2368 irae
1550 2346 1629 2368 vasa
1654 2334 1827 2367 dicuntur.
1857 2335 1999 2379 Propter
2025 2333 2092 2366 im—

424 2391 627 2436 probitatem
655 2399 768 2425 autcm
789 2404 883 2425 suam
904 2392 1012 2425 malae
1032 2398 1214 2437 potestates
1233 2392 1449 2437 appellantur
1467 2392 1606 2437 vulpes:
1631 2392 1755 2425 etenim
1775 2391 1903 2425 laniant
1922 2390 2090 2424 infirmio-

424 2460 498 2481 rum
518 2450 645 2483 animas
663 2450 782 2495 vulpes
800 2449 1061 2487 intellectuales,
1080 2460 1167 2494 quae
1185 2450 1329 2483 mortuis
1346 2449 1560 2494 putridisque
1578 2448 1800 2482 cadaveribus
1818 2449 1940 2482 nutriri
1958 2447 2087 2485 solent,

425 2505 456 2537 id
483 2513 529 2539 est
559 2506 705 2552 improbi
732 2513 763 2540 et
791 2507 1034 2551 perversissimi
1061 2507 1212 2551 spiritus.
1240 2508 1325 2540 Nam
1344 2518 1451 2551 quum
1470 2507 1631 2540 callidum
1657 2506 1944 2551 immundumque
1962 2504 2087 2538 animal

425 2563 543 2607 mlpes
569 2565 627 2602 sit,
650 2565 683 2597 in
710 2565 926 2609 impurorum
952 2563 1099 2597 malitiae
1125 2564 1306 2609 spirituum
1331 2563 1526 2609 exemplum
1552 2564 1716 2601 sumitur,
1741 2575 1757 2597 a
1783 2562 1909 2608 quibus
1927 2563 1990 2596 hac
2011 2562 2090 2596 illae

427 2620 700 2665 circumaguntur
719 2622 830 2663 ignaxi
851 2621 1025 2659 homines,
1049 2632 1117 2654 non
1136 2626 1247 2653 autem
1268 2620 1351 2665 legis
1376 2619 1626 2654 observatores.
1654 2622 1740 2654 Nam
1759 2626 1849 2654 recte
1868 2619 1910 2654 de
1928 2620 2017 2653 iusto
2036 2618 2090 2651 di-

426 2683 516 2709 ctum
543 2683 589 2709 est
612 2678 641 2710 ἰ
668 2678 719 2710 lex
739 2679 797 2711 Dei
819 2679 851 2711 in
872 2678 975 2712 corde
1001 2679 1124 2724 ipsius,
1147 2684 1180 2711 et
1205 2688 1272 2710 non
1299 2677 1609 2722 supplantabuntur
1634 2690 1769 2723 gressus
1793 2678 1878 2711 eius.
1905 2678 1973 2711 Lex
1997 2676 2089 2709 enim

429 2734 468 2766 ad
496 2745 531 2767 ea
558 2746 643 2778 quae
670 2736 740 2768 Deo
766 2742 844 2768 sunt
870 2736 992 2781 placita
1018 2736 1145 2780 dirigit.

526 2863 545 2884 ‘t
581 2860 651 2884 nor-‚11
672 2860 834 2887 observatio.
855 2861 927 2896 quod
948 2871 1043 2897 nempe
1063 2863 1091 2888 in
1110 2862 1192 2889 saeris
1212 2861 1288 2888 libris
1309 2862 1530 2896 imprecationes,
1552 2862 1675 2888 uaticinia
1697 2862 1784 2896 potius
1804 2869 1998 2895 szurpcnumeiu
2016 2860 2080 2886 siut.
