2205 3177
227 629 274 648 (tr
299 627 324 648 llv
341 632 359 646 s,

227 1796 257 1815 Cr

189 2338 235 2357 (ΑΓ

405 201 448 235 36
906 208 934 231 S.
963 207 1090 231 CYRILLI
1117 208 1337 232 ALEXANBRIN!
1363 209 1567 234 ExPLANATlo

402 274 590 308 evidentem
617 272 865 307 ostensionem.
890 271 981 305 hunc.
1008 273 1055 305 rei
1081 272 1253 307 cardinem
1281 279 1465 318 ponentes,
1488 284 1611 319 nempe
1637 284 1723 320 opus
1748 286 1819 309 csse
1844 275 1983 309 credere
2005 276 2072 321 (1),

294 354 299 365 Α
338 343 362 359 ²2
404 332 509 364 Deum
538 331 568 362 in
599 329 650 361 his
675 334 705 361 et
734 338 751 361 a
776 329 903 373 Spiritu
929 335 960 362 et
986 340 1003 362 a
1030 329 1132 363 rebus
1154 342 1292 376 quoque
1318 331 1418 375 gestis
1445 331 1675 364 testimonium
1700 333 1851 378 accipere
1872 333 1938 379 (2):
1964 334 2008 367 ita
2036 340 2071 367 ut

286 1543 304 1556 x.
324 1540 351 1556 Η.

282 1776 301 1789 Χ,
345 1786 348 1789 ⁴

278 1801 301 1821 p.
316 1799 347 1816 51*

260 2337 296 2357 ΙΙΙ.
316 2340 344 2357 Ιί.

401 398 518 420 arcana
544 385 693 430 quadam
718 385 951 431 ineffabilique
978 387 1102 420 virtute
1127 393 1159 421 et
1186 388 1219 420 vi
1245 393 1396 425 utentes,
1418 387 1573 433 prodigia
1598 398 1735 433 quoque
1761 389 1857 423 facile
1882 390 2068 424 efficerent.

401 446 505 476 Porro
531 442 746 475 ethnicorum
775 441 910 476 fabulae
935 442 1079 488 egebant
1102 445 1219 489 ntique
1245 444 1460 489 eloquentiae
1485 445 1691 489 patrocinio,
1712 446 1805 490 quod
1833 447 1984 491 ipsorum
2011 447 2069 480 de-

400 500 605 533 formitatem
625 499 884 543 quodammodo
904 506 1047 545 tegeret:
1065 512 1159 534 serus
1177 507 1289 535 autem
1308 502 1441 535 divinae
1461 501 1705 547 praedicationi
1720 502 1862 548 simplex
1881 504 2070 549 plantisque.

398 565 426 591 rt
452 559 510 590 Dei
538 557 734 590 testimonio
760 557 865 591 fretus
891 569 1004 591 sermo
1031 560 1166 592 suflicit.

673 622 708 644 St
725 623 809 645 ‘nim
825 624 1050 651 cog-novissent.
1067 629 1235 650 numquam
1251 624 1408 646 dominum
1425 624 1546 653 glou-im·
1561 624 1796 647 crucifixissent.

492 672 704 705 Conveniens
729 672 917 705 admodum
947 685 1071 706 sermo,
1101 674 1233 706 Etenim
1258 673 1410 707 Christus
1437 684 1536 707 rruee
1562 685 1621 707 sna
1648 674 1691 707 de
1718 675 1885 719 perversis
1912 675 2067 710 adversa-

397 731 521 774 riisque
539 731 700 775 potentiis
720 730 960 775 triumphavit:
989 731 1257 775 chirographum
1282 737 1398 764 contra
1418 743 1480 764 nos
1506 733 1670 777 seriptum
1689 732 1784 777 ligno
1803 733 1982 777 sussigens,
2012 735 2067 767 Sa-

397 793 493 820 tanae
518 786 733 832 tyrannidem
755 799 771 820 a
793 787 892 820 nobis
910 787 1060 832 depulit,
1082 788 1200 820 mundi
1223 795 1397 832 peecatum
1415 789 1574 827 enimin
1595 789 1817 834 relaxans-que
1839 788 2068 823 subterraneis

396 844 570 889 spiritibus
598 844 719 877 inferni
742 851 877 889 portas,
898 846 1018 878 mortis
1042 845 1209 878 destruxit
1229 847 1429 890 potentiam.
1459 847 1547 886 Quid
1568 848 1602 880 ni
1628 858 1710 891 ergo
1735 847 1841 881 invisa
1861 848 1902 880 sit
1924 847 2068 892 impuris

396 900 620 933 daemonibus
639 902 747 934 cruris
773 902 906 946 passio?
933 902 1029 934 Certe
1048 914 1116 935 non
1136 902 1398 940 crucifixissent,
1427 904 1453 936 si
1473 914 1551 936 eum
1571 909 1725 936 accurate
1749 905 1921 937 novissent
1940 904 2068 938 redem-

395 964 530 1002 ptorem
556 963 586 990 ot
614 958 742 1001 gloriae
767 958 958 991 dominnm.
989 959 1073 991 Nam
1099 958 1387 1002 quod'diaboliea
1413 960 1549 993 saevitia
1576 961 1608 993 in
1636 971 1733 993 causa
1760 960 1877 996 fuerit.
1907 967 1943 993 ut
1969 972 1986 994 a
2013 962 2066 993 lu—

395 1014 559 1047 daeorum
578 1014 734 1047 vecordia
755 1015 906 1048 Christus
925 1015 1200 1060 crucifigeretur,
1221 1015 1405 1049 declaravit
1424 1018 1602 1062 perspicue
1621 1017 1720 1050 divus
1738 1017 1905 1050 Iohannes
1921 1017 1964 1051 de
1984 1017 2065 1051 luda

395 1071 529 1104 dicens:
560 1077 633 1116 post
662 1070 850 1107 bucellam,
874 1073 998 1116 inquit,
1028 1072 1180 1106 introivit
1205 1073 1239 1105 in
1265 1083 1343 1105 eum
1368 1074 1522 1112 SatanaS,
1547 1074 1604 1118 qui
1633 1075 1741 1107 lesum
1771 1075 1876 1107 Deum
1901 1085 1973 1107 esse
1996 1085 2066 1107 non

393 1135 547 1161 nexerat.
577 1130 660 1161 Nam
688 1129 713 1160 si
743 1129 890 1162 novisset
916 1135 949 1162 et
978 1127 1041 1162 sibi
1070 1130 1305 1174 persuasisset,
1334 1129 1511 1174 quomodo
1542 1131 1653 1175 ipsum
1681 1131 1714 1163 in
1742 1130 1878 1163 deserto
1907 1136 2062 1164 tentasset

394 1184 525 1217 dicens:
555 1185 579 1216 si
607 1184 696 1217 silius
720 1185 777 1217 Dei
803 1196 855 1223 es,
876 1185 930 1218 die
955 1191 988 1218 ut
1010 1186 1141 1231 lapides
1164 1187 1217 1219 isti
1236 1198 1339 1231 panes
1361 1185 1467 1220 liant?
1486 1187 1562 1220 Sine
1586 1185 1694 1219 dubio
1713 1192 1826 1219 autem
1844 1187 1907 1231 ipsi
1926 1198 2065 1231 quoque

393 1242 561 1274 Sem-amri
588 1241 682 1274 cordi
702 1248 790 1279 erat,
812 1248 846 1275 ut
873 1243 1045 1288 principes
1062 1243 1187 1276 saeculi
1212 1243 1312 1276 huius
1336 1243 1475 1282 lateret,
1501 1249 1539 1277 ut
1558 1244 1694 1288 ignotus
1711 1248 1902 1288 pateretur,
1931 1248 1968 1275 ut
1985 1253 2065 1287 pro-

392 1299 468 1343 prio
495 1299 658 1344 sanguine
684 1299 851 1332 mundum
876 1298 940 1332 sibi
967 1301 1122 1345 patrique
1146 1312 1209 1333 suo
1235 1300 1442 1345 adquireret.

1079 1364 1119 1387 Et
1136 1365 1294 1392 profunda
1310 1365 1380 1387 Dei.

486 1412 658 1446 Profunda
676 1414 734 1446 Dei
754 1419 850 1452 sunt,
879 1425 1049 1448 sacrarum
1078 1413 1270 1447 litterarum
1296 1426 1417 1448 arcana
1436 1425 1474 1448 ae
1492 1414 1668 1448 recondita
1692 1415 1806 1453 notio,
1835 1424 1939 1459 quam
1957 1414 2065 1446 sciens

391 1470 534 1515 Spiritus
552 1470 677 1503 revelat
697 1477 894 1504 sanctorum
913 1470 1106 1510 animabus,
1123 1471 1274 1504 <lisinam
1289 1471 1547 1515 quodammodo
1565 1472 1718 1516 ipsorum
1736 1477 1884 1504 mentem
1901 1470 2066 1505 efficiens..

1028 1535 1187 1558 Animalis
1203 1537 1307 1558 autem
1324 1535 1423 1558 homo.

483 1585 646 1619 Animalis
672 1591 738 1622 est,
767 1585 824 1629 qui
848 1585 1037 1618 secundum
1062 1596 1199 1618 carnem
1223 1585 1321 1623 vivit,
1350 1590 1381 1617 et
1409 1585 1503 1617 euius
1528 1584 1681 1618 nondum
1707 1596 1804 1617 mens
1830 1596 1847 1617 a
1867 1585 1990 1629 spiritu
2013 1591 2063 1618 est

388 1642 575 1679 illustrata,
604 1642 662 1675 sed
684 1642 792 1676 solam
814 1642 915 1676 habet
942 1643 1076 1675 insitam
1102 1642 1285 1675 humanam
1312 1642 1588 1687 intelligentiam,
1616 1653 1720 1686 quam
1737 1642 1772 1675 in
1793 1653 1913 1675 omnes
1933 1642 2064 1676 animas

389 1706 521 1733 creator
546 1701 711 1733 immittit.

931 1764 1095 1792 spiritalis
1111 1766 1215 1787 autom
1230 1765 1334 1787 omnia
1350 1764 1513 1787 diiudicat.

481 1814 646 1859 Spiritalis
671 1815 811 1859 quidem
839 1815 953 1848 omnia
979 1814 1159 1852 diiudicat,
1188 1825 1226 1847 ae
1251 1824 1313 1847 suo
1338 1813 1444 1847 veluti
1472 1813 1628 1847 acumine
1655 1813 1852 1858 singillatim
1878 1813 2058 1851 discernit,

387 1872 458 1916 ipse
486 1882 568 1903 vero
594 1882 611 1904 a
640 1872 773 1904 nemine
799 1871 1016 1905 diiudicatur.
1046 1871 1146 1911 Quod
1172 1882 1256 1905 vero
1283 1871 1333 1909 hi,
1362 1872 1420 1915 qui
1448 1870 1618 1915 spiritales
1641 1869 1821 1909 dicuntur,
1850 1881 1992 1915 prorsus
2016 1871 2062 1903 in-

388 1927 542 1972 digeant,
572 1928 744 1973 profectus
770 1929 819 1961 sui
845 1940 943 1962 rausa
964 1935 995 1962 et
1017 1928 1237 1965 eruditionis,
1265 1927 1475 1973 spiritalibus
1497 1928 1684 1972 magistris,
1713 1926 1929 1960 manifestum
1950 1928 1985 1960 in
2010 1938 2062 1960 se-

385 1984 569 2031 quentibus
587 1985 664 2018 sarit
689 1985 821 2018 dir-ens:
842 1987 918 2030 quis
935 1986 1025 2020 enim
1043 1987 1137 2019 novit
1155 1996 1291 2019 sensum
1316 1985 1451 2018 Domini
1472 1985 1529 2030 qui
1549 1985 1692 2018 instruat
1718 1985 1822 2018 eum‘?
1848 1984 1951 2024 Quod
1968 1983 2059 2018 idem

385 2042 474 2075 valet
497 2054 534 2075 ae
556 2042 581 2075 si
609 2042 753 2075 diceret:
773 2043 959 2087 spiritalem
986 2043 1160 2076 hominem
1187 2053 1288 2075 nemo
1314 2043 1477 2080 instruet,
1498 2042 1561 2075 nisi
1589 2052 1726 2077 sensum
1744 2041 1867 2074 Christi
1887 2039 2056 2074 habuerit.

386 2099 556 2132 Instruere
584 2106 695 2132 autem
717 2099 817 2137 dicit,
840 2111 903 2145 pro
930 2100 1120 2145 intelligere
1148 2100 1258 2133 faciet.
1287 2100 1434 2139 Quinam
1456 2110 1540 2132 vero
1565 2110 1703 2132 sensum
1728 2098 1866 2132 Domini
1892 2097 2057 2136 habeant,

385 2168 462 2190 mox
490 2158 562 2202 ipse
589 2157 727 2189 denotat
755 2157 890 2190 dicens:
920 2169 981 2190 nos
1007 2164 1119 2191 autem
1149 2169 1285 2191 sensum
1312 2157 1435 2190 Christi
1462 2155 1646 2195 habemus,
1668 2156 1701 2189 id
1730 2161 1777 2189 est
1800 2156 2000 2201 loquentem
2024 2156 2058 2188 in

387 2216 508 2248 sanetis
522 2216 701 2260 Spiritum,
719 2216 868 2260 ipsisque
883 2216 1041 2260 mysteria
1060 2215 1285 2253 revelantem,
1302 2226 1339 2248 ae
1356 2214 1507 2247 divinam
1522 2214 1781 2259 quodammodo
1798 2215 1952 2259 ipsorum
1969 2224 2059 2247 men-

387 2278 452 2305 tem
480 2272 694 2306 efficientem.

841 2337 881 2359 {jn
899 2338 1021 2364 sapiens
1037 2337 1229 2359 architectus
1246 2337 1485 2359 fundamentum
1500 2337 1599 2363 posui.

478 2387 563 2426 Quia
589 2386 730 2419 domum
757 2387 814 2419 Dei
838 2386 1014 2419 eredentes
1039 2385 1287 2430 appellaverat,
1316 2385 1577 2419 fundamentum
1598 2386 1841 2419 convenienter
1862 2385 1943 2419 dicit
1961 2384 2059 2418 Chri-

384 2450 485 2477 stum.
509 2444 682 2477 Gloriatur
702 2450 813 2477 autem
834 2443 972 2481 Paulus,
997 2444 1145 2488 primum
1167 2454 1201 2476 se
1221 2443 1310 2476 inter
1330 2448 1459 2476 eeteros
1479 2442 1602 2482 fuisse,
1623 2454 1660 2476 ae
1678 2443 1784 2476 veluti
1805 2442 2058 2476 inchoationem

383 2502 685 2547 evangelizantium
711 2501 791 2546 ipsis
810 2501 929 2534 Christi
950 2501 1168 2544 mysterium,
1189 2500 1247 2544 qui
1265 2505 1315 2532 est.
1338 2499 1515 2534 immobile
1533 2500 1814 2539 fundamentum,
1835 2506 1976 2546 portans
1993 2499 2058 2532 im-

383 2559 512 2603 positos
538 2557 618 2596 sibi,
645 2558 838 2604 templaque
864 2558 1014 2591 efficiens
1039 2563 1071 2590 et
1095 2558 1344 2590 consentientes
1364 2557 1509 2591 invicem
1533 2569 1596 2603 per
1614 2557 1736 2596 fidem,
1758 2568 1887 2603 perque
1912 2557 2057 2602 Spiritus

382 2617 486 2649 saneti
505 2616 646 2659 gratiam
666 2615 857 2661 copulantis
883 2626 941 2648 eos
958 2615 991 2647 in
1015 2614 1209 2648 eoncordia.
1239 2615 1286 2647 De
1313 2614 1536 2649 fundamento
1554 2616 1621 2649 hoe
1639 2614 1750 2649 aiebat
1767 2616 1857 2648 Deus
1880 2621 1976 2660 pater
1994 2624 2056 2659 per

482 2722 515 2749 ¹1)
535 2720 575 2746 En
593 2720 655 2747 fidei
673 2720 877 2747 necessitatem!
894 2727 927 2746 en
943 2719 1106 2746 christianae
1122 2718 1262 2750 religionis
1278 2718 1487 2745 fundamentum
1503 2719 1537 2746 ab
1553 2719 1618 2753 ipsis
1633 2718 1778 2753 apostolis,
1793 2716 1962 2751 evangelicae
1977 2721 2052 2749 prae-

385 2761 529 2789 dicationis
548 2764 642 2797 initio,
663 2765 779 2791 iactum!
802 2763 832 2790 Id
851 2764 869 2790 ii
891 2763 1077 2795 considerent,
1097 2763 1143 2797 qui
1166 2763 1301 2789 humanae
1323 2763 1499 2798 iulii-maeque
1517 2762 1694 2789 rationalitati
1716 2762 1776 2796 plus
1794 2768 1880 2795 aequo
1896 2758 2049 2793 indulgent.

491 2809 513 2837 2,·
536 2807 596 2834 Vel:
613 2816 668 2842 per
686 2810 824 2843 δ’]ήνὶίιιηι
846 2810 873 2835 et
890 2816 935 2835 res
954 2815 1060 2842 quoque
1078 2808 1171 2842 {festas
1192 2808 1377 2833 testimonium
1399 2807 1486 2840 (ΙΨ-θ,-
1500 2811 1616 2842 utroque
1635 2806 1708 2833 enini
1728 2813 1809 2833 seusu
1829 2803 1974 2831 adhibetur
1990 2815 2051 2837 μαρ-

387 2850 513 2885 τυρεόμκμ
