2205 3177
697 184 729 206 m
755 182 908 205 0531111111
934 182 1005 203 Χνι.
1036 182 1074 203 ET
1100 181 1184 203 xvn.
1720 167 1785 198 127

597 251 752 274 Eicieutes
768 256 816 272 me
833 254 933 275 nunc,
949 249 1222 271 circumdederunt
1239 253 1295 269 me.

203 307 245 341 Et
264 305 356 340 unde
374 316 436 339 nos
454 306 609 343 eiiciunt,
632 316 709 338 cum
733 302 946 337 circumdare
972 308 1006 335 et
1031 302 1326 347 comprehendere
1345 300 1492 334 solunt?
1513 310 1636 345 nempe
1659 310 1698 332 ex
1718 298 1792 344 lege

106 377 146 400 30
172 364 380 411 praeceptis,
400 374 488 408 quae
515 374 579 408 pro
604 373 706 395 muro
731 367 763 395 et
789 361 920 393 munita
947 359 1034 392 urbe
1060 359 1184 392 sobriis
1211 358 1408 392 hominibus
1433 364 1530 391 sunt:
1550 357 1595 391 de
1620 368 1687 401 qua
1705 355 1792 389 urbe

107 423 298 468 comperies
321 421 525 467 prophetam
543 420 712 453 dicentem
734 418 764 450 ἐ
786 418 862 462 quis
880 417 1027 450 deducet
1055 428 1109 449 me
1136 417 1168 448 in
1190 417 1360 450 civitatem
1380 415 1573 448 munitam?
1595 413 1792 448 Cavendum

107 486 157 514 est
184 491 267 525 ergo
294 491 336 512 ne
362 490 480 512 errore
506 478 621 522 aliquo
648 476 691 510 ab
717 476 780 509 hac
807 474 1028 510 recedamus,
1059 474 1187 518 alioqui
1214 475 1247 507 in
1274 474 1425 506 hostium
1451 484 1573 506 manus
1598 473 1775 505 veniemus

106 558 130 563 —
155 538 253 572 Certe
279 544 311 570 et
338 537 452 570 hostes
479 542 675 569 sanctorum
701 533 785 567 nihil
813 533 905 566 aliud
938 538 1091 577 spectant
1118 543 1177 564 seu
1204 532 1379 575 cogitant,
1409 531 1471 563 nisi
1503 530 1569 563 hoe
1594 541 1702 563 unum
1719 555 1727 567 ,
1756 534 1791 562 ut

108 607 233 641 nempe
259 601 394 628 53110105
421 606 438 627 3
465 594 533 627 51115
558 591 658 625 1101115
684 590 805 624 studiis
831 596 986 624 avertant
1003 616 1010 628 ,
1039 596 1071 623 et
1098 600 1116 622 a
1142 589 1195 622 via
1221 589 1282 621 Dei
1309 588 1447 621 dex-ient
1478 594 1579 632 atque
1605 586 1789 621 abducant.

106 652 253 688 Ubinam
273 663 356 685 xero
376 652 532 685 nituntur
558 649 686 682 inimici
713 648 910 681 abstrahere
936 653 1070 680 sanctos
1097 645 1139 680 311
1166 658 1283 679 amore
1302 646 1388 678 Dei‘?
1415 646 1446 678 in
1475 651 1563 679 terra
1591 645 1736 682 scilicet,
1760 644 1792 677 id

106 716 155 744 est
182 710 266 743 dum
286 710 424 747 111-11111,
448 714 480 741 01
502 713 660 741 terrestre
679 706 745 739 1100
764 705 978 739 domicilium
998 704 1152 737 incolunt
1174 704 1291 737 sancti.
1321 704 1407 736 Nam
1428 708 1610 747 postquam
1631 702 1709 734 hinc
1728 702 1793 734 mi-

105 768 339 813 graverimus,
360 766 518 811 decipere
544 764 673 797 diutius
692 763 876 797 adversarii
898 768 1084 807 nequeunt.
1114 761 1253 794 Interim
1277 761 1382 793 sancti
1402 771 1505 792 omne
1524 771 1631 804 genus
1650 758 1790 791 insidia-

106 836 184 858 rum
211 824 358 858 serentes
384 824 478 856 aiunt
499 822 527 854 ‘z
549 822 626 867 quis
652 832 714 854 nos
739 819 911 866 separabit
931 831 947 853 a
967 820 1106 853 caritate
1125 818 1271 852 Christi?
1291 818 1469 851 Eiecerunt
1489 823 1520 850 et
1542 817 1655 862 ipsum
1674 816 1791 849 Domi-

106 894 189 916 num
216 880 301 915 urbe
320 880 435 914 ludaei
463 886 565 924 atque
584 879 683 912 illum
709 879 1025 915 circumsteterunt,
1048 877 1160 921 deque
1186 877 1258 909 eius
1284 875 1452 921 perdendi
1480 875 1612 908 ratione
1639 880 1793 919 proster-

105 939 278 984 nendique
305 937 401 970 humi
428 936 684 970 deliberarunt:
707 936 802 969 cuius
829 935 960 969 consilii
987 935 1096 968 exitus
1122 934 1202 969 fuit,
1229 940 1265 966 ut
1292 933 1497 966 vilissimum
1523 932 1633 965 crucis
1659 930 1793 976 suppli-

105 997 195 1030 cium
221 995 406 1029 decernere
432 994 680 1040 praeoptarint.

528 1060 761 1086 Corripuerunt
777 1065 824 1081 me
841 1059 921 1080 sicut
939 1057 988 1080 leo
1004 1059 1136 1084 paratus
1153 1057 1193 1079 ad
1210 1056 1369 1083 praedam.

198 1109 380 1144 Terribiles
407 1109 505 1143 nobis
531 1109 741 1143 daemonum
761 1108 972 1141 incursiones
999 1107 1176 1152 proponit.
1205 1105 1295 1146 Quid
1322 1106 1413 1138 enim
1442 1105 1540 1138 leone
1560 1104 1716 1150 rapacius
1736 1110 1791 1137 aut

103 1160 308 1202 exitiosius?
330 1168 377 1201 Ita
404 1178 521 1212 reapse
547 1165 648 1199 nobis
666 1172 744 1211 post
763 1166 980 1199 venationem
1008 1163 1197 1197 abutuntur
1217 1162 1405 1196 inxisibiles
1425 1162 1566 1196 inimici.
1596 1161 1660 1194 Sed
1681 1162 1707 1194 si
1728 1173 1791 1195 nos

105 1226 319 1261 resistamus,
342 1226 441 1258 Petro
467 1223 695 1269 obsequentes
720 1223 873 1256 monenti
900 1222 930 1255 ἐ
959 1221 1065 1255 sobrii
1093 1227 1200 1254 estote
1226 1227 1257 1253 et
1284 1221 1442 1265 vigilate,
1467 1220 1545 1264 quia
1575 1219 1790 1253 adversarius
1832 1231 1838 1235 ’

106 1288 218 1316 vester
243 1281 422 1321 diabolus,
445 1288 481 1315 ut
500 1281 555 1315 leo
576 1282 731 1326 rugiens,
753 1281 882 1313 circum
902 1278 1073 1317 ambulat,
1095 1289 1266 1323 quaerens
1291 1289 1395 1322 quem
1422 1277 1582 1313 devoret:
1604 1278 1656 1310 cui
1676 1278 1701 1309 si
1725 1276 1790 1309 lide

104 1340 283 1377 resistatis,
305 1339 418 1372 statim
445 1338 666 1375 humiliatur,
690 1337 794 1382 fitque
815 1343 849 1369 ut
870 1337 1002 1370 catulus
1021 1337 1055 1369 in
1075 1335 1201 1369 abditis
1218 1336 1343 1369 iacens.
1363 1336 1455 1369 Tunc
1475 1335 1689 1369 xerebuntur
1708 1335 1789 1368 (lae-

102 1408 221 1430 mones
240 1396 382 1441 adgredi
401 1408 488 1441 quos
502 1396 622 1429 vident
639 1395 790 1433 validos,
809 1395 974 1440 temporis
992 1394 1289 1439 opportunitatem
1308 1392 1561 1432 observabunt:
1579 1394 1680 1427 huius
1696 1394 1789 1426 enim

102 1455 150 1486 rei
178 1465 276 1487 causa
303 1452 451 1486 latebras
477 1459 611 1498 petunt.

572 1518 737 1541 Frameam
752 1519 841 1540 tuam
858 1518 897 1540 ab
915 1518 1054 1540 inimicis
1070 1517 1217 1540 dexterae
1234 1519 1317 1539 tuae.
1470 1550 1472 1553 r

196 1569 374 1603 Frameam
400 1568 507 1614 ipsius
525 1567 586 1601 Dei
604 1567 755 1614 appellat
782 1568 959 1601 hominem
988 1567 1132 1605 iustum,
1154 1567 1259 1612 gladii
1286 1567 1392 1600 instar
1418 1566 1627 1600 daemonum
1654 1570 1788 1614 agmina

98 1626 312 1660 caedentem,
341 1626 464 1660 Anima
491 1626 583 1659 enim
609 1626 707 1664 iusti,
737 1625 925 1659 destructio
952 1625 1081 1670 peccati
1108 1631 1179 1658 est:
1208 1625 1276 1658 vita
1303 1625 1405 1663 iusti,
1435 1624 1653 1670 voluptatum
1678 1638 1784 1661 mors.

100 1683 233 1717 Idcirco
253 1683 298 1729 (1)
319 1684 406 1728 eripi
433 1684 583 1717 animam
602 1694 698 1716 suam
717 1694 757 1716 ex
777 1683 902 1728 impio,
924 1688 958 1715 et
981 1694 1019 1715 ex
1042 1681 1192 1715 hostium
1220 1692 1341 1720 manu,
1364 1681 1399 1714 id
1425 1688 1475 1716 est
1500 1682 1629 1717 diaboli
1650 1695 1689 1717 ac
1708 1684 1787 1718 dae-

99 1752 260 1781 monum,
282 1741 444 1787 gravibus
470 1741 597 1775 horum
623 1739 816 1773 incursibus
843 1740 1015 1785 appetitus
1041 1746 1129 1773 orat.

540 1806 696 1835 Exsurge,
712 1805 859 1831 nomint„
876 1806 1023 1833 praeveni
1040 1811 1105 1832 eos,
1121 1806 1151 1827 et
1169 1804 1349 1831 supplanta.

194 1855 347 1889 Verbum
371 1869 385 1887 t<
408 1856 568 1901 praeveni
592 1869 607 1886 »
631 1854 818 1900 significat,
841 1866 883 1888 ne
902 1855 992 1888 sinas
1011 1866 1070 1888 eos
1089 1854 1307 1900 propositum
1326 1863 1425 1887 suum
1446 1855 1703 1894 consummare,
1725 1855 1783 1888 sed

98 1924 214 1947 meum
241 1914 465 1960 praeveniens
490 1913 702 1959 periculum,
722 1924 849 1946 vanum
876 1913 972 1946 effice
992 1913 1163 1958 nequitiae
1190 1912 1330 1946 illorum
1357 1913 1497 1946 exitum.
1525 1912 1678 1946 Verbum
1704 1914 1784 1949 item

101 1971 321 2016 «supplanta
345 1985 360 2002 »
388 1982 472 2016 pro,
502 1981 544 2004 ne
570 1970 709 2016 planam
735 1970 782 2003 eis
808 1971 898 2003 113111
925 1973 1043 2002 contra
1069 1981 1124 2002 me
1151 1968 1369 2003 currentibus
1394 1969 1470 2003 des:
1500 1969 1621 2003 cadant
1649 1971 1781 2015 potius,

96 2034 274 2073 tamquam·
298 2028 366 2061 alio
392 2027 517 2064 obvio:
539 2034 571 2061 et
597 2028 740 2061 illorum
767 2027 1091 2072 perniciosissimum
1119 2038 1256 2060 cursum
1284 2026 1414 2060 inhibe..

745 2124 975 2162 PSALMUS
1003 2124 1126 2161 XVII.

264 2211 303 2233 ln
320 2211 428 2238 finem,
443 2217 540 2237 puero
557 2210 684 2233 Domini
700 2209 831 2237 Davidi,
846 2216 915 2231 eum
932 2209 1025 2231 huius
1041 2209 1157 2231 cantici
1174 2209 1268 2231 verba
1284 2208 1406 2230 loeutus
1421 2209 1467 2231 est
1483 2210 1541 2231 etc.
1557 2207 1598 2237 (2).

192 2263 282 2296 Vero
309 2268 423 2295 autem
444 2260 488 2305 (3)
511 2260 723 2305 mysticoque
749 2271 868 2297 sensu,
898 2260 956 2304 qui
983 2260 1016 2292 in
1043 2259 1214 2292 Christum
1241 2258 1463 2291 crediderunt
1489 2258 1532 2292 de
1556 2257 1694 2291 Daxidis
1719 2269 1778 2302 ge-

96 2332 178 2354 nere
204 2326 337 2358 01111111,
360 2318 394 2352 111
413 2318 547 2352 Christo
567 2317 633 2350 hoc
651 2315 1012 2354 canticumofferunt,
1034 2317 1164 2349 cunctis
1184 2315 1341 2348 hostibus
1360 2315 1494 2349 liberati
1507 2341 1514 2353 ,
1537 2321 1569 2348 01
1588 2315 1689 2348 11111115
1708 2326 1781 2348 530-

96 2378 163 2412 culi
183 2378 358 2427 principe,
378 2387 482 2421 quem
501 2375 544 2408 de
561 2386 620 2408 sua
639 2375 674 2408 in
693 2386 755 2407 nos
775 2373 957 2418 tyrannide
976 2373 1110 2419 depulit
1131 2373 1315 2418 (Davidis)
1338 2372 1448 2412 1111115,
1471 2373 1566 2405 5101111
1587 2372 1669 2405 olim
1690 2373 1780 2405 Deus

94 2436 230 2470 Saulem
256 2434 299 2468 de
318 2444 426 2478 regno
446 2432 603 2465 lsralielis
628 2433 737 2465 eiecit.
768 2431 973 2465 Producitur
999 2437 1113 2464 autem
1134 2432 1168 2464 in
1188 2431 1322 2477 psalmo
1348 2430 1453 2464 modo
1477 2430 1650 2467 fidelium,
1673 2429 1780 2462 modo

94 2494 218 2528 Christi
238 2502 403 2538 persona,
419 2502 507 2535 quae
522 2490 671 2523 humana
686 2490 851 2535 loquendi
867 2490 999 2523 ratione
1019 2489 1138 2522 utitur.
1162 2490 1253 2522 Haec
1268 2494 1317 2522 est
1333 2489 1435 2521 etiam
1450 2487 1539 2521 tituli
1556 2501 1570 2518 «
1588 2488 1622 2520 in
1639 2486 1743 2520 finem
1760 2501 1775 2518 »

94 2553 157 2585 vis.
180 2551 339 2584 Continet
361 2549 453 2582 enim
471 2548 624 2593 psalmus
642 2547 842 2581 descensum
862 2547 1050 2591 Unigeniti,
1073 2547 1326 2584 ascensionem,
1348 2546 1525 2579 victoriam
1545 2544 1589 2578 de
1607 2545 1779 2578 daemoni-

194 2631 229 2661 (l)
250 2630 281 2654 ln
301 2631 374 2654 textu
397 2635 437 2661 gr.
458 2627 546 2654 scribe
568 2629 639 2652 ταῦτα
661 2634 708 2661 pro
728 2629 779 2652 τοῦ.

193 2676 228 2705 (2)
248 2672 358 2699 Titulus
377 2671 450 2698 idem
471 2670 526 2698 fere
543 2671 578 2697 II.
593 2672 660 2705 Reg.
678 2678 736 2705 cap.
752 2674 794 2697 22.
811 2671 858 2697 ubi
877 2671 941 2698 item
960 2671 1004 2697 hic
1024 2670 1146 2705 psalmus
1162 2669 1279 2696 canitur.
1302 2668 1405 2695 Paulus
1424 2667 1563 2702 apostolus
1574 2668 1655 2694 Rom.
1673 2668 1732 2694 XV.
1749 2670 1774 2693 9.

95 2717 189 2745 laudat
208 2718 267 2744 eius
283 2716 447 2743 versiculum
466 2715 734 2750 quinquagesimum.
757 2716 787 2741 111
805 2716 909 2751 syriaco
929 2714 1022 2742 codiee
1041 2714 1231 2745 ambrosiano,
1246 2712 1378 2739 dividitur
1395 2712 1430 2739 ol)
1451 2711 1633 2746 prolixitatem
1651 2719 1729 2739 suam
1747 2712 1775 2738 111

96 2766 185 2797 partes
204 2760 331 2796 aequales
350 2759 419 2787 duas
438 2760 481 2786 hic
501 2759 633 2794 psalmus.

192 2808 228 2837 (3)
247 2805 291 2832 Sic
312 2804 450 2842 loquitur,
470 2803 533 2838 quia
555 2803 607 2830 alia
631 2807 694 2830 ante
715 2803 832 2835 dixerat,
852 2811 921 2839 quae
945 2802 1099 2838 eclogarius
1120 2802 1229 2828 Nicetas
1251 2799 1441 2835 praetermisit.
1464 2801 1497 2826 Et
1519 2803 1602 2830 nota,
1623 2799 1694 2835 quod
1715 2808 1773 2827 sen-

93 2857 156 2876 sum
177 2850 322 2886 mysticum
343 2847 410 2875 dicit
428 2855 520 2875 verum
540 2847 668 2883 Cyrillus.

1831 248 1850 263 v.
1869 246 1898 263 ll.

1829 269 1867 289 Ην.
1883 276 1904 295 p.
1922 273 1964 289 tut».

1836 427 1843 433 ¹
1858 424 1894 445 Ps.
1909 424 1974 445 GVH.
1996 428 2024 445 tt.

1833 826 1838 830 ’
1850 822 1915 843 Rom.
1925 822 1984 843 VIII.
1993 825 2025 843 123,

1828 1523 1846 1537 t:
1864 1520 1894 1538 13.

1826 1545 1863 1565 (ir.
1879 1550 1901 1570 ρ.
1917 1548 1960 1565 2111:
