2205 3177
764 96 897 119 NIGETAE
922 96 1117 119 PRAEFATIO.

109 170 178 198 quae
194 160 379 193 intellexerat,
400 163 483 187 cantu
498 158 637 187 efferebat.
658 158 739 194 Quod
753 159 777 186 si
791 160 864 186 inter
879 158 919 185 di-

109 204 237 236 cendum,
246 211 347 230 novum
359 203 465 238 aliquid
477 203 607 236 disceret,
619 207 684 230 tunc
695 203 779 230 animi
793 201 918 229 auditum

109 249 268 284 spiritaliter
283 248 336 278 sibi
351 247 496 275 adsonanti
510 248 657 283 praebens,
673 255 806 282 suspenso
819 250 918 279 cantu,

109 301 139 320 ea
151 292 252 328 quibus
269 293 401 326 nuperius
414 292 584 327 replebatur,
600 292 701 327 pariter
712 289 882 318 effundebat.

172 337 219 363 Est
231 337 323 371 itaque
336 335 486 371 diapsalma
496 357 503 368 ,
514 336 606 363 subita
618 334 752 370 quaedam
764 334 837 360 inter
848 333 918 367 psal-

109 380 229 408 modiam
251 381 384 411 cessatio,
407 380 442 407 ob
462 379 646 415 recipiendam
670 377 800 404 divinitus
822 376 918 403 inmis-

107 433 166 452 sam
186 425 390 459 cogitationem.
415 424 460 450 Vel
480 423 631 458 diapsalma
651 426 691 448 est
712 420 836 447 doctrina
857 420 919 454 Spi-

108 469 178 496 ritus
195 468 317 496 animam
335 473 437 498 secreto
456 467 636 503 alloquentis,
657 463 792 492 melodiae
806 464 919 491 interim

107 519 201 541 tenore
224 513 258 541 ob
277 522 360 541 novos
383 522 479 541 sensus
501 510 670 547 recipiendos
692 510 857 544 interrupto.
880 509 920 536 Ne

106 564 200 587 autem
221 559 298 586 multi
319 559 519 590 existimarent,
532 556 641 584 silentio
653 555 703 582 illo
721 553 856 581 indicium
871 554 919 580 fie-

107 604 145 636 ri,
166 604 243 638 quasi
256 607 369 630 sanctus
384 603 502 638 Spiritus
522 600 730 636 prophetantem
750 597 920 631 destituerit,

107 647 168 675 ideo
189 648 318 675 nonnulli
340 647 513 682 interpretes,
536 644 596 671 loco
617 643 820 678 diapsalmatis,
842 650 919 669 voca-

106 692 206 719 bulum
228 704 239 714 1·
260 699 367 727 semper
389 704 399 713 „
422 690 463 717 his
482 690 511 716 111
529 688 625 724 spatiis
645 687 784 715 scribunt:
805 691 837 714 ut
856 687 920 713 hinc

108 743 254 763 noscamus
263 757 269 768 ,
284 736 398 771 gratiam
413 734 524 770 quidem
538 733 656 767 Spiritus
668 732 757 758 sancti
768 739 920 766 numquam

107 788 163 807 non
183 780 316 812 extitisse3
337 786 489 806 sermonem
511 782 602 804 tamen
622 775 728 802 divinos
747 783 844 803 sensus
861 775 921 802 ani-

108 832 168 851 mae
187 824 315 850 inmissos
328 824 570 857 interpretantem,
589 828 646 847 non
665 828 773 854 semper
790 819 919 846 adfuisse.

107 869 191 895 Porro
208 867 294 895 David
313 874 409 894 sensus
428 866 491 893 illos
514 865 595 892 modo
613 864 757 897 efferebat,
777 865 859 892 modo
877 874 922 891 ex-

107 911 237 947 cipiebat:
253 912 291 937 ita
310 914 341 937 ut
355 909 421 937 dum
436 910 583 944 impressas
599 910 685 936 menti
700 917 766 936 suae
779 909 923 944 cogitatio-

107 963 155 982 nes
173 954 318 990 proferret,
333 953 464 980 continuo
477 961 558 980 cursu
578 952 732 988 psalmodia
750 952 921 988 procederet;

107 1007 185 1026 secus
203 1006 265 1025 vero
282 998 359 1033 siqua
374 997 492 1024 divinior
505 997 620 1024 auribus
636 997 695 1024 eius
710 997 786 1024 fieret
802 996 922 1030 auditio,

105 1043 170 1069 huic
183 1042 264 1077 plane
276 1042 400 1069 intentus
412 1046 525 1068 cantum
541 1040 731 1076 suspenderet.
747 1042 860 1076 Semper
873 1042 924 1068 ita-

104 1095 156 1122 que
171 1095 234 1114 cum
253 1091 366 1114 sanctus
380 1087 513 1122 Spiritus,
529 1087 611 1114 etiam
625 1086 729 1113 silentii
744 1091 883 1121 tempore,
898 1093 924 1120 ej

105 1131 286 1167 loquebatur,
306 1128 392 1158 oratio
413 1130 491 1165 quasi
513 1130 688 1157 intervallum
710 1130 848 1158 habebat:
873 1131 925 1157 hoc

105 1183 167 1202 vero
189 1174 364 1201 intervallum
389 1174 494 1201 1118111111
518 1178 559 1201 est
582 1173 615 1201 ab
639 1174 837 1209 interpretibus
861 1173 924 1201 dia-

106 1219 219 1254 psalma.
241 1218 320 1253 Quod
336 1223 427 1246 autem
442 1218 584 1245 divinioris
600 1218 790 1253 inspirationis
804 1219 924 1245 intensio

107 1263 142 1289 sit
161 1262 327 1297 diapsalma,
344 1263 384 1290 vel
403 1263 467 1289 hinc
482 1262 574 1290 licebit
593 1262 770 1297 cognoscere:
788 1270 852 1289 nam
870 1263 923 1289 ini-

107 1307 144 1333 tio
167 1307 238 1334 tertii
256 1307 357 1342 psalmi
378 1307 548 1334 calamitates
570 1315 634 1334 suas
654 1306 794 1342 deplorat,
816 1308 924 1334 anxius-

106 1358 158 1385 que
181 1350 264 1378 dicit:
285 1352 402 1379 Domine
415 1372 422 1384 ,
443 1360 492 1378 cur
511 1351 688 1386 multiplicati
708 1356 789 1383 sunt,
811 1352 859 1386 qui
879 1359 924 1378 ve-

83 1424 89 1430 ,
106 1400 171 1422 xant
191 1398 253 1423 me?
271 1396 348 1423 Circa
369 1395 492 1422 medium
512 1399 606 1422 autem
624 1396 776 1430 psalmum,
797 1395 845 1422 ubi
864 1395 923 1422 dia-

104 1440 210 1474 psalma
225 1440 308 1472 iacet,
319 1439 420 1466 fiducia
433 1440 554 1474 repletus
569 1439 684 1466 confidit
697 1443 724 1466 et
734 1439 832 1473 audet,
845 1441 923 1474 quasi

103 1483 240 1518 propriam
260 1483 378 1510 salutem
395 1483 525 1519 aspiciat3
545 1483 715 1518 clamatque:
737 1491 788 1518 ego
806 1482 923 1518 dormiri

101 1531 128 1554 et
144 1531 288 1562 soporatus
302 1535 379 1554 sum:
397 1528 547 1560 resurrexi,
565 1527 697 1563 quoniam
716 1527 857 1555 Dominus
875 1536 923 1555 su-

100 1571 197 1606 scipiet
216 1579 268 1598 me.
290 1573 330 1599 De
349 1571 393 1599 his
414 1572 559 1599 hactenus.

440 1617 581 1644 Eiusdem.

166 1661 287 1689 Alleluia
300 1661 422 1689 laudatio
436 1663 486 1689 Dei
502 1663 708 1698 interpretatur.
727 1665 775 1692 Est
792 1665 866 1692 enim
884 1666 922 1693 al-

104 1705 161 1732 lelu
177 1705 299 1733 laudatio
313 1708 416 1738 (inuno
432 1706 559 1739 laudate)
576 1708 602 1735 ia
620 1717 681 1735 rero
699 1710 782 1736 Deus.
801 1710 923 1745 Quapro-

103 1754 163 1785 pter
179 1758 228 1785 pro
243 1762 254 1772 «ι
271 1750 382 1778 laudate
400 1752 567 1785 Dominum,
583 1754 714 1788 quoniam
734 1753 806 1781 bona
823 1763 865 1782 res
880 1759 923 1782 est

103 1795 228 1829 psalmus
246 1808 257 1818 υ
276 1796 459 1831 Symmachus
479 1798 588 1832 scripsit
610 1811 620 1820 κ
643 1798 768 1831 alleluia,
789 1800 920 1834 quoniam

105 1839 177 1865 bona
197 1848 239 1866 res
260 1843 301 1867 est
320 1840 452 1874 psalmus.
478 1855 487 1863 »-

459 1886 564 1913 Β351111,

170 1927 296 1955 Ρ531111115
309 1936 323 1955 3
338 1929 446 1956 cantico
463 1929 570 1963 dissert,
584 1932 648 1966 quia
663 1933 786 1967 psalmus
804 1937 845 1961 est
858 1943 920 1962 mu-

104 1972 160 1998 sica
180 1971 267 1999 oratio
284 1981 430 2001 numerose
448 1974 600 2002 secundum
617 1976 791 2005 harmonicas
812 1979 921 2015 regulas

103 2016 138 2043 ad
159 2016 375 2045 instrumentum
397 2019 514 2054 pulsata.
537 2021 682 2048 Canticum
702 2027 794 2050 autem
815 2031 863 2050 vox
880 2028 921 2051 est

103 2069 203 2088 canora
221 2070 252 2088 ex
270 2062 429 2090 harmoniae
446 2072 541 2091 norma
560 2066 680 2100 prolata,
701 2068 782 2094 etiam
801 2068 859 2096 sine
876 2068 919 2095 in-

103 2107 251 2133 strumenti
273 2112 418 2134 concentu.
441 2109 511 2142 Quia
539 2118 600 2136 vero
623 2110 782 2144 psalterium
808 2112 843 2140 ad
868 2113 919 2140 Dei

103 2150 220 2185 hymnos
235 2150 407 2184 adhibitum,
423 2153 524 2187 tropice
544 2158 584 2180 est
604 2156 725 2190 corporis
746 2156 832 2183 nostri
848 2165 920 2184 com-

103 2202 188 2229 pago;
208 2195 246 2222 ita
265 2200 292 2223 et
311 2197 435 2231 psalmus
456 2198 577 2232 corporis
599 2204 676 2226 actus
697 2201 852 2235 significat,
873 2202 920 2236 qui

103 2237 137 2264 ad
158 2239 209 2265 Dei
230 2239 346 2274 gloriam
369 2241 455 2274 fiunt,
477 2250 538 2268 cum
562 2251 611 2269 nos
631 2248 702 2270 recta
725 2245 829 2271 ratione
850 2250 919 2272 tem—

105 2283 205 2316 perati,
226 2284 296 2311 nihil
313 2285 343 2312 in
359 2287 460 2314 nostris
480 2288 598 2314 motibus
616 2288 759 2316 dissonum
781 2295 918 2325 perpetra-

82 2333 176 2355 ,111115.
201 2328 346 2355 CantIcum
375 2329 493 2366 denique
519 2332 704 2368 intelligitur,
731 2334 863 2369 quicquid
889 2335 919 2361 in

103 2369 221 2405 simplici
234 2375 465 2409 contemplatione
478 2376 669 2413 theologiaque
682 2383 814 2406 versatur.
828 2384 919 2415 Atque

106 2414 171 2442 haec
192 2424 307 2451 magnus
326 2419 454 2446 Basilius.

375 2463 500 2498 Gregorii
521 2467 642 2501 nysseni.

170 2505 263 2532 Frater
285 2511 376 2533 autem
396 2508 481 2534 Basili
500 2510 649 2544 Gregorius
669 2513 806 2547 psalmum
827 2516 918 2543 existi-

104 2548 198 2575 stimat
214 2557 272 2576 esse
290 2551 372 2578 vitam
393 2556 530 2585 nostram,
550 2562 620 2589 quae
638 2564 811 2593 nequaquam
832 2563 917 2587 terre-

104 2593 146 2620 nis
167 2593 278 2621 vocihus
302 2603 349 2622 seu
370 2597 583 2631 cogitationibus
603 2605 725 2633 resonet,
745 2602 792 2629 sed
817 2612 917 2638 purum

103 2638 288 2674 exaudituque
301 2639 425 2673 facilem,
441 2649 471 2668 ex
484 2643 610 2677 supernis
624 2645 841 2682 caelestibusque
855 2657 918 2676 cau-

101 2682 139 2709 sis
159 2682 314 2710 confectum
339 2692 437 2711 sonum
460 2684 564 2712 reddat.
586 2688 729 2715 Canticum
753 2698 814 2717 vero
834 2691 914 2718 intel-

102 2726 213 2762 ligimus
234 2728 262 2754 in
285 2729 365 2756 rebus
385 2731 503 2758 externis
525 2731 704 2759 honestatem.
727 2736 816 2769 Atque
837 2741 867 2762 ut
887 2745 917 2763 ex

103 2771 214 2799 musicis
232 2773 425 2801 instrumentis
444 2782 528 2802 5011115
548 2780 655 2803 tautum
675 2777 799 2805 melodus
813 2779 847 2806 ad
866 2789 914 2809 au-

1737 86 1782 119 89

972 166 1014 185 res
1036 159 1137 191 fertur,
1162 158 1220 193 ipsa
1242 157 1422 185 γει-0111111183
1449 156 1528 184 verba
1552 164 1615 184 voce
1641 157 1783 185 articulata

973 210 1027 229 non
1052 202 1246 237 proferuntur-3
1266 203 1295 229 in
1317 202 1424 229 cantico
1446 206 1535 229 autem
1561 205 1708 236 utrumque.
1732 202 1761 228 fit
1776 223 1784 234 ,

971 253 1069 281 nempe
1089 250 1116 273 et
1136 247 1250 273 melicus
1272 246 1436 281 rhythmus,
1457 250 1483 272 et
1504 245 1646 272 verborum
1669 246 1708 271 vis
1731 253 1786 272 una

973 298 1035 316 cum
1051 295 1134 317 cantu
1154 290 1289 325 procedit,
1303 299 1385 325 quam
1398 298 1454 317 non
1474 289 1585 326 agnosci
1604 298 1714 317 necesse
1727 294 1784 323 est,

972 335 995 361 si
1015 335 1126 362 musicis
1142 339 1249 362 tantum
1269 336 1460 363 instrumentis
1481 334 1598 362 melodia
1613 335 1674 367 fiat,
1695 334 1733 361 sic
1752 334 1786 362 ad

973 380 1100 405 virtutem
1123 379 1300 406 tendentibus
1328 380 1436 406 accidit.
1457 380 1526 406 Nam
1554 380 1599 415 qui
1622 380 1788 406 theoreticae

975 426 1081 449 tantum
1103 423 1382 458 contemplatiraeque
1403 424 1472 451 11138
1495 428 1605 452 iat-ant.
1626 433 1707 459 quam
1730 432 1787 451 rem

975 468 1079 502 psalmo
1092 467 1249 494 denotatam
1264 469 1367 502 tropice
1381 467 1515 500 diximus,
1529 469 1548 494 ii
1562 468 1715 503 ignoratam
1729 469 1787 503 ple-

974 512 1064 546 risque
1085 512 1211 538 virtutem
1231 516 1386 543 sectantur,
1407 512 1510 538 bonum
1532 520 1613 539 suum
1632 513 1704 539 iutra
1727 521 1788 547 pro-

973 557 1047 590 priae
1066 556 1249 582 conscientiae
1269 555 1337 583 sines
1353 556 1522 583 claudentes.
1543 558 1596 592 Qui
1610 561 1701 584 autem
1719 565 1787 592 quo-

975 599 1093 627 tidiauos
1105 599 1189 627 simul
1205 608 1294 627 mores
1313 605 1497 634 componunt,
1512 601 1539 628 hi
1557 605 1666 628 externa
1679 609 1788 636 quoque

974 644 1131 677 honestate,
1152 652 1201 670 8811
1223 643 1341 679 quadam
1364 645 1487 671 oratione
1508 645 1668 680 canticoque
1690 645 1788 672 modu-

975 688 1045 721 lato,
1066 688 1134 714 vitae
1154 696 1218 714 suae
1238 687 1307 714 bene
1327 688 1507 722 compositam
1526 689 1659 715 rationem
1678 697 1740 723 prae
1761 697 1789 715 se

974 732 1076 759 ferunt.
1101 731 1225 759 Psalmus
1251 732 1333 766 igitur
1356 732 1456 758 mentis
1483 731 1631 758 bonitatem
1657 732 1788 765 denotat,

976 777 1113 804 canticum
1135 781 1226 804 autem
1246 784 1335 803 mores
1355 780 1380 803 et
1401 780 1539 803 externam
1559 776 1740 804 honestatem.

1040 821 1177 856 Quoniam
1190 829 1251 848 vero
1264 820 1413 847 didicimus
1424 819 1491 855 quid
1507 821 1544 847 sit
1561 821 1699 855 psalmus,
1714 829 1790 848 nem-

976 874 1008 901 pe
1020 874 1084 892 cum
1097 866 1281 893 instrumento
1298 866 1404 892 musico
1424 865 1556 897 melodia;
1569 864 1636 900 quid
1650 866 1715 892 item
1729 873 1792 893 can—

976 911 1077 943 ticum,
1098 919 1196 945 nempe
1214 911 1300 937 melos
1317 918 1363 937 ore
1381 910 1534 945 prolatum;
1555 914 1680 945 superest
1697 909 1790 937 dicen-

977 955 1042 982 dum
1063 955 1128 990 quid
1142 955 1177 982 sit
1190 954 1323 990 hymnus,
1338 963 1436 990 nempe
1449 963 1497 989 pro
1514 954 1622 981 collatis
1634 954 1715 981 bonis
1727 954 1789 981 red-

977 1000 1032 1027 dita
1051 1002 1109 1027 Deo
1127 999 1277 1035 gratiarum
1295 999 1376 1027 actio.
1397 1001 1453 1026 lam
1474 999 1610 1032 laudatio,
1630 1004 1671 1026 est
1687 999 1793 1026 divino-

978 1053 1038 1071 rum
1058 1045 1253 1071 miraculorum
1271 1044 1426 1071 celebratio.
1448 1044 1561 1076 Oratio,
1573 1044 1738 1079 supplicatio
1756 1044 1791 1071 ad

977 1091 1065 1116 Deum
1088 1097 1136 1124 pro
1154 1097 1182 1115 re
1199 1089 1290 1124 aliqua
1308 1089 1380 1115 utili.
1402 1088 1454 1115 Sed
1473 1088 1506 1116 de
1526 1089 1568 1116 his
1587 1089 1653 1115 alibi
1673 1088 1788 1116 dicetur.

1283 1134 1479 1170 Chrysostomi.

1043 1181 1177 1214 Quartum
1192 1179 1247 1206 iam
1263 1183 1344 1214 caput
1357 1183 1525 1211 scrutantes,
1539 1187 1608 1206 num
1620 1179 1720 1214 psalmi
1734 1187 1792 1206 om-

977 1232 1025 1251 1185
1046 1225 1102 1250 51111
1123 1223 1248 1257 Daridis,
1269 1223 1386 1250 dicimus
1406 1228 1446 1250 ter
1467 1223 1543 1250 mille
1564 1223 1648 1250 fuisse
1669 1224 1789 1258 psalmo-

978 1277 1038 1295 rum
1058 1273 1197 1301 cantores,
1219 1277 1249 1295 ex
1268 1267 1374 1295 levitica
1394 1267 1557 1295 sacerdotali
1576 1269 1675 1303 stirpe,
1696 1269 1743 1303 qui
1761 1270 1791 1296 111

979 1317 1031 1339 tres
1053 1312 1191 1339 distributi
1221 1312 1318 1339 choros
1343 1312 1456 1339 Daxidis
1480 1312 1616 1347 psalmum
1644 1313 1788 1340 canebant.

978 1357 1103 1384 Praeerat
1130 1358 1218 1391 primo
1241 1357 1325 1383 choro
1350 1357 1472 1384 ldithum
1498 1357 1645 1392 magister,
1669 1357 1791 1384 secundo

976 1402 1108 1433 Α81113111ς
1126 1402 1204 1429 tertio
1220 1402 1351 1437 Asaphat.
1374 1402 1422 1429 His
1436 1402 1514 1429 sessis
1527 1402 1711 1430 succedebant
1722 1403 1791 1430 core

977 1446 1042 1478 filii,
1057 1445 1130 1473 unde
1148 1446 1276 1481 contigit,
1292 1450 1324 1473 ut
1338 1446 1440 1473 multos
1454 1446 1540 1473 David
1556 1447 1676 1482 psalmos
1690 1447 1789 1474 horum

977 1491 1089 1517 nomine
1115 1490 1254 1517 canendos
1277 1491 1420 1518 curaverit.
1445 1493 1535 1526 Atque
1559 1491 1623 1518 hinc.
1648 1499 1789 1526 perperam

976 1534 1106 1561 nonnulli
1121 1535 1356 1567 existimaverunt,
1373 1535 1494 1571 ipsorum
1509 1543 1567 1563 esse
1584 1536 1634 1563 hos
1654 1536 1788 1570 psalmos,

976 1578 1040 1613 quia
1061 1582 1086 1605 et
1104 1579 1263 1606 eorumdem
1281 1581 1393 1607 nomina
1413 1579 1551 1607 interdum
1570 1581 1598 1607 in
1621 1580 1789 1614 psalmorum

977 1623 1064 1650 titulis
1083 1624 1266 1658 reperiuntur.
1285 1625 1356 1651 Sunt
1370 1632 1431 1652 vero
1449 1632 1545 1651 01111185
1559 1625 1672 1660 psalmi,
1686 1629 1717 1652 ut
1733 1632 1789 1652 me-

977 1668 1038 1695 liori
1060 1676 1190 1703 veraeque
1211 1670 1362 1696 sententiae
1383 1669 1504 1703 videtur,
1524 1669 1645 1697 Davidis.

1329 1714 1433 1741 Basilii.

1040 1759 1100 1785 Non
1115 1758 1174 1785 sine
1193 1763 1274 1785 cantu
1290 1762 1380 1785 autem
1397 1758 1462 1785 11388
1482 1759 1624 1794 prophetia
1643 1759 1788 1790 recitatur,

975 1806 1005 1829 ut
1026 1803 1214 1838 unusquisque
1236 1807 1262 1829 et
1281 1802 1405 1830 animum
1426 1811 1507 1830 suum
1527 1807 1630 1830 recreet
1650 1803 1789 1835 canendo,

975 1852 1003 1874 et
1021 1849 1147 1875 lectionis
1168 1849 1289 1876 laborem
1314 1849 1406 1876 minus
1429 1850 1538 1876 sentiat.
1561 1849 1630 1884 Quia
1651 1850 1726 1876 8111111
1750 1850 1789 1876 11-

975 1892 1057 1920 (181131
1078 1895 1151 1920 1)8115
1166 1894 1268 1921 multos
1288 1894 1413 1921 homiues
1432 1894 1466 1921 ad
1481 1895 1616 1927 lanariam
1637 1894 1714 1922 valde
1729 1903 1790 1930 pro-

974 1942 1039 1969 nos,
1054 1941 1136 1973 atque
1151 1937 1187 1964 ad
1201 1939 1332 1973 spiritalis
1347 1939 1502 1973 argumenti
1518 1939 1663 1966 lectionem
1678 1943 1789 1974 torpen-

975 1985 1030 2014 tes,
1051 1983 1164 2018 eiusque
1184 1983 1224 2010 rei
1240 1983 1395 2010 molestiam
1415 1991 1495 2016 aegre
1515 1983 1645 2016 ferentes,
1666 1988 1697 2011 ut
1712 1984 1788 2011 labo-

976 2034 1031 2053 rem
1048 2027 1129 2061 paulo
1145 2028 1291 2059 gratiorem
1305 2028 1438 2060 efiiceret,
1452 2032 1479 2055 et
1492 2027 1662 2064 fatigationis
1675 2037 1788 2056 sensum

974 2071 1160 2105 subtraheret,
1173 2072 1245 2099 beati
1256 2072 1368 2101 Davidis
1384 2073 1507 2108 linguam
1520 2075 1667 2101 commovit
1682 2074 1716 2101 ad
1731 2082 1788 2101 1118-

974 2115 1076 2144 lodiam
1097 2117 1225 2143 vaticinio
1239 2117 1461 2150 admiscendam,
1478 2122 1507 2144 ut
1528 2127 1578 2146 nos
1597 2119 1718 2154 rhythmi
1733 2126 1789 2145 1110-

974 2159 1115 2188 dulatione
1136 2161 1278 2195 delectati,
1293 2162 1420 2189 alacriter
1440 2162 1590 2190 admodum
1605 2171 1696 2190 sacros
1711 2163 1788 2199 hym-

973 2213 1024 2232 nos
1039 2206 1062 2232 ei
1077 2205 1235 2233 offeramus.
1257 2207 1301 2234 Sic
1316 2207 1389 2234 enim
1404 2212 1501 2234 natura
1521 2212 1613 2235 nostra
1628 2212 1709 2234 cantu
1725 2208 1787 2234 har-

974 2251 1120 2286 moniaque
1133 2251 1276 2283 adficitur,
1291 2256 1322 2278 ut
1334 2256 1360 2279 et
1374 2252 1502 2279 infantuli
1523 2254 1661 2286 vagientes
1675 2253 1710 2279 ita
1725 2260 1788 2279 8011-

973 2295 1130 2329 sopiantur,
1151 2300 1177 2322 et
1198 2296 1324 2323 textrices
1346 2296 1478 2330 feminae,
1500 2301 1526 2324 et
1538 2297 1654 2324 viatores
1667 2305 1697 2323 ac
1716 2304 1787 2323 nau-

974 2342 1031 2372 tae,
1052 2347 1164 2367 suorum
1185 2349 1299 2375 operum
1322 2341 1444 2368 laborem
1463 2346 1545 2368 cantu
1565 2342 1702 2373 solentur,
1723 2341 1786 2376 quia

972 2383 1081 2411 facilius
1101 2385 1224 2417 animus,
1246 2386 1268 2412 si
1289 2385 1374 2412 melos
1392 2376 1486 2412 audiat
1506 2390 1533 2412 et
1554 2386 1706 2417 canticum,
1728 2394 1786 2411 1110-

973 2428 1040 2455 lesta
1061 2429 1172 2463 quaevis
1191 2434 1217 2456 et
1238 2429 1373 2457 laboriosa
1393 2430 1507 2458 tolerare
1527 2434 1623 2464 potest.
1645 2430 1714 2464 Quia
1734 2431 1786 2457 iei-

975 2477 1017 2499 tur
1037 2473 1073 2499 ita
1092 2481 1120 2500 se
1139 2473 1221 2500 habet
1240 2474 1349 2501 animus
1367 2479 1458 2500 noster
1477 2482 1539 2509 erga
1560 2473 1611 2500 1108
1631 2473 1786 2501 delectatio-

973 2517 1016 2544 nis
1035 2526 1134 2551 genus,
1156 2527 1189 2545 ne
1205 2519 1273 2546 forte
1294 2519 1441 2546 daemones
1461 2519 1580 2546 obtrusis
1596 2519 1710 2546 canticis
1729 2527 1785 2546 me-

973 2563 1089 2590 retriciis
1101 2564 1193 2590 onmia
1207 2564 1399 2598 pessumdent,
1413 2564 1531 2598 psalmos
1544 2563 1703 2591 hominihus
1712 2565 1787 2591 Deus

972 2605 1128 2639 fabricavit,
1149 2611 1221 2634 ntea
1242 2616 1285 2635 res
1305 2608 1436 2642 voluptati
1458 2607 1541 2635 simul
1561 2613 1588 2635 et
1609 2608 1721 2635 utilitati
1734 2608 1783 2635 sit:

972 2660 1036 2678 nam
1059 2656 1084 2679 et
1103 2657 1214 2679 sanctus
1236 2653 1354 2687 Spiritus
1375 2653 1483 2679 animae
1506 2653 1540 2680 ita
1565 2653 1693 2688 psallenti
1715 2653 1786 2680 cele-—

973 2696 1038 2723 riter
1060 2696 1156 2722 insilit.

1326 2742 1430 2768 Basilii.

1037 2785 1105 2818 Quia
1126 2788 1236 2811 noverat
1246 2790 1357 2813 sanctus
1370 2787 1502 2821 Spiritus,
1522 2787 1562 2815 uti
1575 2788 1631 2814 iam
1651 2787 1785 2821 diximus,

1639 2846 1669 2869 12
