2205 3177
443 197 485 218 xit

963 327 1159 358 YOLUMINE
1180 331 1447 364 CONTINENTUR
1472 336 1579 366 HAEC.

532 438 556 470 I.
586 438 618 470 S.
641 438 758 483 Cyn-itti
784 440 1054 478 Commentarius
1082 446 1114 479 in
1143 446 1234 480 Pauli
1263 449 1443 494 epistolam
1469 452 1511 486 ad
1538 455 1712 490 Romanos
1735 469 1769 503 p.
1792 470 1840 503 gr,
1862 473 1892 500 01
1921 467 1978 502 lai,
2006 471 2036 504 1,

532 496 571 529 ll.
601 496 761 530 Eiusdem
788 498 821 533 in
846 501 1025 546 epistolam
1054 504 1095 536 ll.
1119 504 1158 536 ad
1188 504 1383 541 Corinthios
1407 520 1459 554 gr.
1482 522 1517 556 p.
1541 512 1605 551 48,
1628 513 1686 547 lat.
1709 516 1767 549 33.

530 554 586 586 Ill.
616 555 776 590 Eiusdem
801 559 835 592 in
859 559 1038 604 epistolam
1065 562 1106 594 ll.
1132 561 1173 594 ad
1199 563 1392 599 Corinthios
1418 578 1470 612 gr.
1494 580 1528 614 p.
1552 570 1614 606 83,
1637 571 1695 605 lat.
1720 573 1777 607 55.

529 611 582 644 lv,
612 613 770 647 Eiusdem
796 615 984 660 fragmenta
1012 617 1140 663 aliquot
1168 619 1202 651 iu
1229 619 1311 653 alias
1335 624 1495 668 epistolas
1519 638 1571 671 gr.
1595 640 1629 673 p.
1657 630 1720 662 103
1736 656 1743 668 ,
1764 630 1822 665 lat.
1845 634 1902 666 67.

526 669 565 701 V.
594 669 753 705 Eiusdem
780 673 813 706 in
838 675 1018 719 epistolam
1043 675 1086 708 ad
1112 675 1288 711 Hebraeos
1312 690 1364 723 gr.
1387 692 1422 726 p.
1450 684 1532 721 107,
1553 685 1611 719 lat.
1635 688 1693 720 (59.

524 727 579 760 w,
608 728 768 763 Eiusdem
795 743 815 764 n
843 732 1049 766 Matthaeum
1075 734 1319 769 Commentarii
1349 737 1536 783 fragmenta
1562 754 1614 787 gr.
1638 756 1672 789 p.
1701 747 1784 785 128,
1807 746 1866 781 lat.
1891 748 1948 782 83.

523 784 594 818 vu.
623 786 782 820 Eiusdem
808 788 841 821 in
871 789 1056 823 Iohannem
1080 790 1323 826 Commentarii
1351 794 1540 840 fragmenta
1565 811 1618 844 gr.
1640 813 1674 846 p.
1704 803 1786 841 134,
1809 804 1868 838 lat.
1891 806 1949 839 85.

523 842 610 875 vui.
639 843 798 877 Eiusdem
824 847 857 879 iu
885 847 1093 881 Ezechielem
1119 849 1362 886 Commentarii
1388 853 1577 899 fragmenta
1602 869 1653 902 gr.
1677 871 1711 904 p.
1739 863 1822 902 137,
1843 862 1904 897 lat.
1928 864 1985 897 86.

522 899 579 932 lx.
609 901 744 935 Nicetac
774 903 950 938 Serrarum
981 906 1132 951 episcopi
1165 908 1332 952 praefatio
1362 910 1405 944 ad
1433 912 1593 947 Catenam
1622 915 1656 948 in
1689 916 1841 953 Psalmos
1864 931 1916 965 gr.
1943 932 1979 966 p.
2009 921 2097 961 139,

428 955 485 989 lat.
514 957 571 990 87.

520 1015 562 1047 X.
592 1016 623 1047 S.
647 1015 764 1060 Cyrilli
791 1021 1056 1054 commentarius
1079 1021 1115 1054 in
1142 1022 1293 1067 psalmos
1317 1036 1368 1069 gr.
1391 1037 1426 1071 p.
1452 1027 1536 1065 143,
1559 1028 1617 1062 lat.
1642 1030 1699 1064 91.

518 1072 575 1103 xi.
605 1072 764 1106 Eiusdem
796 1075 830 1107 in
866 1074 974 1110 libros
1005 1078 1135 1123 Regum
1167 1080 1410 1117 Commentarii
1441 1083 1631 1130 fragmenta
1663 1099 1702 1121 ex
1735 1088 1853 1122 codice
1885 1096 2009 1124 veneto
2040 1102 2094 1137 gr.

424 1138 457 1171 p.
481 1128 567 1163 235.
589 1128 648 1162 lat.
671 1131 753 1164 273.

517 1185 590 1218 XII.
619 1187 651 1219 S.
675 1187 803 1222 lrenaei
821 1195 854 1223 et
871 1190 1052 1237 Theophili
1072 1192 1262 1239 fragmenta
1280 1202 1430 1240 quatuor
1448 1208 1501 1242 gr.
1525 1209 1558 1243 p.
1577 1199 1659 1232 446.
1681 1199 1740 1232 lat.
1757 1201 1841 1233 279.
1861 1201 1965 1235 Aliud
1984 1202 2096 1237 Theo-

422 1241 504 1285 phili
532 1252 584 1286 gr.
607 1255 642 1289 p.
666 1245 751 1283 447,
774 1245 833 1280 lat.
855 1248 938 1282 279.

515 1300 604 1334 XIII.
632 1302 666 1335 S.
683 1303 795 1337 Basilii
814 1306 930 1350 magni
948 1307 1091 1352 epistola
1110 1308 1153 1342 ad
1171 1309 1346 1344 Urbicium
1366 1323 1407 1345 ex
1425 1311 1543 1346 codice
1561 1319 1685 1347 veneto
1703 1325 1755 1358 gr.
1773 1323 1808 1359 p.
1826 1314 1915 1353 449,
1931 1313 1991 1348 lat.
2009 1314 2092 1347 281.

514 1358 600 1391 XIV.
629 1360 661 1392 S.
683 1359 801 1404 Cyrilli
819 1362 855 1395 in
873 1362 1025 1397 Psalmos
1050 1364 1239 1410 fragmenta
1263 1378 1305 1401 ex
1323 1368 1391 1402 alio
1414 1368 1534 1403 codice
1553 1376 1622 1404 vat.
1645 1381 1697 1415 gr.
1719 1382 1754 1417 p.
1779 1371 1862 1404 450.
1891 1371 1930 1404 In
1950 1371 2097 1404 Prover—

420 1412 473 1447 bia
496 1413 726 1460 fragmentum
752 1429 858 1452 unum
884 1431 936 1465 gr.
959 1432 994 1466 p.
1017 1422 1100 1454 452.

512 1473 583 1506 XV.
612 1474 773 1508 Eiusdem
798 1475 1028 1521 fragmentum
1053 1491 1093 1513 ex
1115 1491 1273 1515 sermone
1298 1481 1352 1515 vel
1380 1481 1472 1516 libro
1492 1483 1536 1516 de
1554 1484 1754 1529 Synagogae
1780 1483 1944 1529 repudio.
1965 1482 2026 1516 ubi
2050 1481 2094 1515 de

416 1528 604 1564 Abrahami
629 1534 959 1570 transnominatione
980 1547 1033 1581 gr.
1060 1549 1095 1583 p.
1118 1538 1204 1578 451,
1226 1539 1286 1573 lat.
1308 1540 1390 1574 285.
1419 1541 1468 1574 De
1494 1540 1562 1574 hoc
1585 1540 1664 1574 vide
1689 1541 1779 1575 dicta
1805 1541 1840 1574 in
1865 1545 1962 1585 parte
1989 1540 2094 1573 latina

418 1598 451 1631 p.
474 1588 655 1623 284-285.

510 1646 597 1679 XVI.
625 1647 796 1682 Theodori
825 1657 1058 1696 mopsuesteni
1089 1659 1330 1698 argumentum
1358 1654 1561 1689 historicum
1591 1655 1713 1700 psalmi
1744 1655 1827 1687 LIV.
1852 1664 1904 1699 gr.
1932 1665 1968 1699 p.
1999 1652 2088 1688 453.

414 1702 473 1736 lat.
496 1705 578 1738 282.
601 1705 723 1751 psalmi
749 1708 898 1742 XXXIV.
919 1720 973 1754 gr.
995 1721 1030 1755 p.
1053 1710 1142 1750 455,
1165 1710 1225 1745 lat.
1247 1713 1329 1745 283.

509 1762 611 1796 xvll.
640 1763 778 1808 Didymi
806 1764 849 1799 de
876 1765 978 1800 titulo
1003 1767 1126 1812 psalmi
1147 1769 1260 1813 quarti
1287 1780 1339 1814 gr.
1362 1780 1397 1815 p.
1420 1770 1506 1808 456,
1531 1769 1589 1803 lat.
1611 1770 1695 1802 284.

508 1820 627 1854 XVIII.
656 1822 688 1854 S.
710 1822 828 1867 (lyrim
847 1823 1076 1869 fragmentum
1102 1837 1142 1859 ex
1165 1826 1306 1862 homilia
1331 1827 1545 1872 dogmatica,
1568 1828 1651 1861 item
1671 1827 1736 1861 alia
1755 1827 1909 1872 quinque
1928 1837 1969 1859 ex
1989 1835 2091 1871 pros-

414 1876 598 1921 phonetico
625 1879 667 1912 ad
693 1880 945 1915 Alexandrinos
968 1883 1004 1915 in
1030 1889 1126 1929 parte
1149 1883 1254 1918 latina
1280 1896 1315 1930 p.
1337 1886 1421 1918 286.
1448 1896 1519 1930 seq.

507 1937 595 1970 XIX.
624 1937 785 1971 Eiusdem
805 1938 994 1985 fragmenta
1014 1941 1104 1981 duo,
1126 1953 1165 1976 ex
1185 1943 1381 1988 Niceplioro
1402 1949 1434 1976 et
1454 1943 1633 1976 Anastasio
1652 1948 1741 1987 part.
1763 1941 1823 1975 lat.
1841 1953 1876 1987 p.
1896 1941 1980 1974 289.
2002 1940 2085 1973 290.

1014 2068 1184 2091 §Pl-:etnim
1211 2068 1265 2091 SCR
1271 2069 1474 2091 1PTL’RARtM.

504 2168 530 2200 I.
559 2166 698 2202 Tabula.
728 2170 775 2202 Ex
795 2170 911 2205 codice
933 2173 1088 2207 vaticano
1107 2173 1233 2207 saeculi
1251 2174 1325 2207 XII.
1349 2174 1472 2220 pagina
1492 2173 1643 2218 integra.
1667 2182 1755 2217 quae
1774 2170 1924 2205 refertur
1942 2166 1986 2202 ad
2006 2177 2088 2200 nos-

409 2231 496 2258 tram
519 2225 706 2260 editionem
731 2231 966 2264 commentarii
993 2231 1026 2264 S.
1047 2231 1166 2276 Cyn-illi
1192 2232 1228 2264 in
1255 2231 1436 2277 epistolam
1462 2230 1505 2264 ad
1530 2232 1704 2264 Romanos
1728 2241 1763 2274 p.
1788 2238 1841 2272 gr·
1867 2227 1922 2258 14·

503 2284 544 2316 11.
573 2283 713 2319 Tabula.
741 2286 898 2321 Continet
920 2289 1013 2322 varia
1037 2289 1224 2334 specimina
1248 2300 1289 2323 ex
1314 2288 1492 2322 codicibus
1519 2287 1693 2321 vaticanis.
1727 2286 1757 2318 1.
1780 2290 1815 2318 et
1840 2285 1875 2316 2.
1897 2283 2087 2354 ξἰᾞςηῖεῃ-

407 2346 480 2373 tum
506 2341 625 2385 Cyritli
651 2343 685 2375 in
717 2342 839 2377 Iobum
865 2356 938 2390 cap.
966 2347 1023 2379 III.
1055 2347 1118 2385 18,
1145 2357 1224 2380 cum
1254 2352 1349 2380 textu
1377 2356 1475 2379 sacro
1500 2355 1540 2378 ex
1572 2343 1690 2377 codice
1717 2353 1807 2375 saec.
1833 2345 1968 2404 circiter
1992 2337 2081 2372 ull.

404 2418 426 2424 -
453 2399 486 2432 3.
511 2399 644 2433 Folium
669 2401 807 2434 unicum
835 2402 938 2436 archii
963 2403 1161 2449 capitularis
1179 2403 1378 2437 veronensis
1401 2413 1488 2435 saec.
1510 2401 1582 2434 Vll.
1610 2406 1667 2433 aut
1687 2400 1775 2432 VIII.
1797 2404 1976 2432 continens
2003 2406 2078 2442 pro·

405 2455 524 2501 logum
556 2458 588 2490 S.
618 2457 736 2503 Cyrilli
766 2460 800 2492 in
833 2471 932 2493 suum
963 2460 1255 2494 Commentarium
1287 2459 1331 2493 ad
1362 2458 1538 2505 psalmos,
1570 2457 1731 2491 editionis
1762 2462 1910 2520 nostrae
1930 2466 1966 2501 p.
2001 2448 2075 2487 143·

403 2533 424 2538 -
451 2515 485 2547 4.
516 2515 693 2561 Specimen
721 2528 763 2550 ex
788 2517 906 2551 codice
935 2525 1003 2552 vat.
1030 2519 1072 2552 A.
1105 2517 1343 2552 commentarii
1376 2516 1494 2561 Cyritli
1525 2516 1559 2549 in
1590 2515 1762 2561 psalmos,
1790 2515 1826 2548 in
1856 2513 1940 2548 edit.
1962 2511 2078 2540 ssOSlffl

404 2582 438 2615 p.
467 2573 543 2606 lit..
573 2593 596 2598 —
623 2573 657 2607 5.
681 2573 798 2619 Cyrilli
825 2574 868 2608 de
895 2575 1017 2609 Christi
1044 2575 1242 2621 genealogia
1260 2575 1509 2620 fragmentum.
1532 2584 1573 2606 ex
1601 2572 1680 2606 cod.
1703 2578 1772 2636 vat.
1796 2571 1883 2635 358,
1899 2563 1996 2626 quo-d
2021 2574 2080 2638 siff·

403 2630 537 2673 periore
557 2636 652 2665 tomo
671 2631 841 2666 edidimus
859 2633 999 2678 pust.
1028 2652 1050 2658 -
1076 2634 1110 2666 6.
1132 2633 1310 2678 Specimen
1329 2631 1484 2666 eiusdem
1506 2631 1608 2676 prisci
1629 2629 1777 2669 codims,
1799 2640 1834 2662 m
1848 2620 2081 2692 (1201115101ῐῖ1

403 2686 598 2731 evangelica
618 2688 764 2724 feminae
789 2690 978 2725 adulterae.
1007 2711 1030 2716 -
1056 2692 1091 2724 7.
1118 2691 1250 2726 Titulus
1269 2690 1367 2724 lexici
1390 2688 1515 2724 nobilis
1541 2690 1653 2734 graeci
1679 2687 1775 2734 quod
1794 2679 1993 2718 inscribitur
2015 2677 2082 2722 C>-

403 2743 484 2776 rillo
512 2745 545 2778 in
572 2752 687 2781 vetere
713 2747 831 2782 codice
856 2748 1025 2782 vaticano.
