2205 3177
767 198 799 220 ix
826 197 978 219 PSALML‘M
1004 197 1098 219 xrui.
1708 186 1772 218 197

462 265 500 289 Et
519 267 550 288 in
572 266 695 288 nomine
714 267 767 287 tuo
783 269 963 291 spernemus
981 264 1178 291 insurgentes
1194 264 1339 286 adversus
1355 269 1419 285 nos.

197 323 330 355 Nomen
356 322 444 359 eius,
465 332 535 366 quo
563 321 746 353 adxersarii
773 324 998 363 spernentur,
1021 319 1165 362 gloriam
1193 318 1373 363 significat.
1403 319 1556 363 Namque
1583 323 1618 350 ut
1645 316 1776 359 glorifi-

102 386 238 413 caretur
256 380 345 425 Deus
358 405 365 417 ,
387 378 465 412 data
493 378 554 411 fuit
580 378 743 423 potentia.
772 376 927 409 Redemit
946 376 1059 420 itaque
1079 377 1168 408 Deus
1187 375 1373 409 lsralielem
1399 375 1441 408 de
1467 386 1570 408 manu
1589 374 1776 419 Aegyptio-

103 449 197 476 rum,
221 437 309 470 fama
331 437 468 482 insuper
487 435 613 480 inclJta
632 436 743 480 ipsum
765 444 944 467 coronans.
967 432 1199 472 Quamobrem
1219 433 1320 465 etiam
1338 432 1505 465 Pharaoni
1524 432 1607 465 dixit
1626 433 1655 464 'z
1677 430 1723 465 ob
1742 431 1778 464 id

104 495 217 539 ipsum
243 500 275 527 te
301 495 464 531 excitavi,
493 499 529 526 ut
557 494 590 525 in
617 499 649 525 te
675 502 785 524 meam
813 490 993 523 ostendam
1022 491 1231 534 potentiam,
1261 496 1361 533 atque
1387 495 1422 522 ut
1450 500 1575 522 nomen
1601 500 1717 521 meum
1742 489 1776 521 in

103 552 265 584 universo
292 550 377 584 orbe
403 552 595 584 nuncietur.
624 549 715 582 Alibi
735 559 874 593 quoque
900 558 961 593 per
987 559 1094 580 unum
1121 547 1163 579 dc
1190 547 1311 580 sanctis
1337 547 1513 592 prophetis
1532 546 1615 579 (lixit
1635 546 1724 578 Deus
1745 546 1775 577 'z

104 608 256 642 filiorum
283 615 396 642 autem
424 608 525 642 Iudae
551 606 759 644 miserebor,
782 617 907 651 eosque
933 604 1072 639 salvabo
1098 605 1133 637 in
1160 604 1302 638 domino
1322 605 1393 637 Deo
1420 605 1585 649 ipsorum.
1615 605 1709 641 Non,
1731 604 1781 636 in-

105 678 226 712 quam,
249 666 312 699 salx
323 666 388 699 abo
414 677 472 699 eos
498 676 596 703 arcu,
618 664 671 697 vel
699 664 835 709 gladio,
857 669 914 697 aut
932 662 1044 701 bello,
1067 668 1123 695 aut
1147 660 1325 699 curribus,
1348 668 1403 694 aut
1423 662 1519 706 equis
1538 661 1591 694 vel
1611 662 1775 705 equitatu.

602 730 690 753 Nunc
707 732 811 752 autem
828 729 973 756 reputisti
990 730 1021 751 et
1038 728 1208 750 confudisti
1226 734 1289 749 nos.

202 783 240 814 ln
267 793 366 815 suum
391 782 497 814 veluti
523 792 647 826 corpus
673 781 856 826 rccipiunt,
878 781 936 824 qui
963 780 1007 812 ita
1034 779 1224 823 loquuntur
1245 777 1452 822 prophetae,
1475 777 1644 821 peccantis
1663 776 1781 822 populi

106 838 208 871 mala.
238 839 351 871 Patres
373 838 513 883 quidem
534 839 640 872 nostri
660 838 741 871 haec
762 837 860 871 nobis
880 842 1116 870 narraverunt.
1147 835 1229 868 Ideo
1255 834 1407 867 medium
1433 834 1507 867 heic
1527 833 1713 878 diapsalma
1736 834 1780 877 (1)

107 901 174 934 est,
194 894 240 928 ob
266 894 522 940 significandam
542 906 658 928 rerum
677 895 913 928 mutationem.
943 895 1041 927 Nunc
1066 893 1236 926 contraria
1262 893 1378 925 omnia
1404 891 1523 925 videre
1548 897 1615 928 est3
1637 901 1782 934 namque

109 953 144 985 in
169 951 270 986 bellis
294 964 360 998 ope
387 952 560 990 destituis:
583 964 653 986 non
678 953 769 985 enim
795 963 874 985 cum
900 949 1104 984 exercitibus
1130 950 1254 983 nostris
1280 950 1314 982 in
1341 950 1446 982 aciem
1474 947 1643 994 prodiisti.

546 1018 605 1040 Nee
623 1018 685 1040 suit
703 1017 872 1040 multitudo
890 1018 923 1039 in
941 1016 1217 1039 vociferationibus
1233 1021 1349 1037 eorum.

205 1067 426 1105 Vociferatio,
444 1079 502 1101 seu
524 1068 669 1105 clamor,
687 1067 902 1112 triumphalis
921 1073 968 1100 est
989 1077 1053 1099 vox
1075 1076 1195 1098 eorum
1215 1065 1273 1109 qui
1293 1065 1460 1097 Yieerunt.
1481 1063 1566 1103 Quia
1586 1073 1668 1095 xero
1687 1063 1784 1107 pauci

110 1123 247 1158 fuerunt
274 1126 332 1169 qui
357 1124 392 1157 id
419 1131 575 1170 agerent,
598 1124 676 1157 ideo
699 1124 843 1157 dicimus
862 1135 931 1157 non
951 1123 1053 1157 fuisse
1074 1121 1330 1156 multitudinem
1356 1122 1391 1154 in
1418 1119 1627 1154 clamoribus
1647 1130 1781 1152 eorum.

110 1181 196 1215 Victi
221 1182 335 1227 itaque
362 1182 487 1215 fuimus
513 1189 614 1227 atque
640 1182 763 1227 direpti
791 1181 833 1214 ab
860 1180 1033 1219 hostibus,
1055 1187 1085 1214 et
1113 1179 1253 1225 quidem
1279 1190 1423 1212 numero
1451 1179 1583 1223 pau‹·is;
1605 1188 1675 1210 non
1694 1177 1785 1209 enim

112 1237 175 1272 suit
201 1239 386 1273 multitudo
405 1241 439 1272 in
458 1238 760 1273 xocisemtionibus
786 1250 919 1272 corum.
949 1239 1050 1278 Quasi
1077 1237 1184 1271 dicat:
1207 1238 1239 1270 in
1266 1243 1397 1270 tantum
1419 1235 1589 1269 malorum
1609 1235 1782 1271 venimus,

111 1296 266 1341 adeoque
286 1296 563 1342 incomparabilis
582 1297 754 1330 calamitas
773 1302 887 1329 nostra
909 1295 990 1333 fuit,
1012 1302 1047 1328 ut
1068 1295 1147 1328 victi
1167 1295 1324 1339 captique
1344 1293 1510 1326 fuerimus
1529 1291 1657 1337 absque
1677 1291 1787 1324 multo

112 1353 264 1387 hostium
290 1365 447 1388 numero.

593 1419 731 1442 Posuisti
748 1426 802 1442 nos
819 1418 1003 1446 parabolam
1020 1419 1164 1441 finitimis
1181 1418 1307 1440 nostris.

207 1469 297 1509 Quid
322 1475 371 1502 est
398 1468 585 1514 parabola?
609 1468 778 1505 narratio,
800 1468 1016 1513 exemplum,
1039 1468 1243 1501 comicium.
1273 1468 1428 1511 Namque
1453 1472 1485 1499 et
1512 1466 1533 1498 ii
1559 1465 1617 1510 qui
1645 1476 1663 1497 a
1688 1463 1788 1497 nobis

113 1525 235 1560 absunt
261 1538 314 1560 res
340 1532 472 1560 nostras
491 1533 642 1560 narrant.
671 1527 806 1560 Etenim
824 1526 1021 1560 Israhelitae
1040 1527 1074 1558 in
1094 1526 1324 1571 captivitatem
1343 1523 1490 1562 redacti,
1512 1529 1542 1556 et
1567 1523 1789 1555 dominorum

112 1584 292 1618 violentiae
319 1584 463 1621 addicti,
485 1583 758 1618 execrationibus
777 1590 873 1617 erant
891 1583 1053 1621 obnoxii,
1074 1582 1268 1616 dicentibus
1289 1582 1357 1615 illis
1370 1608 1377 1619 ,
1399 1588 1436 1614 ut
1455 1580 1638 1614 verisimile
1657 1587 1725 1613 est:
1747 1592 1790 1613 ne

110 1640 234 1676 fiamus
260 1649 297 1676 ut
323 1642 533 1676 Israhelitae!

606 1709 645 1732 Et
661 1709 828 1732 declinasti
845 1709 971 1732 semitas
987 1710 1109 1731 nostras
1125 1715 1143 1730 a
1161 1709 1211 1730 via
1229 1709 1294 1730 tua.

210 1757 404 1791 Secundum
430 1757 549 1791 divum
574 1757 759 1801 Cyrillum,
780 1757 991 1791 locutionem
1014 1772 1028 1788 «
1052 1757 1229 1791 declinasti
1255 1756 1391 1790 semitas
1410 1761 1543 1789 nostras
1570 1767 1588 1788 a
1613 1755 1665 1787 via
1693 1760 1749 1787 tua
1773 1768 1787 1784 »

114 1814 284 1859 intelliges
309 1816 367 1848 ita.
396 1816 480 1855 Quia
501 1815 625 1848 Israhel
648 1814 754 1848 fidem
780 1815 1023 1861 praedicationi
1042 1816 1166 1849 Christi
1193 1826 1262 1848 non
1289 1814 1464 1859 praebuit,
1488 1813 1599 1846 amisit
1625 1814 1727 1845 etiam
1746 1811 1793 1845 fa-

115 1871 277 1906 cultatem
303 1879 394 1906 recte
419 1873 597 1906 exercendi
625 1872 769 1918 legalem
795 1873 946 1912 cultum;
966 1874 1108 1907 cessarit
1125 1874 1217 1907 enim
1242 1872 1327 1917 legis
1351 1871 1495 1910 umbra,
1516 1871 1794 1915 transieruntque

116 1929 149 1961 in
176 1931 353 1964 veritatem
380 1931 464 1976 typi.
493 1931 567 1964 Hoc
586 1930 709 1965 docent
737 1931 882 1964 aientes:
905 1931 1081 1965 declinasti
1106 1932 1242 1964 semitas
1261 1936 1396 1963 nostras
1415 1941 1432 1963 a
1451 1929 1505 1962 via
1529 1935 1598 1962 tua.
1628 1929 1713 1961 Dicit
1735 1939 1795 1961 au-

115 1993 185 2020 tem
211 1987 310 2021 alicui
337 1988 438 2021 etiam
466 1999 526 2033 per
551 1999 658 2021 unum
685 2000 703 2022 e
729 1988 908 2033 prophetis
934 1989 976 2022 de
1003 1988 1217 2021 Hierusalem
1243 1988 1273 2020 'z
1299 1999 1376 2021 ecce
1402 1998 1467 2032 ego
1492 1986 1677 2032 impediam
1705 1986 1794 2018 viam

112 2043 206 2078 illius
231 2044 392 2084 sudibus,
413 2044 660 2090 obstruamque
679 2057 753 2079 eam
773 2047 918 2079 maceria
931 2071 938 2083 ,
961 2047 1117 2079 semitam
1137 2057 1233 2079 suam
1254 2057 1323 2078 non
1344 2045 1506 2078 inveniet.
1536 2045 1633 2077 Certe
1653 2045 1719 2076 iam
1741 2044 1796 2077 lu-
1846 2061 1865 2073 ,κ

114 2100 281 2135 daeorum
301 2113 471 2147 synagoga
491 2102 647 2148 placendi
666 2103 738 2136 Deo
758 2103 927 2136 rationem
954 2114 1096 2147 prorsus
1115 2104 1233 2135 nescit.
1264 2102 1328 2135 Sed
1349 2102 1479 2135 etiamsi
1507 2101 1596 2135 forte
1615 2112 1797 2146 cognosce-

115 2165 186 2198 ret,
207 2159 301 2193 haud
326 2160 482 2205 pervium
509 2160 684 2205 negotium
705 2159 826 2198 habet:
847 2161 976 2206 quippe
995 2172 1082 2205 quac
1101 2160 1272 2193 Christum
1297 2161 1429 2204 ignorat
1450 2160 1524 2193 viae
1544 2159 1798 2193 demonstrato—

115 2228 209 2255 rem,
232 2227 294 2262 per
318 2229 421 2263 quam
441 2217 484 2251 ad
503 2219 607 2251 vitam
634 2219 803 2263 quispiam
827 2219 1016 2263 perveniat.
1046 2219 1137 2252 Haec
1156 2229 1239 2263 ergo
1266 2219 1378 2256 aiunt,
1400 2219 1479 2263 quia
1499 2224 1681 2263 postquam
1702 2216 1798 2260 impii

116 2274 280 2308 adversus
293 2274 465 2308 Christum
486 2275 640 2313 suerunt,
658 2275 788 2308 cultum
809 2287 948 2320 quoque
968 2276 1113 2320 legalem
1132 2276 1331 2309 amiserunt.
1354 2276 1494 2320 Iamque
1514 2281 1611 2308 antea
1631 2274 1795 2311 diximus,

115 2332 302 2377 prophetas
322 2331 407 2365 hanc
426 2333 617 2366 orationem
637 2334 779 2366 recitare
798 2345 839 2366 cx
859 2333 978 2379 populi
1000 2345 1146 2379 persona
1160 2360 1167 2371 ,
1190 2334 1350 2379 proprias
1373 2333 1434 2367 sibi
1456 2334 1617 2366 facientes
1636 2343 1692 2365 eas
1711 2342 1798 2376 quae

117 2389 310 2423 acciderant
337 2388 383 2423 ob
402 2389 494 2423 illius
514 2396 648 2435 peccata
675 2391 910 2424 adversitates.
940 2392 1041 2425 Secus
1060 2393 1170 2429 enim,
1192 2392 1372 2436 quomodo
1391 2403 1471 2424 mox
1491 2390 1663 2425 dicerent.
1684 2400 1719 2421 se
1739 2400 1799 2421 ne—

115 2459 183 2492 que
209 2448 270 2480 Dei
295 2446 440 2485 oblitos,
462 2459 572 2492 neque
599 2448 762 2482 adversus
780 2448 902 2482 foedus
929 2449 1000 2482 eius
1026 2450 1153 2494 egisse,
1177 2456 1234 2482 aut
1253 2461 1313 2483 cor
1333 2461 1433 2482 suum
1453 2454 1546 2481 retro
1566 2448 1745 2485 avertisse,
1767 2452 1799 2479 et

117 2509 230 2538 tamen
249 2505 310 2538 Dei
337 2505 550 2538 aversionem
570 2512 729 2551 expertos
747 2518 838 2545 esse,
862 2507 1001 2551 iraeque
1020 2508 1093 2540 eius
1113 2507 1237 2540 damna
1262 2507 1430 2540 sensisse?
1454 2508 1609 2550 Namque
1629 2511 1685 2538 aut
1704 2515 1801 2537 men-

117 2561 250 2594 tiuntur
275 2561 359 2594 dum
385 2573 420 2595 se
445 2562 590 2596 violasse
615 2563 675 2596 Dei
702 2562 823 2597 foedus
849 2570 991 2609 negant,
1018 2570 1074 2597 aut
1102 2564 1218 2597 divina
1245 2563 1368 2597 iudicia
1395 2574 1465 2597 non
1491 2562 1711 2596 mediocriter
1737 2563 1801 2595 im-

117 2617 288 2664 probant,
316 2619 413 2663 quasi
439 2619 611 2652 immerito
638 2621 749 2664 puniti
775 2620 853 2654 sint.
883 2622 974 2667 Ergo
1001 2621 1214 2667 prophetae,
1244 2621 1322 2654 iusti
1349 2620 1445 2658 licet,
1474 2627 1507 2654 et
1533 2620 1617 2665 legis
1643 2619 1802 2653 custodes

117 2682 238 2722 utpote
256 2676 467 2715 israhelitae,
489 2678 662 2722 passiones
681 2676 746 2711 sibi
764 2679 948 2724 imponunt
967 2679 1108 2725 pcbeiae
1127 2679 1376 2717 multitudinis,
1397 2690 1486 2723 quae
1504 2679 1538 2712 in
1557 2678 1729 2711 Christum
1750 2678 1802 2710 in-

118 2734 238 2772 saniit:
259 2740 293 2767 et
318 2735 532 2780 peccantium
550 2735 817 2781 supplicationes
843 2736 990 2775 faciunt,
1013 2737 1092 2770 satis
1118 2736 1213 2782 gnari
1233 2736 1344 2770 solere
1363 2737 1520 2770 omnium
1539 2735 1719 2770 dominum
1739 2736 1803 2768 mi·-

216 2865 252 2896 (1)
271 2862 370 2891 Recole
390 2862 463 2890 dicta
481 2871 496 2891 a
516 2863 597 2892 nobis
616 2863 651 2892 ad
671 2871 712 2899 ps.
733 2865 783 2891 111.
805 2873 831 2900 p.
851 2865 899 2892 lat.
921 2869 964 2893 94.
985 2865 1049 2893 adn.
1071 2868 1096 2891 2.

1817 440 1824 447 “
1842 437 1911 458 [xou.
1924 438 1961 458 lx.
1978 440 2007 458 [ἢ

1816 464 1855 484 (ἰν.
1869 470 1890 490 p.
1907 467 1951 484 ⁴31¹1.

1819 559 1825 564 ’
1841 556 1880 576 Os.
1897 556 1913 576 l.
1929 559 1948 576 τ.
