2205 3177
951 137 1075 161 RERUM.

227 205 336 235 quoque
352 195 522 231 Augustinus
537 202 581 222 cos
595 194 690 222 recitat
706 193 734 220 in
751 192 871 227 genuino
884 191 986 227 Specu-

228 246 272 278 Io,
292 242 367 279 quod
384 250 434 269 nos
452 249 540 277 nuper
559 240 713 272 edidimus,
734 247 794 274 cap.
813 242 856 265 51.
876 238 987 264 Maximi

229 285 360 316 momenti
373 290 413 313 cst
424 285 508 313 codex
522 292 635 320 graecus
649 287 701 310 vat.
716 283 839 310 omnium
855 280 987 315 antiquis-

227 333 328 363 simus,
342 330 371 357 in
383 338 438 364 quo
453 330 518 356 item
531 329 670 363 leguntur.
691 326 745 354 Sed
757 327 835 362 plura
850 332 900 351 nos
917 323 987 350 dixi-

229 383 291 402 mus
311 375 339 402 10
355 374 420 402 adn.
440 375 511 401 Nam
531 373 623 400 divum
643 371 759 399 Paulum
778 371 828 397 hos
841 368 988 395 versiculos

227 420 258 446 in
267 419 359 454 aliquo
371 419 462 454 potius
472 417 571 453 legisse
583 416 703 452 pleniore
713 413 820 446 codice,
832 411 988 439 cuiusmodi

228 468 269 491 est
287 464 443 496 vaticanus,
463 470 546 497 quam
566 469 596 488 ex
615 460 695 487 variis
714 457 872 492 dissitisque
890 464 926 483 ss.
942 456 989 482 Bi-

228 507 348 534 bliorum
368 507 435 534 locis
454 506 586 541 carpsisse
605 509 631 531 et
649 501 830 533 coadunasse,
847 500 934 527 multo
948 500 989 527 fa-

229 551 331 578 cillime
351 550 518 578 credendum
539 552 580 576 est
598 556 624 583 p.
645 549 702 573 121.

177 595 279 623 Psalmi
297 596 358 622 XV.
377 594 542 621 versiculum
555 595 580 619 4.
601 590 720 626 Cyrillus
739 590 931 625 interrogative
950 589 989 616 Ie-

229 639 310 673 gebat
328 647 355 674 p.
371 641 430 666 124.
453 639 521 664 Item
541 644 564 662 v.
580 638 606 661 4.
621 642 661 669 ps.
676 635 778 660 xvlll.

177 682 278 709 Psalmi
299 683 393 709 XXX.
415 685 456 708 12.
478 680 557 707 lectio
576 680 629 714 παρ’
652 678 772 714 ἐχθροῖς,
791 685 848 705 1100
866 679 921 713 παρ’
943 679 991 713 ἐχ-

230 728 323 762 θρούς,
343 728 417 762 apud
434 726 567 762 Cyrillum
587 733 613 760 p.
636 728 695 751 142.
715 725 747 750 V.
769 724 834 751 adn.

178 773 278 800 Psalmi
292 774 349 799 XC.
366 770 515 798 versiculus
527 773 552 796 9.
570 774 596 796 01
609 777 684 803 seqq.
700 768 734 795 ab
746 768 872 801 Arianis,
890 771 917 794 et
930 768 992 802 qui—

228 816 292 844 dem
319 816 353 844 ab
378 814 495 842 Eusebio
521 813 703 846 caesariensi,
730 820 809 847 prave
834 811 992 839 intellectus

229 868 257 896 p.
274 863 334 887 262.
352 867 416 886 cum
435 858 529 885 adnot.
550 862 576 884 et
595 866 620 893 p.
642 860 703 884 265.
724 856 840 889 (Confer
858 855 992 891 Cyrillum

230 905 313 932 etiam
332 903 361 929 in
381 910 481 929 comm.
499 901 532 929 ad
551 903 619 928 Luc.
636 909 661 937 p.
682 904 740 927 119.
754 900 828 935 apud
844 901 923 930 nos.)

178 949 286 976 Psalmo
304 947 450 973 XXXVII.
471 949 497 973 8.
518 946 637 982 (1)·111105
655 945 762 981 legebat
781 946 856 980 ψυχή
876 946 992 977 anima,

229 999 277 1025 pro
297 991 364 1025 ψόαι
384 991 473 1017 lumbi
491 999 517 1025 p⁴
542 994 600 1018 175.
621 998 684 1017 0001
704 990 768 1018 adn.

177 1036 286 1062 Psalmo
300 1036 436 1062 XXXIX.
452 1039 476 1061 7.
493 1036 618 1070 sequitur
636 1036 783 1062 lectionem
800 1037 873 1069 σῶμα
891 1043 994 1069 corpus

229 1079 348 1114 cyrillus
367 1087 416 1114 pro
434 1078 486 1106 ὦτα
504 1088 605 1107 aurem
625 1088 650 1115 p.
671 1083 730 1106 184.
751 1081 786 1107 Et
803 1088 827 1107 v.
848 1084 873 1107 9.
895 1080 993 1110 κοιλίας

230 1126 337 1151 ventris
356 1132 404 1159 pro
424 1126 527 1160 καρδίας
546 1125 641 1151 cordis
661 1132 687 1158 p.
711 1127 770 1152 185.

178 1168 286 1195 Psalmo
305 1169 379 1195 XLI.
395 1172 420 1196 3.
440 1169 559 1205 Cyrillus
577 1168 685 1195 videtur
703 1168 801 1203 legisse
812 1166 922 1201 =sontem
945 1176 994 1203 pro

223 1212 334 1246 ,sertem
353 1221 379 1248 p.
402 1216 461 1240 189.

179 1256 352 1284 psalmorum
371 1258 434 1284 libri
452 1258 576 1293 quinque
594 1266 620 1292 p.
635 1261 678 1284 90.
699 1257 732 1283 Ν.
753 1261 781 1284 01
799 1265 825 1292 p.
845 1259 904 1284 189.

178 1301 351 1328 Psalmorum
374 1303 501 1329 omnium
522 1306 662 1329 auctorem
684 1308 741 1328 esse
761 1300 911 1333 Davidem,
930 1308 994 1328 sen-

232 1346 318 1372 tentia
338 1346 435 1373 melior
453 1346 554 1373 dIcitur
572 1354 598 1381 p.
619 1348 663 1372 89.
684 1346 717 1372 N.

179 1390 307 1416 Psalmus
327 1398 341 1416 3
361 1390 468 1417 cantico
487 1389 580 1417 differt
599 1398 624 1425 p.
641 1393 684 1416 89.
698 1390 732 1416 Ν.
748 1389 817 1415 Item
836 1391 897 1415 289.

180 1433 306 1460 Psalmus
325 1433 360 1460 ad
379 1434 548 1460 intellectum
567 1433 635 1468 quid
654 1433 690 1459 sit
708 1440 735 1467 p.
755 1435 814 1459 144.
835 1433 867 1458 V.
889 1431 953 1458 adn.

180 1477 289 1504 Puritas
308 1485 364 1504 non
383 1478 473 1511 operis
486 1481 593 1503 tantum
612 1475 660 1502 sed
679 1476 761 1502 etiam
781 1475 882 1503 mentis
901 1482 995 1503 neces-

231 1521 302 1548 saria
322 1529 348 1555 p.
365 1523 542 1546 38.68.132.
562 1523 696 1547 135.137.

179 1566 291 1600 Ψυχικός
311 1568 338 1590 et
357 1565 529 1598 πνευματικός
549 1563 687 1597 quomodo
706 1562 837 1589 differant
856 1571 881 1597 p.
898 1566 941 1590 36.

559 1630 583 1655 R

178 1695 268 1729 Reges
295 1697 416 1728 pastores
440 1693 639 1729 Aegyptiorum
665 1702 721 1721 000
748 1694 862 1722 fuerunt
886 1695 995 1723 hebraei

232 1746 257 1773 p.
278 1741 339 1764 272.

179 1783 354 1810 Resurrectio
373 1791 517 1818 corporum
533 1791 559 1818 p.
578 1786 619 1810 19.
634 1786 677 1810 20.
694 1787 738 1811 46.
752 1787 795 1811 00.
811 1787 854 1811 67.
876 1787 918 1811 85.
933 1786 994 1811 141.

233 1829 293 1853 223.
311 1827 371 1853 Hoc
389 1826 489 1861 dogma
508 1827 561 1854 late
578 1827 736 1854 defenditur
754 1835 781 1862 p.
795 1830 889 1854 47-54.

180 1871 355 1898 Resurrectio
373 1871 455 1898 etiam
476 1872 624 1906 impiorum
643 1873 695 1899 erit
714 1880 739 1907 p.
759 1875 802 1899 53.

180 1916 400 1942 Resurrectionis
409 1915 507 1943 modus
520 1916 631 1951 quinam
641 1916 753 1943 futurus
764 1917 800 1944 sit
809 1925 835 1952 p.
845 1920 888 1944 50.
898 1920 941 1944 51.
951 1920 995 1944 53.

182 1960 400 1987 Resurrectionis
420 1960 580 1995 mysterium
601 1962 700 1995 priscis
724 1961 807 1988 etiam
826 1962 929 1989 sanctis
947 1962 997 1989 mi-

234 2004 309 2031 nime
327 2005 453 2039 ignotum
473 2014 499 2040 p.
521 2009 564 2032 47.

181 2047 337 2082 Rhapsaces
362 2048 568 2084 Hierosoly-mus
591 2049 742 2083 oriundus,
762 2058 793 2077 30
816 2050 915 2078 deinde
933 2059 997 2086 apo-

233 2096 320 2125 stata,
340 2092 456 2127 ideoque
475 2093 586 2128 linguae
606 2095 708 2129 patriae
727 2096 832 2130 peritus
851 2104 876 2131 p.
897 2099 959 2123 225.

576 2161 594 2188 S

181 2224 313 2252 sacerdos
327 2226 374 2260 qui
388 2226 518 2261 indignos
536 2228 615 2255 altari
635 2228 773 2262 admovet,
789 2237 886 2257 manus
903 2238 996 2266 pecca-

234 2269 300 2296 toris
319 2274 359 2296 est
379 2278 404 2305 p.
427 2274 486 2298 162.

181 2313 341 2341 Sacerdotes
366 2314 484 2342 ministri
507 2317 737 2345 reconciliationis
761 2318 905 2346 hominum
932 2327 995 2347 cum

234 2360 291 2386 Deo
312 2367 337 2393 p.
352 2362 394 2385 65.
416 2359 457 2385 lbi
473 2359 592 2389 formula
610 2370 721 2397 precum
740 2363 769 2390 in
789 2363 879 2392 danda
899 2373 994 2393 recon-

234 2402 382 2430 ciliatione.

181 2446 318 2475 Sacrificia
339 2452 425 2474 vetera
448 2449 641 2477 conscientiam
663 2451 808 2481 hominnm
828 2462 883 2482 non
904 2457 995 2492 expia—

233 2491 302 2519 hant
321 2501 347 2527 p.
368 2496 410 2519 915Δ

179 2534 299 2562 Sadoleti
315 2537 468 2564 Cardinalis
486 2543 642 2573 excerptum
661 2547 692 2566 ex
711 2540 768 2568 eius
785 2544 918 2577 opusculo
937 2545 994 2573 ine—

232 2578 290 2606 11110
309 2580 342 2607 de
362 2587 472 2615 peccato
491 2583 619 2617 originali
639 2592 664 2618 p.
685 2588 745 2612 221.
766 2589 827 2613 222.

178 2623 332 2651 Saecularia
352 2625 434 2652 iudici
447 2637 467 2658 x,
480 2628 536 2653 sive
550 2626 583 2654 de
598 2628 678 2655 rebus
691 2631 891 2666 saecularibus,
904 2634 993 2661 vitan-

232 2667 266 2694 da
286 2668 314 2694 in
335 2670 446 2697 ecclesia
470 2680 495 2705 p.
514 2675 556 2698 38.

180 2710 335 2739 Salomonis
354 2714 395 2740 in:
405 2723 479 2740 00115
498 2715 526 2741 10
546 2716 633 2742 Deum
653 2717 762 2745 animus
781 2727 808 2753 p.
827 2722 886 2747 277.

179 2756 307 2790 Sapiens,
329 2756 354 2783 id
375 2766 411 2783 0»-
437 2760 527 2786 :lictor
545 2768 592 2787 seu
611 2761 733 2796 sophista
752 2771 780 2798 p.
801 2767 843 2791 34.

180 2799 335 2834 Sapientiae
356 2802 360 2827 1
376 2801 421 2829 b
443 2807 542 2830 xitatur
560 2812 575 2830 a
594 2805 695 2840 (lyrillo
713 2814 740 2841 p.
754 2810 797 2836 62.
814 2811 872 2837 117.
898 2814 955 2842 139.

1776 128 1846 162 295

1040 191 1195 228 Sapientiae
1219 192 1376 220 mundanae
1397 193 1560 228 vituperatio
1579 200 1606 228 p.
1628 195 1687 220 113.
1709 195 1769 220 119.
1791 196 1850 221 135.

1093 240 1154 264 234.

1041 281 1178 317 Sapientia
1198 286 1224 308 et
1241 282 1354 309 scientia
1374 281 1404 309 in
1422 289 1477 316 quo
1494 281 1625 309 differant
1646 289 1671 316 p.
1685 285 1729 308 43.
1751 283 1853 313 (Aliter

1093 327 1121 353 S.
1137 327 1308 361 Augustinus
1326 326 1361 353 de
1379 326 1477 354 divers.
1497 330 1603 362 quaest.
1617 326 1665 353 lib.
1685 327 1720 352 II.
1735 325 1777 353 ed.
1796 330 1853 353 An-

1093 374 1182 404 tuerp.
1197 371 1229 397 T.
1244 371 1290 397 VI.
1304 370 1357 397 col.
1371 373 1420 403 83,
1434 370 1481 406 qui
1497 374 1589 397 tamen
1603 370 1671 397 alios
1683 378 1781 398 sensns
1800 378 1856 397 11011

1094 415 1253 441 contemnit.
1265 417 1273 447 )

1041 458 1180 493 Sapientia
1192 459 1221 485 in
1235 458 1392 486 hominibus
1405 462 1446 486 est
1458 458 1657 487 insubstantiva
1666 480 1673 492 ,
1685 459 1715 486 in
1730 460 1787 486 Deo
1800 466 1856 487 non

1094 503 1159 529 item
1179 511 1204 538 p.
1222 507 1281 530 147.

1043 545 1171 573 Satanan]
1192 547 1407 584 daemonesque,
1427 553 1455 576 et
1473 549 1595 583 ipsorum
1618 548 1748 576 adversus
1767 549 1855 576 homi-

1096 598 1144 617 nes
1164 592 1296 619 maleficia
1309 593 1466 628 saepissime
1478 593 1597 630 cyrillus
1611 597 1758 626 memorat,
1772 597 1804 621 ut
1820 594 1857 621 Ie-

1096 635 1223 669 gentibus
1242 635 1410 670 exploratum
1433 638 1487 664 liet.

1043 680 1157 706 Satanas
1175 688 1224 707 cur
1242 679 1330 707 dictus
1350 680 1431 708 huius
1451 681 1548 708 mundi
1566 683 1641 708 Deus
1660 689 1686 716 p.
1707 684 1750 708 60.
1772 684 1816 708 01.

1045 724 1226 758 Scenopegiae
1244 723 1343 751 festum
1359 725 1442 752 totius
1457 725 1544 760 gentis
1564 725 1597 752 ad
1616 725 1713 752 urbem
1730 726 1857 753 Hierusa-

1098 768 1151 794 lem
1171 776 1308 795 concursu
1325 768 1408 796 fiebat
1427 777 1454 804 p.
1474 773 1518 797 86.

1045 812 1202 847 Scripturae
1221 820 1313 839 sacrae
1330 820 1428 841 arcana
1444 815 1518 842 Deus
1535 818 1693 841 sanctorum
1713 814 1859 842 animabus

1098 857 1197 883 revelat
1216 865 1242 891 p.
1264 860 1307 884 36.

1045 900 1199 935 scripturae
1218 909 1310 928 sacrae
1332 901 1500 936 comparatio
1522 910 1585 929 cum
1608 902 1737 930 humanis
1759 904 1859 931 litteris

1098 953 1123 980 p.
1146 949 1188 972 37.

1046 990 1151 1023 Semel,
1162 991 1233 1023 ἅπαξ
1245 1011 1250 1022 ,
1264 990 1414 1026 aliquando
1428 992 1614 1027 profirmiter
1624 1000 1650 1027 p.
1663 995 1724 1020 231.
1738 993 1783 1020 Sic
1796 993 1859 1020 Itali

1099 1033 1195 1061 dicunt
1214 1043 1270 1061 wia
1291 1034 1368 1062 volta
1382 1043 1438 1070 per
1455 1044 1576 1070 sempre.

1045 1078 1224 1113 Septuaginta
1235 1079 1397 1114 interpretes
1408 1087 1465 1106 1100
1475 1079 1564 1115 legem
1574 1080 1662 1107 solum
1674 1088 1767 1108 verum
1777 1081 1859 1108 etiam

1099 1123 1220 1157 psalmos
1239 1123 1440 1151 transtulerunt
1458 1132 1485 1160 p.
1499 1128 1542 1151 87.

1045 1167 1140 1194 Sermo
1159 1167 1308 1196 defectivus
1327 1168 1356 1195 in
1375 1168 1461 1196 Paulo
1480 1169 1604 1204 apostolo
1623 1177 1649 1204 p.
1672 1172 1712 1196 18.
1734 1173 1778 1196 24.

1046 1211 1136 1239 Sessio
1155 1211 1257 1239 dicitur
1275 1212 1309 1239 de
1325 1212 1433 1240 Christo
1451 1220 1501 1248 pro
1520 1217 1652 1248 potestate
1672 1222 1702 1241 30
1722 1215 1862 1242 maiestate

1100 1263 1125 1290 p.
1148 1259 1208 1282 107.

1046 1300 1136 1327 Severi
1156 1300 1311 1328 antiocheni
1330 1301 1468 1329 variorum
1487 1302 1651 1337 scriptorum
1672 1302 1813 1337 catalogus
1831 1310 1861 1329 ex

1100 1343 1193 1371 codice
1212 1349 1307 1372 veneto
1326 1353 1352 1380 p.
1367 1353 1407 1380 gr.
1421 1348 1482 1372 447.
1498 1348 1564 1379 448,
1585 1346 1632 1373 lat.
1648 1354 1673 1381 p.
1690 1349 1751 1373 280.

1047 1388 1161 1414 Severus
1180 1388 1363 1417 antiochenus
1382 1390 1449 1417 citat
1465 1390 1600 1426 cyrillum
1619 1398 1646 1425 p.
1667 1398 1707 1425 gr.
1728 1393 1793 1424 103,
1813 1390 1860 1417 lat.

1101 1438 1126 1465 p.
1143 1433 1185 1458 63.
1202 1434 1245 1458 64.
1262 1434 1305 1458 67.

1048 1474 1133 1501 Silere
1152 1482 1166 1501 a
1185 1474 1266 1502 bonis
1285 1476 1460 1507 (XXXVIII.
1476 1479 1520 1510 3.)
1539 1477 1744 1512 euphemismus
1759 1485 1807 1512 pro
1825 1477 1863 1505 si-

1101 1518 1156 1545 lere
1175 1527 1189 1545 a
1211 1519 1292 1547 malis
1310 1528 1337 1555 p.
1360 1523 1420 1548 178.

1048 1562 1129 1595 Sion,
1149 1564 1275 1598 specula,
1291 1572 1335 1592 res
1353 1572 1472 1600 superna
1491 1569 1519 1593 et
1537 1566 1661 1594 caelestis
1679 1575 1706 1602 p.
1725 1570 1784 1595 109.
1800 1570 1861 1594 210.

1100 1610 1161 1633 261.

1050 1653 1165 1687 Σωτηρία
1185 1653 1265 1680 lectio
1285 1661 1334 1688 pro
1353 1654 1454 1685 ἔπαινος
1475 1662 1502 1690 p.
1516 1657 1577 1682 212.

1048 1696 1115 1731 Spes
1126 1697 1359 1733 Christianorum,
1372 1699 1497 1726 caelestis
1508 1699 1602 1726 civitas
1614 1707 1641 1734 p.
1650 1702 1711 1727 261.
1726 1699 1773 1732 (Id
1785 1706 1864 1735 saepe

1101 1741 1223 1768 inculcat
1240 1742 1323 1769 etiam
1342 1743 1369 1770 S.
1390 1743 1591 1779 Augustinus.)

1048 1784 1166 1819 Spiritus
1186 1786 1297 1821 ponitur
1320 1787 1459 1815 interdum
1480 1795 1529 1822 pro
1551 1788 1733 1823 cogitatione,
1753 1787 1862 1821 anima,

1101 1831 1269 1858 conscientia
1288 1838 1315 1866 p.
1337 1834 1397 1858 142.

1048 1873 1166 1908 Spiritus
1185 1876 1274 1902 sancti
1292 1875 1421 1903 divinitas
1440 1883 1467 1911 p.
1483 1878 1526 1903 43.
1546 1879 1590 1903 45.
1605 1879 1648 1904 57.
1671 1884 1734 1904 cum
1753 1876 1817 1904 adu.
1837 1881 1865 1904 et

1102 1926 1128 1953 p.
1146 1922 1189 1946 eo.
1204 1922 1263 1947 126.
1277 1922 1339 1947 264.

1049 1962 1166 1997 Spiritus
1185 1964 1272 1991 sancti
1292 1964 1428 1999 processio
1442 1964 1524 1992 etiam
1544 1972 1558 1991 a
1577 1964 1648 1991 Filio
1663 1972 1688 1999 p.
1703 1972 1743 1999 gr.
1758 1967 1820 1992 324.
1834 1965 1863 1992 in

1101 2007 1165 2035 adn.
1175 2029 1183 2041 ,
1203 2013 1230 2035 et
1248 2009 1297 2036 lat.
1311 2017 1338 2044 p.
1352 2012 1396 2036 57.
1409 2012 1471 2037 203.
1484 2012 1546 2036 267.

1048 2052 1167 2086 Spiritus
1184 2053 1272 2080 sancti
1291 2053 1387 2081 relatio
1404 2054 1512 2081 interna
1531 2053 1566 2081 ad
1585 2054 1686 2081 Filium
1707 2062 1733 2089 p.
1748 2057 1791 2081 19.

1048 2096 1217 2132 Stephanus,
1228 2105 1396 2134 quamquam
1408 2098 1532 2126 minister
1541 2106 1699 2126 mensarum
1709 2119 1715 2132 ‚
1725 2099 1807 2126 etiam
1817 2098 1863 2126 ba—

1101 2142 1222 2176 ptizabat
1240 2150 1266 2177 p.
1284 2145 1327 2170 34.

1012 2181 1015 2184 ’
1048 2185 1207 2213 Substantia
1221 2195 1269 2222 pro
1281 2188 1468 2223 expectatione
1480 2196 1506 2224 p.
1520 2191 1579 2216 180.
1594 2189 1667 2216 Hinc
1678 2188 1863 2223 Paulusficles

1100 2233 1278 2265 sperantium
1290 2232 1465 2266 substantia,
1480 2233 1513 2260 de
1524 2241 1579 2268 quo
1593 2237 1667 2261 textu
1679 2241 1729 2260 nos
1743 2232 1862 2260 diximus

1101 2275 1128 2301 in
1141 2275 1367 2305 adnotationibus
1378 2277 1414 2305 ad
1426 2277 1610 2312 Nicephorum
1623 2282 1692 2313 part.
1704 2278 1750 2305 lat.
1762 2286 1788 2312 p.
1799 2280 1860 2305 258.

1048 2320 1280 2355 Superstitionum
1300 2321 1432 2357 reliquiae
1450 2322 1522 2349 inter
1539 2323 1710 2350 Christianos
1724 2331 1750 2358 p.
1764 2326 1826 2350 240.

1048 2364 1204 2399 Symmachi
1217 2374 1312 2400 graeca
1324 2366 1407 2394 editio
1417 2367 1566 2394 bibliorum
1579 2367 1678 2395 citatur
1691 2376 1717 2403 p.
1730 2371 1789 2394 120.
1801 2371 1858 2395 130.

1102 2412 1162 2435 180.
1182 2412 1239 2436 190.
1256 2413 1315 2437 195.
1333 2413 1392 2438 196.
1410 2413 1470 2438 204.
1490 2414 1551 2438 212.
1570 2414 1632 2438 214.
1648 2415 1709 2439 235.
1723 2415 1784 2440 238.
1798 2415 1859 2440 246.

1100 2456 1161 2480 248.

1049 2497 1143 2550 miv-gi
1167 2503 1267 2530 lectum
1287 2511 1302 2530 a
1320 2503 1423 2540 Cyrillo
1443 2510 1492 2538 pro
1510 2493 1620 2551 3572ssss
1644 2513 1671 2541 p.
1686 2508 1746 2532 240.
1761 2501 1824 2528 adn-

1444 2581 1467 2607 Τ

1048 2636 1230 2665 'I'abernaculi
1249 2640 1346 2667 veteris
1365 2639 1512 2676 descriptio
1530 2650 1556 2677 p.
1574 2646 1617 2669 77.

1047 2681 1182 2716 Tempora
1202 2683 1345 2711 verborum
1362 2690 1554 2720 permutantur
1571 2687 1601 2713 in
1614 2695 1649 2714 ss.
1665 2687 1756 2716 bibliis
1775 2697 1800 2724 p.
1816 2693 1857 2717 97.

1099 2730 1126 2753 et
1145 2727 1219 2754 alibi.

1047 2771 1153 2807 Τὲςψεις
1173 2772 1389 2808 delectationes,
1409 2783 1465 2803 non
1484 2776 1596 2804 verbum
1616 2778 1718 2815 τέρψεις
1737 2778 1859 2806 delecta-

1101 2816 1156 2851 bis,
1176 2817 1284 2852 legebat
1302 2819 1421 2855 Cyrillus
1440 2828 1466 2857 p.
1481 2824 1541 2849 235.
