2205 3177
254 613 307 630 (Iu.
325 610 381 630 MV.
400 613 429 629 tv.

357 1767 377 1781 x.
396 1765 425 1783 iu.

301 1790 338 1808 nr.
352 1794 375 1814 μ.
390 1791 423 1809 τυ.

270 2052 323 2072 L‘w.
339 2051 387 2072 XV.
405 2054 420 2072 1v

269 2626 275 2632 ·
293 2624 341 2644 hal.
358 2625 373 2645 1.
393 2628 422 2645 12.

476 241 515 274 ἰθ
975 249 1002 271 S.
1031 249 1158 272 CYRtLLI
1185 235 1406 272 AuixANtmm1
1433 250 1639 273 EXPLANATIO

470 326 528 348 nes
554 313 678 358 linguis
701 312 808 357 loqui.
839 311 902 345 Sed
933 319 1046 347 tamen
1066 313 1268 348 moderatur
1295 315 1428 352 statim,
1450 320 1488 347 ut
1515 320 1625 359 patet,
1646 315 1696 348 rei
1722 314 1822 349 huius
1848 315 2018 354 studium.
2041 322 2142 361 atque

469 371 510 405 ad
538 370 682 403 meliora
710 370 978 414 transgreditur.
1005 371 1085 405 ilico
1112 370 1316 405 subiiciens:
1345 372 1452 417 magis
1480 378 1592 405 tamen
1621 373 1841 418 prophetare.
1870 373 2003 414 Quibus
2025 374 2140 408 verbis

469 429 733 474 prophetantem
752 429 925 473 potiorem
945 440 1017 462 esse
1037 429 1162 474 linguis
1186 428 1369 475 loquente,
1390 429 1664 464 manifestissime
1681 429 1763 463 dicit
1784 430 1842 475 (l).
1864 432 2078 477 Quamquam
2097 443 2140 465 ne

468 486 557 519 hunc
576 485 717 530 quidem
737 485 838 530 plane
857 481 1015 520 inutilem
1036 486 1254 520 audientibus
1271 499 1344 520 esse
1362 487 1512 521 ostendit
1531 486 1664 520 dicens:
1687 488 1750 520 nisi
1770 487 1858 521 forte
1877 488 2138 534 interpretetur,

469 543 503 576 id
529 549 576 576 est
604 543 667 576 nisi
693 554 904 588 quemquam
931 544 1103 578 assiduum
1130 556 1245 578 secum
1271 543 1414 583 habeat..
1435 545 1494 589 qui
1522 545 1660 577 initiatis
1688 545 1943 590 interpretetur.

1050 610 1089 633 E!
1108 610 1189 633 nim}
1208 611 1319 632 horum
1335 611 1402 632 sine
1419 617 1487 632 voce.
1503 612 1558 632 ent.

566 660 656 693 Voce
682 670 801 693 carens
827 659 910 693 dicit
936 661 1079 693 omnino
1106 659 1188 693 nihil
1216 671 1288 693 esse
1311 661 1344 693 in
1371 659 1474 693 rebus
1493 658 1773 698 rationabilibus,
1802 659 1835 693 id
1855 666 1905 693 est
1928 660 2138 696 hominibus.

466 717 530 751 Sed
558 723 672 751 tamen
699 718 725 751 si
745 718 821 762 quis
842 716 929 751 sorte
950 718 1087 761 linguae.
1106 717 1324 762 singulorum
1342 718 1413 751 vim
1437 729 1506 751 non
1527 718 1661 751 nox‘erit
1674 743 1681 753 ,
1703 728 1814 762 neque
1835 718 1984 751 vicissim
2006 718 2063 751 alii
2082 718 2141 751 lin-

465 786 568 818 =uuam
594 775 666 808 eius
691 774 905 819 intelligant.
928 775 1074 807 invicem
1101 781 1201 808 erunt
1229 772 1388 812 barbari,
1409 786 1618 820 quamquam
1644 780 1735 808 reete
1763 775 1997 819 unusquisque
2025 775 2142 820 lingua

466 833 605 878 propria
633 833 806 877 loquatur.
836 826 991 865 Necesse
1006 838 1056 864 est
1082 832 1204 876 igitur.
1227 839 1261 865 ut
1281 833 1340 877 qui
1361 832 1446 865 alios
1470 832 1595 865 docere
1620 833 1760 871 volunt,
1781 838 1983 866 consuetum
2002 831 2142 866 audien-

467 889 558 922 tibus
583 889 761 922 effundere
790 889 920 933 possint
948 899 1157 922 sermonem.

972 953 1128 980 Quoniam
1144 953 1351 976 aemulatores
1367 954 1441 976 estis
1456 953 1636 979 spirituum.

561 1005 726 1049 Spiritum
753 1003 818 1036 hoc
847 1002 947 1039 loco,
977 1003 1092 1036 datam
1121 1014 1183 1048 per
1212 1003 1375 1048 Spiritum
1404 1002 1488 1036 dicit
1515 1003 1678 1047 gratiam,
1706 1003 1742 1036 id
1771 1009 1820 1037 est
1846 1003 2011 1048 loquendi
2038 1004 2141 1038 variis

465 1062 588 1107 linguis
608 1061 819 1095 facultatem.
849 1062 880 1093 Si
901 1072 1004 1105 ergo,
1027 1061 1154 1106 inquit,
1176 1071 1296 1106 preces
1315 1061 1350 1093 in
1375 1059 1518 1094 ecclesia
1536 1061 1663 1105 Spiritu
1689 1060 1867 1099 obtulero,
1889 1061 1924 1094 id
1950 1067 2000 1095 est
2025 1060 2141 1106 lingua

463 1125 561 1152 utens
581 1131 598 1152 a
618 1119 745 1164 Spiritu
767 1119 1036 1156 communicata,
1065 1118 1172 1151 sterili
1193 1124 1308 1152 mente
1332 1129 1411 1151 ero:
1439 1123 1577 1163 oportet
1596 1118 1740 1151 enimin
1765 1118 1925 1163 precibus
1950 1119 2066 1152 animo
2087 1117 2141 1152 ad-

463 1176 621 1211 tendere.
651 1182 684 1209 et
711 1187 799 1221 quae
818 1176 918 1209 saluti
940 1175 1123 1209 conserunt
1141 1187 1158 1209 a
1176 1177 1248 1209 Deo
1275 1175 1467 1221 postulare,
1495 1186 1565 1208 non
1590 1181 1702 1208 autem
1730 1175 1845 1219 lingua
1863 1181 1971 1209 semet
1996 1176 2138 1214 iactare,

462 1240 564 1278 atque
590 1234 624 1266 in
653 1232 819 1278 loquendi
845 1233 955 1277 gloria
984 1234 1219 1278 acquiescere:
1248 1232 1377 1277 alioqui
1404 1243 1502 1265 mens
1527 1233 1637 1265 inanis
1662 1233 1745 1270 erit,
1774 1231 1906 1265 nullam
1928 1243 1974 1270 ex
2000 1232 2063 1266 hac.
2088 1244 2142 1266 se-

463 1291 608 1325 dulitate
637 1291 822 1325 utilitatem
848 1291 1055 1336 percipiens.

1033 1355 1138 1378 (Ji-ubo
1153 1356 1284 1383 spiritu,
1301 1356 1396 1378 orabo
1413 1357 1443 1378 et
1459 1357 1571 1378 mente.

558 1407 719 1452 Oportet,
748 1407 875 1452 inquit,
905 1408 931 1439 si
958 1406 1060 1440 liuius
1086 1406 1175 1439 forte
1200 1406 1250 1439 rei
1275 1405 1391 1439 studio
1417 1411 1554 1443 tenear,
1583 1411 1616 1439 et
1639 1405 1756 1450 lingua
1784 1417 1845 1451 per
1872 1406 2037 1451 Spiritum
2061 1405 2139 1440 data

460 1465 509 1498 uti
534 1464 656 1503 velim,
685 1465 768 1498 dare
789 1472 932 1510 operam
949 1464 1136 1510 quominus
1154 1463 1367 1497 infructuosa
1387 1469 1502 1497 mente
1522 1464 1604 1500 sim,
1632 1464 1740 1497 immo
1765 1464 1880 1509 potius
1899 1474 2013 1497 meam
2034 1463 2140 1497 veluti

460 1533 596 1555 mecum
615 1528 767 1556 mentem
786 1522 971 1567 colligere,
1000 1522 1045 1555 ita
1070 1527 1105 1555 ut
1126 1522 1153 1554 si
1177 1521 1294 1566 lingua
1316 1520 1476 1566 psallam,
1504 1520 1612 1554 nihilo
1637 1526 1750 1554 tamen
1776 1521 1890 1554 minus
1914 1527 2029 1555 mente
2049 1520 2142 1566 psal-

462 1580 545 1617 lam,
568 1579 602 1613 id
622 1586 671 1613 est
692 1586 848 1613 accurate
868 1579 1059 1624 intelligam
1077 1578 1291 1624 psalmodiae
1309 1579 1400 1616 vim,
1422 1589 1533 1622 neque
1553 1577 1755 1624 prophetiae
1773 1576 1878 1612 verba
1899 1577 2027 1624 absque
2045 1589 2141 1612 scru-

461 1637 588 1671 tatione
607 1648 679 1671 esse
698 1639 819 1670 sinam.
848 1636 969 1670 Melius
988 1642 1038 1669 est
1058 1637 1161 1681 igitur
1181 1635 1410 1681 prophetare,
1431 1634 1466 1668 id
1486 1640 1533 1668 est
1554 1635 1773 1680 interpretari
1794 1634 1927 1669 divinas
1944 1635 1980 1669 in
1997 1634 2140 1669 ecclesia

465 1695 612 1733 litteras,
633 1706 739 1740 quam
765 1694 961 1739 linguarum
987 1693 1189 1739 simpliciter
1213 1705 1277 1726 usu
1303 1692 1479 1726 delectari.

601 1760 745 1783 Ceterum
762 1760 789 1781 si
807 1759 1001 1782 benedixeris
1017 1759 1149 1786 spiritu,
1164 1758 1219 1785 qui
1235 1757 1359 1785 supplet
1376 1757 1476 1780 locum
1493 1757 1624 1785 idiotae,
1639 1758 1788 1784 quomodo
1804 1757 1885 1780 «iicet
1902 1759 2010 1781 amen?

558 1810 643 1843 Cum
663 1815 716 1847 tu,
739 1809 866 1853 inquit,
887 1808 1004 1853 lingua
1022 1807 1175 1853 loqueris
1188 1834 1195 1845 ‚
1216 1806 1276 1840 ille
1294 1807 1353 1852 qui
1380 1806 1490 1840 laicali
1509 1805 1709 1840 conditione
1728 1812 1795 1844 est,
1817 1807 1844 1840 si
1867 1813 1961 1840 tuam
1985 1806 2140 1852 linguam

462 1878 530 1900 non
551 1868 705 1905 noverit,
727 1866 907 1911 quomodo
926 1864 1151 1911 respondebit
1176 1876 1277 1898 amen
1301 1865 1336 1897 in
1362 1864 1430 1898 suis
1449 1864 1636 1909 gratiarum
1655 1862 1847 1898 actionibus
1865 1865 1936 1898 sive
1954 1863 2139 1910 precibus?

463 1936 586 1969 nempe
604 1931 643 1958 ut
659 1924 755 1969 quod
775 1923 993 1958 sacerdotum
1013 1923 1190 1968 liturgicae
1210 1923 1302 1968 preci
1321 1922 1458 1956 videtur
1475 1921 1611 1960 deesse,
1629 1921 1797 1955 laieorum
1816 1922 1985 1956 cantilena
2001 1922 2140 1968 implea-

462 1988 517 2015 tur
537 1982 604 2027 (2),
626 1988 726 2027 atque
753 1983 797 2015 ita
827 1988 945 2014 tenues
972 1992 1051 2014 cum
1076 1981 1208 2025 magnis
1232 1986 1407 2025 tamquam
1429 1980 1463 2012 in
1490 1979 1636 2025 Spiritus
1659 1980 1789 2013 unitate
1812 1980 1904 2013 Deus
1929 1981 2087 2026 excipiat.

693 2047 807 2070 Notum
822 2049 927 2069 autem
944 2047 1029 2069 vobis
1047 2046 1142 2073 facio,
1158 2046 1290 2072 fratres,
1305 2044 1501 2074 evangelium
1517 2044 1598 2072 quod
1615 2045 1792 2074 praedicavi
1811 2045 1905 2068 vohis.

557 2099 761 2143 Opportune
787 2096 977 2130 admodum
1005 2108 1042 2131 ac
1069 2097 1239 2142 sapienter
1266 2094 1482 2140 evangelium
1511 2094 1680 2140 appellat,
1708 2094 1752 2128 de
1779 2101 2000 2129 mortuorum
2025 2106 2136 2129 resur-

461 2156 611 2190 rectione
637 2154 949 2200 praedicationem,
970 2165 1033 2187 nec
1059 2165 1130 2187 non
1155 2153 1198 2186 de
1226 2154 1301 2198 ipso
1320 2153 1475 2186 Christo:
1496 2158 1544 2186 est
1564 2153 1657 2186 enim
1681 2152 1735 2186 hic
1761 2164 1880 2198 reapse
1905 2152 1987 2187 boni
2013 2154 2138 2187 ominis

460 2214 604 2247 nuncius
630 2213 669 2245 iis
693 2212 752 2256 qui
780 2210 886 2245 sidem
916 2217 1131 2256 receperunt.
1164 2212 1201 2244 [η’
1229 2210 1352 2244 eodem
1378 2216 1493 2243 autem
1526 2210 1619 2255 ipsos
1645 2210 1719 2242 vult
1748 2210 1945 2255 praedicato
1975 2210 2137 2256 dogmate

459 2276 612 2316 perstare
637 2275 671 2302 et
697 2269 838 2302 salvari:
862 2275 950 2301 stare
977 2269 1086 2307 enim,
1110 2268 1307 2301 firmitatem
1331 2267 1402 2312 spei
1427 2266 1612 2312 significat,
1635 2272 1668 2300 et
1686 2267 1787 2312 quod
1801 2268 1836 2301 in
1861 2268 2036 2313 praeclara
2059 2279 2138 2302 sen-

460 2328 563 2362 tentia
588 2326 765 2360 credentes
784 2331 982 2359 versentur:
1011 2325 1134 2359 salvari
1157 2331 1289 2363 autem,
1317 2325 1458 2358 denotat
1480 2330 1514 2357 ut
1535 2325 1602 2358 sint
1627 2325 1753 2370 peccati
1780 2325 1948 2364 victores,
1975 2331 2079 2370 atque
2098 2331 2136 2360 ut

460 2391 554 2418 extra
581 2385 701 2417 mortis
727 2383 869 2428 laqueos
895 2382 1068 2416 incedant.

895 2448 1026 2471 Tradidi
1044 2449 1127 2471 enim
1144 2449 1227 2470 vobis
1243 2448 1277 2470 in
1294 2448 1418 2476 primis,
1434 2448 1515 2476 quod
1532 2449 1564 2471 et
1579 2448 1696 2475 accepi.

553 2498 746 2533 Tradidisse
765 2499 809 2532 ait
830 2498 916 2536 iltis,
945 2509 1015 2532 non
1034 2498 1195 2543 quicquid
1216 2498 1358 2531 fortuito
1383 2504 1413 2531 et
1435 2498 1647 2544 inexplorate
1666 2499 1700 2531 in
1723 2504 1873 2532 mentem
1899 2499 2047 2537 venerit,
2075 2498 2135 2532 sed

458 2558 552 2603 quod
579 2564 755 2604 acceperat
779 2557 1012 2603 evangelium,
1041 2558 1196 2590 notitiam
1219 2556 1282 2590 sibi
1306 2556 1462 2591 tradente
1480 2558 1557 2603 ipso
1571 2558 1631 2602 qui
1656 2569 1722 2602 pro
1739 2556 1839 2591 nobis
1858 2558 2052 2592 incarnatus
2069 2563 2131 2591 est.

462 2617 547 2650 Dicit
574 2617 665 2650 enim
688 2616 780 2650 idem
803 2614 884 2649 alibi
907 2614 950 2649 de
976 2615 1154 2660 evangelio
1177 2616 1207 2647 ':
1232 2629 1246 2645 «
1272 2626 1381 2659 neque
1407 2615 1499 2648 enim
1525 2626 1589 2661 ego
1611 2614 1699 2649 illud
1718 2614 1761 2648 ab
1780 2615 1920 2649 homine
1943 2614 2056 2660 accepi
2079 2613 2133 2647 vel

560 2742 593 2768 (t)
613 2738 778 2773 Quotidiano
796 2739 878 2765 etiam
898 2746 950 2765 usu
968 2737 1136 2773 experimur,
1155 2737 1279 2764 utiliores
1298 2745 1355 2764 esse
1375 2738 1421 2772 qui
1443 2737 1592 2772 scripturas
1609 2745 1700 2765 sacras
1716 2738 1790 2765 iuxta
1810 2742 1917 2772 patrum
1936 2740 2056 2763 veterum
2078 2737 2135 2772 pio·

463 2789 576 2816 rumque
596 2782 739 2809 hominum
759 2783 923 2809 sententiam
939 2783 1167 2817 interpretantur,
1183 2789 1264 2815 quain
1279 2782 1325 2816 qui
1346 2782 1426 2807 variis
1440 2786 1547 2808 tantum
1562 2782 1666 2816 linguis
1682 2782 1823 2815 instructi,
1838 2785 1870 2808 ut
1884 2780 2037 2807 heterodoxi
2052 2781 2133 2808 multi

463 2825 515 2850 iam
538 2826 639 2855 solent,
659 2827 869 2853 rouunentarios
892 2826 1017 2853 scribunt
1037 2825 1131 2852 doctos
1150 2825 1275 2860 quidem,
1296 2825 1342 2851 sed
1364 2833 1445 2860 prope
1467 2826 1698 2859 grammaticales,
1719 2825 1849 2860 neglectis
1868 2825 1990 2860 mysticis
2008 2825 2134 2852 sensibus

462 2868 502 2894 vel
521 2869 683 2902 propheticis
702 2874 728 2896 et
748 2878 826 2904 saepe
845 2871 926 2897 etiam
949 2870 1115 2901 moralibus3
1136 2869 1172 2896 ita
1192 2873 1223 2895 ut
1241 2869 1311 2895 nihil
1335 2869 1455 2904 ineptius
1476 2868 1509 2896 ad
1531 2868 1748 2896 aedificationem
1769 2870 1875 2896 animae
1894 2869 1944 2896 liae
1963 2869 2067 2904 exegesi
2086 2869 2131 2896 sit.

561 2916 595 2944 «2,
616 2914 656 2939 En
678 2914 752 2940 chori
774 2914 915 2941 christiani
938 2913 1180 2946 consuetudinem,
1201 2912 1234 2940 de
1251 2921 1303 2948 qua
1326 2913 1496 2948 Augustinus
1515 2912 1631 2940 confess.
1652 2913 1700 2940 lib.
1722 2914 1771 2940 lx.
1793 2916 1817 2939 7.
