2205 3177
589 203 622 226 IN
648 203 830 226 EPISTOLAM
855 202 898 224 AD
924 201 1075 224 ROMANOS
1103 203 1174 225 CAP.
1204 202 1342 224 vlu-lx.
1767 190 1812 224 23

345 279 522 304 Veritatem
538 281 607 304 «lieo
624 281 657 303 in
675 280 815 307 Christo,
831 285 892 301 non
910 279 1061 305 mentior,
1077 280 1291 302 testimonium
1308 278 1388 302 mihi
1404 277 1589 305 perhibente

328 322 331 324 “
826 322 1015 345 conscientia
1032 329 1110 345 mea.

223 384 315 417 Deus
341 382 527 417 Israhelem
555 382 599 417 ab
624 383 723 416 initio
748 380 812 414 sihi
840 379 987 425 delegit,
1016 381 1099 425 quin
1125 386 1158 413 et
1192 381 1465 426 primogenitum
1491 380 1591 414 illum
1620 380 1818 426 appellavit.

128 442 257 476 Verum
274 440 505 485 (Israhelitae)
520 453 555 475 ev
565 446 701 475 aserunt
719 437 878 484 superbi,
896 437 1156 476 contumeliosi,
1178 444 1209 471 et
1229 437 1325 483 quod
1344 438 1396 471 bis
1414 439 1511 484 peius
1530 444 1597 477 est,
1619 439 1750 471 domini
1769 440 1820 472 sui

128 497 336 532 homicidae.
366 498 500 532 Idcirco
530 499 723 544 perierunt,
752 494 922 541 repudiati
949 495 1041 528 enim
1064 500 1145 528 sunt
1170 500 1203 528 et
1230 494 1374 533 abiecti,
1403 501 1434 528 et
1462 506 1480 528 a
1505 495 1566 528 Dei
1591 495 1820 529 familiaritate

128 568 272 602 prorsus
292 556 440 594 exclusi,
469 561 502 589 et
522 556 604 601 ipsis
630 553 774 588 ethnicis
796 551 984 598 posthabiti
1003 558 1101 591 sunt,
1131 558 1232 597 atque
1260 563 1278 585 a
1306 558 1491 597 parentum
1519 564 1578 598 spe
1604 552 1817 587 exciderunt.

127 615 177 649 Ex
202 626 273 660 quo
299 621 415 649 autem
439 614 559 649 beatus
582 612 707 646 Paulus
732 611 932 645 divinorum
957 611 1217 657 evangeliorum
1243 611 1352 645 factus
1376 617 1427 645 est
1451 612 1626 650 minister,
1654 618 1689 646 et
1708 613 1821 646 Iesum

129 672 289 718 gentibus
314 673 513 719 praedicare
531 671 661 716 coepit,
683 675 781 703 natos
807 669 850 702 de
878 669 1036 703 Israhelis
1055 680 1181 715 genere
1207 680 1225 703 a
1250 670 1358 714 gratia
1380 668 1544 703 excidisse
1562 669 1677 703 dicens
1697 671 1820 715 passim

128 737 161 764 et
182 730 329 777 ubique,
351 742 409 765 eos
430 741 513 763 vero
531 729 591 773 qui
610 725 761 761 tenebris
780 727 967 772 aliquando
987 726 1103 761 obruti
1123 727 1314 761 daemoniis
1333 724 1544 761 serviebant.
1565 738 1657 760 nunc
1675 738 1747 760 esse
1765 739 1821 761 vo-

129 795 222 823 catos
251 788 440 823 secundum
466 786 685 832 propositum
714 791 747 818 et
778 786 1094 830 praecognitionem
1120 786 1181 818 Dei
1209 785 1436 822 adseverans,
1469 795 1513 817 ne
1539 784 1689 829 imperiti
1716 784 1820 830 aliqui

127 857 208 880 eum
233 844 494 892 quodammodo
517 843 683 877 insultare
702 841 930 888 popularibus
956 843 1025 876 suis
1047 842 1244 880 crederent,
1266 848 1299 876 et
1318 847 1511 887 prostratos
1529 841 1692 879 irridere,
1714 853 1823 876 neces—

128 905 252 938 sariam
271 903 506 937 defensionem
520 902 667 935 instituit
684 901 819 934 dicens:
836 901 1015 934 veritatem
1035 900 1114 933 dico
1132 901 1167 933 in
1182 899 1334 938 Christo,
1351 911 1423 933 non
1441 900 1609 938 mentior,
1625 906 1658 933 et
1673 900 1818 945 reliqua.

129 962 287 995 Profecto
306 971 371 1006 pro
389 960 443 993 his
464 960 523 1005 qui
542 960 578 993 in
606 965 740 993 tantum
759 957 990 1004 improbitatis
1012 958 1242 997 devenerant,
1264 964 1301 990 ut
1322 969 1340 991 a
1359 958 1419 991 Dei
1439 958 1579 991 caritate
1597 957 1819 995 excidissent,

126 1020 267 1063 eiusque
292 1018 342 1052 rei
367 1029 467 1051 causa
496 1018 601 1050 iustas
627 1016 785 1050 tulissent
812 1026 957 1061 poenaS,
987 1027 1134 1061 aequum
1161 1021 1211 1049 est
1238 1014 1427 1061 quemlibet
1456 1014 1593 1053 dolere;
1619 1021 1693 1049 tum
1719 1016 1821 1049 etiam

127 1077 238 1109 mutui
257 1077 385 1109 amoris
407 1087 491 1121 ergo
510 1075 687 1109 lacrimam
707 1074 873 1110 fundere.
894 1085 965 1108 non
984 1080 1034 1107 est
1052 1074 1185 1107 ratione
1205 1073 1373 1109 alienum.
1396 1074 1504 1107 immo
1522 1084 1692 1106 summam
1712 1072 1821 1107 deno-

127 1140 175 1168 tat
201 1135 390 1169 caritatem.
418 1134 547 1167 Verum
566 1133 658 1166 enim
683 1144 767 1166 vero
791 1138 911 1177 optare
932 1143 996 1177 pro
1016 1131 1084 1164 illis
1104 1131 1176 1164 fieri
1204 1131 1384 1165 anathema
1409 1142 1427 1164 a
1445 1130 1598 1169 Christo,
1620 1131 1655 1164 id
1679 1130 1819 1165 demum

126 1203 268 1226 omnem
293 1191 421 1225 amoris
444 1202 643 1224 mensuram
660 1189 806 1223 excedit.
836 1191 954 1234 Neque
972 1191 1064 1222 enim
1082 1190 1286 1234 quisquam,
1308 1189 1433 1222 mentis
1459 1200 1538 1222 suae
1563 1200 1724 1234 compos.
1747 1188 1823 1222 alie—

128 1260 192 1282 nae
216 1249 334 1282 salutis
352 1260 451 1282 cansa
464 1274 472 1287 ,
493 1249 553 1282 Dei
574 1248 741 1281 offensam
760 1249 936 1281 incurrere
956 1247 1059 1286 velit;
1081 1253 1112 1281 et
1133 1247 1217 1281 dum
1241 1248 1348 1282 vitam
1372 1259 1469 1281 suam
1488 1247 1649 1292 negligit,
1672 1247 1820 1281 aliorum

128 1305 311 1339 utilitatem
339 1317 538 1351 procurare.

224 1364 293 1397 Cur
319 1375 403 1408 ergo
430 1374 496 1408 pro
526 1362 734 1396 Iudaeorum
760 1363 886 1400 salute,
916 1373 1012 1395 suam
1040 1363 1165 1395 Paulus
1193 1361 1344 1397 obiicere
1370 1362 1478 1396 dicit‘?
1496 1363 1667 1396 Nimirum
1693 1362 1819 1408 hyper-

127 1420 262 1455 holicus
282 1421 337 1454 hic
355 1432 469 1454 sermo
488 1426 556 1458 est,
574 1426 606 1452 et
626 1419 893 1465 perfectissimae
913 1421 1061 1453 caritatis
1080 1420 1259 1453 indicium.
1282 1419 1453 1466 Optabam
1472 1421 1581 1457 enim.
1600 1421 1727 1465 inquit,
1750 1421 1822 1466 ipse

126 1490 192 1523 ego
218 1477 398 1511 anathema
425 1487 498 1510 esse
524 1488 542 1510 a
568 1477 704 1510 Christo
731 1488 797 1522 pro
826 1476 990 1510 fratribus
1013 1478 1115 1515 meis:
1145 1484 1321 1524 tamquam
1348 1478 1374 1511 si
1393 1477 1539 1511 diceret:
1568 1479 1595 1511 si
1619 1490 1675 1511 me
1694 1478 1818 1512 Christi

125 1535 292 1569 offensam
320 1536 536 1573 incurrente,
564 1534 716 1568 salvatur
742 1534 889 1572 Israhel,
918 1534 953 1568 id
979 1546 1044 1580 ego
1072 1535 1174 1580 plane
1202 1535 1320 1569 velim.
1350 1535 1415 1575 Qui
1441 1537 1544 1569 etiam
1570 1535 1759 1570 iustificatis
1784 1537 1819 1569 in

127 1591 195 1625 fide
221 1592 267 1625 ait
287 1592 318 1625 'z
340 1603 411 1626 non
437 1592 529 1625 enim
554 1603 610 1626 me
636 1593 722 1625 scire
749 1593 936 1637 quicquam
959 1592 1125 1627 iudicavi.
1147 1593 1211 1626 nisi
1238 1594 1349 1626 Iesum
1370 1592 1560 1630 Christum,
1581 1600 1613 1627 et
1635 1593 1725 1627 hunc
1749 1605 1820 1627 cru-

124 1649 279 1684 cifixum.
309 1650 373 1690 Qui
399 1651 530 1684 cunctis
549 1649 664 1695 palam
689 1650 900 1695 praedicavit
920 1651 950 1683 *z
971 1651 1047 1695 quis
1066 1661 1129 1684 nos
1149 1650 1321 1696 separabit
1341 1662 1358 1685 a
1378 1652 1518 1685 caritate
1535 1651 1684 1685 Christi?
1709 1650 1817 1685 tribu-

127 1709 230 1748 latio,
258 1721 302 1743 an
322 1709 494 1754 angustia,
524 1719 567 1742 an
590 1709 804 1754 persecutio,
834 1720 877 1742 an
896 1708 1020 1747 fames,
1046 1720 1089 1742 an
1114 1709 1269 1745 nuditas,
1298 1720 1340 1743 an
1361 1710 1572 1756 periculum,
1597 1721 1639 1744 an
1661 1709 1820 1756 gladius?

126 1779 219 1801 nunc
245 1768 291 1804 is,
319 1768 484 1813 inquam,
513 1773 646 1800 tantum
672 1766 746 1800 vult
765 1767 896 1800 malum
915 1766 1047 1803 subire,
1076 1773 1111 1800 et
1138 1778 1226 1800 unus
1253 1779 1319 1813 pro
1338 1767 1500 1802 omnibus
1519 1767 1562 1802 ad
1589 1769 1730 1802 exitium
1749 1780 1821 1802 cur-

127 1824 226 1858 rere?
252 1825 364 1857 Immo
391 1836 476 1857 vero
502 1825 549 1857 ita
577 1824 750 1869 loquitur,
779 1830 817 1857 ut
842 1823 986 1857 ludaeos
1013 1818 1056 1858 acl
1082 1823 1188 1858 tidem
1215 1824 1280 1858 sibi
1305 1824 1539 1859 adhibendam
1563 1825 1758 1871 pertrahat,
1786 1830 1820 1858 et

127 1881 315 1915 stultorum
342 1881 530 1915 calumnias
555 1888 698 1915 avertat.
728 1881 894 1915 Nonnulli
923 1883 1013 1915 enim
1040 1894 1058 1915 e
1085 1882 1219 1916 Iudaeis
1243 1883 1483 1917 existimabant
1508 1883 1629 1917 divum
1654 1883 1818 1921 Paulum,

127 1940 354 1973 insanientem
374 1939 498 1978 veluti,
520 1941 678 1973 mosaicis
704 1939 838 1985 legibus
857 1940 1043 1974 adversari.
1073 1941 1162 1975 Hinc
1190 1940 1411 1975 credentibus
1429 1952 1569 1987 quoque
1595 1940 1767 1975 scribebat
1789 1942 1818 1973 'z

130 2011 148 2028 «
176 1999 247 2032 sive
277 1999 369 2031 enim
396 2003 511 2031 mente
537 1998 752 2036 excedimus,
781 1999 874 2032 Deo:
903 1999 974 2031 sive
998 1998 1106 2032 sobrii
1134 2011 1268 2038 sumus,
1295 1998 1408 2033 vobis.
1435 2014 1450 2031 »
1474 2000 1582 2045 igitur
1607 1999 1711 2033 velim
1737 2011 1818 2045 ego,

127 2056 255 2101 inquit,
277 2061 310 2089 et
329 2056 471 2102 quidem
494 2055 596 2089 valde
620 2056 798 2095 alacriter,
820 2063 856 2090 ut
876 2058 1213 2102 consanguineorum
1232 2069 1391 2091 meorum
1411 2057 1511 2091 saluti
1531 2057 1725 2097 consulam,
1747 2069 1821 2092 ana-

128 2113 243 2147 thema
267 2125 342 2148 esse
360 2125 378 2147 a
397 2114 545 2148 Christo.
574 2114 681 2147 Addit
709 2121 822 2148 autem
837 2141 844 2153 ,
867 2114 1030 2148 idoneam
1056 2115 1163 2149 veluti
1189 2117 1241 2149 sui
1267 2122 1410 2162 propter
1435 2115 1514 2150 illos
1533 2116 1665 2150 doloris
1684 2127 1820 2150 causam

127 2171 332 2211 ostendens,
353 2170 582 2216 quamobrem
606 2173 641 2205 in
661 2177 795 2205 tantum
819 2173 944 2206 mentis
963 2173 1183 2217 propositum
1206 2173 1403 2210 devenerit,
1425 2179 1458 2207 et
1481 2185 1524 2207 ne
1544 2173 1671 2207 durum
1690 2170 1819 2219 aliquid

128 2234 162 2261 et
187 2227 378 2261 absurdum
396 2229 572 2267 videatur,
595 2230 680 2263 dum
705 2231 750 2263 ait
774 2229 865 2263 velle
883 2241 918 2263 se
938 2241 1003 2275 pro
1027 2230 1174 2264 aliorum
1193 2231 1262 2264 vita
1283 2232 1459 2277 propriam
1479 2231 1683 2277 prodigere;
1706 2231 1817 2270 addit,

129 2285 289 2329 inquam:
307 2287 459 2330 primum
477 2286 637 2332 quidem,
655 2289 718 2326 ait,
736 2293 813 2321 sunt
834 2287 1049 2325 Israhelitae,
1071 2299 1223 2333 quorum
1242 2294 1291 2322 est
1314 2289 1475 2335 adoptio,
1496 2295 1529 2323 et
1550 2290 1678 2335 gloria,
1702 2295 1735 2322 et
1757 2288 1821 2322 foe-

129 2342 231 2381 dera,
254 2349 285 2376 et
312 2343 396 2388 legis
422 2344 524 2383 latio,
546 2351 579 2378 et
606 2345 749 2391 religio,
770 2352 804 2379 et
831 2347 1098 2391 promissiones:
1125 2358 1165 2380 ex
1191 2347 1274 2392 ipsis
1299 2346 1449 2393 denique
1474 2354 1507 2381 et
1533 2349 1606 2394 ipse
1631 2346 1820 2381 secundum

129 2411 268 2433 carnem
287 2401 452 2435 Christus.
481 2402 579 2436 Certe
598 2404 661 2436 nisi
680 2404 807 2448 Moysis
834 2404 887 2438 lex
916 2405 1009 2438 testis
1037 2404 1155 2438 fuisset
1181 2411 1318 2438 nostrae
1344 2416 1422 2438 cum
1446 2406 1520 2439 Deo
1542 2404 1818 2443 necessitudinis,

128 2459 182 2492 vel
203 2459 243 2492 iis
263 2460 379 2504 paucis
398 2461 457 2504 qui
475 2472 546 2494 non
566 2462 611 2495 ita
630 2462 766 2508 pridem
789 2474 912 2496 verum
932 2464 1075 2509 propria
1095 2469 1216 2497 natura
1236 2465 1346 2497 Deum
1370 2470 1601 2509 agnoverant;
1622 2464 1685 2497 nisi
1705 2463 1821 2497 Iudaei

127 2523 325 2551 sanctorum
346 2523 482 2563 patrum
501 2518 616 2552 radice
633 2520 882 2565 pullulassent,
904 2532 1097 2567 eorumque
1116 2521 1307 2555 nobilitatis
1326 2521 1471 2555 heredes
1491 2520 1652 2558 fuissent:
1674 2521 1737 2555 nisi
1756 2521 1822 2566 ipsi

127 2575 229 2621 primi
251 2576 312 2609 Dei
332 2575 469 2609 colendi
491 2577 660 2610 rationem
680 2579 795 2611 sectati
815 2578 977 2618 fuissent,
1000 2586 1032 2613 et
1054 2580 1325 2625 promissionum
1350 2590 1446 2624 spem
1465 2579 1690 2624 recepissent;
1711 2578 1822 2612 multo

127 2639 219 2666 certe
240 2633 413 2667 minorem
441 2633 484 2667 de
511 2634 550 2667 iis
572 2645 691 2679 gerere
710 2634 828 2669 liceret
849 2636 1131 2671 sollicitudinem.
1160 2639 1258 2671 Nunc
1281 2638 1445 2682 quoniam
1471 2636 1615 2670 illorum
1635 2642 1767 2682 patres,
1788 2642 1822 2670 et

126 2690 260 2737 reliqua
279 2702 334 2724 res
353 2690 490 2737 publica
502 2718 509 2730 ,
528 2697 603 2737 post
624 2702 695 2725 non
714 2693 959 2738 inprosperum
978 2706 1116 2728 cursum
1128 2721 1135 2733 ,
1152 2696 1368 2740 inexpectato
1391 2693 1459 2727 fine
1478 2700 1700 2733 corruerant,
1719 2700 1821 2739 atque

125 2758 145 2781 a
168 2760 228 2794 spe
252 2760 313 2782 sua
340 2748 559 2787 deciderant,
580 2748 665 2794 quid
690 2750 724 2782 ni
752 2761 833 2783 vere
858 2750 1031 2786 dolendus
1056 2758 1129 2786 erat
1154 2752 1213 2797 qui
1237 2751 1443 2785 calamitosis
1468 2750 1637 2785 acciderat
1663 2751 1783 2786 casus?

544 2814 631 2838 Fieri
647 2817 753 2838 autem
770 2821 832 2838 non
849 2818 949 2843 potest
967 2819 1001 2841 ut
1018 2818 1147 2840 verbum
1163 2817 1222 2839 Dei
1239 2817 1400 2840 exciderit.

222 2865 376 2899 Praecise
403 2864 571 2911 loquitur.
600 2866 739 2900 Minime
766 2866 858 2900 enim
886 2866 1043 2902 fallacem
1070 2880 1143 2902 esse
1170 2868 1240 2905 ait,
1268 2866 1303 2900 id
1331 2873 1381 2901 est
1408 2879 1478 2902 non
1507 2878 1607 2913 posse
1632 2879 1650 2902 a
1677 2869 1821 2903 veritate

1850 276 1904 298 CAP.
1919 277 1957 298 lx.
1975 280 1993 297 1.

1859 1493 1896 1512 (ir.
1912 1498 1933 1518 ρ.
1950 1495 1982 1511 Ἡ,

1860 1611 1867 1617 ’
1884 1608 1901 1629 Ι.
1917 1609 1968 1628 (ΤΟΥ.
1984 1607 2011 1628 ll-
2029 1614 2038 1627 .’

1858 1669 1864 1675 ·
1873 1666 1938 1687 Rom.
1948 1665 2000 1686 vm
2020 1668 2043 1685 31.

1863 1955 1898 1975 ’Π
1919 1953 2000 1975 Cor-V
2023 1957 2045 1972 1-4
