2205 3177
792 137 824 160 iN
850 136 1005 159 PSALMUM
1033 136 1253 159 xcix-cxvlu.
1801 125 1867 158 271

171 211 241 243 est,
264 204 336 238 sine
363 202 477 248 aliqua
505 209 621 236 tamen
641 202 692 236 sui
712 201 957 238 conversione,
980 199 1087 233 homo
1114 199 1209 239 fieri,
1235 199 1378 233 facimus
1396 199 1504 245 ipsius
1523 205 1697 244 tamquam
1724 197 1875 231 hominis

176 262 380 307 imaginem,
402 271 612 306 quamquam
633 260 762 304 alioqui
782 259 908 292 scimus
927 269 1008 291 eum
1027 270 1100 292 esse
1119 264 1242 292 natura
1262 269 1322 292 sua
1341 259 1465 291 Deum.
1490 258 1567 291 Non
1586 267 1670 302 ergo
1689 256 1874 301 imaginem

176 319 323 354 dicimus
341 329 415 352 esse.
434 319 562 357 Deum;
583 317 642 352 sed
662 318 773 351 Deum
792 328 864 350 esse
884 316 1010 349 scimus
1036 317 1096 361 qui
1122 316 1157 349 in
1184 316 1333 361 imagine
1359 316 1470 361 pictus
1496 321 1562 353 est,
1585 320 1619 347 ct
1637 325 1741 360 quem
1759 314 1874 360 imago

174 382 411 423 repraesentat
435 376 495 421 (1).
526 377 628 409 Secus
654 386 738 408 vero
764 373 891 407 ethnici
918 384 1037 407 errore
1063 372 1196 419 abrepti
1224 375 1340 407 iconas
1367 372 1450 406 deos
1476 384 1550 406 esse
1575 371 1734 406 credunt.

272 435 326 467 Ps.
355 433 469 468 CXIV.
498 433 620 467 Dilexi.
650 433 726 466 Non
754 429 938 465 cuiuslibet
964 430 1114 464 hominis
1141 437 1187 464 est
1217 430 1332 465 dicere
1359 444 1374 461 «
1397 430 1500 464 dilexi
1528 444 1543 461 »
1572 429 1633 464 scd
1658 429 1819 475 perfecti,
1840 436 1873 464 et

174 493 234 538 qui
254 491 371 526 servili
391 491 507 525 timori
527 490 686 536 superior
704 495 755 522 est
774 488 896 522 factus.
917 490 1036 533 Neque
1055 487 1196 521 additur
1213 502 1228 519 «
1247 494 1379 522 certum
1400 487 1550 534 aliquem
1569 499 1695 533 nempe
1712 487 1834 525 dilexi:
1855 502 1870 519 »

174 549 234 584 sed
261 548 574 594 subintelligendus
601 559 619 582 a
644 545 746 581 nobis
771 552 822 580 cst
848 545 1053 579 universalis
1078 546 1183 579 Deus.

816 643 872 682 PS
880 643 1049 681 ALMUS
1077 643 1234 682 CXVII.

818 728 905 751 llaec
921 730 967 752 est
984 730 1078 756 porta
1095 728 1234 751 nomini.

271 782 417 815 Prorsus
442 779 541 814 aliter
568 778 643 813 sieri
670 790 740 813 uon
767 786 881 825 potest
907 785 944 812 ut
971 779 1013 813 ad
1040 779 1101 813 Dei
1128 779 1235 824 patris
1261 777 1419 811 notitiam
1446 777 1705 822 perveniamus,
1727 778 1791 811 uisi
1811 789 1874 823 per

175 851 257 873 eum
283 840 396 884 ipsum
421 848 525 883 quem
545 837 631 871 dixit
649 837 805 871 Christus
825 837 850 871 ⁸.
879 838 989 871 Nemo
1008 837 1120 876 enim,
1141 836 1272 881 inquit,
1292 836 1386 869 venit
1408 835 1451 868 ad
1470 841 1604 880 patrem
1623 835 1688 868 nisi
1714 846 1777 879 per
1802 846 1869 868 me.

177 916 200 923 -
226 896 444 942 Ingredimur
463 896 555 929 enim
575 895 682 929 veluti
702 894 745 928 ad
766 894 1035 928 familiaritatem
1054 905 1133 928 cum
1151 894 1242 931 Dco;
1265 894 1417 938 itemque
1443 893 1478 926 in
1504 903 1651 937 regnum
1677 892 1871 930 caelorum,

176 954 284 988 veluti
309 965 373 1000 per
398 952 577 999 quoddam
603 954 731 987 ostium
756 959 816 986 aut
841 958 996 998 portam,
1018 963 1081 998 per
1107 957 1319 985 servatorem
1346 956 1503 984 nostrum
1530 949 1715 984 Christum.

767 1018 830 1044 Qui
847 1019 933 1041 venit
951 1018 987 1040 in
1004 1018 1130 1040 nomine
1148 1017 1288 1040 Domini.

274 1069 328 1103 Illi
346 1069 489 1115 quidem
508 1069 653 1102 veniunt
672 1068 845 1102 servitutis
863 1067 976 1101 induti
1003 1067 1176 1101 schemate
1195 1073 1227 1101 et
1247 1066 1467 1105 conditionc;
1487 1066 1543 1100 hic
1563 1072 1677 1100 autem
1696 1077 1775 1100 cum
1798 1065 1874 1112 glo-

172 1127 227 1160 ria
246 1127 319 1160 Deo
338 1126 442 1172 digua
461 1132 495 1160 et
513 1126 549 1159 in
568 1126 709 1159 nomine
728 1126 885 1163 Domini,
908 1136 1033 1170 nempe
1058 1136 1139 1158 vere
1158 1130 1190 1158 et
1211 1130 1331 1170 suapte
1357 1130 1479 1157 natura
1506 1123 1594 1157 talis.
1623 1143 1646 1148 —
1672 1123 1762 1163 Quid
1781 1123 1873 1157 enim

177 1194 297 1229 reapse
316 1182 509 1229 significant
527 1181 634 1216 verba
653 1183 687 1215 in
707 1182 848 1216 nomine
866 1181 1031 1216 Domini?
1051 1181 1188 1215 Scilicet
1206 1193 1285 1215 cum
1305 1181 1416 1227 gloria
1436 1181 1508 1215 Deo
1527 1179 1651 1225 digna,
1673 1180 1850 1214 dominatu
1865 1207 1872 1219 ,

172 1247 212 1274 'et
236 1240 347 1287 gradu
373 1247 515 1275 cunctos
540 1240 738 1275 excedente.

802 1335 1037 1375 PSALMUS
1065 1335 1242 1375 CXVIII.

714 1422 754 1446 In
771 1423 863 1446 corde
879 1428 947 1446 meo
963 1422 1112 1445 abscondi
1130 1421 1255 1449 eloquia
1273 1423 1339 1444 ma.

273 1473 362 1506 Nam
379 1472 487 1506 veluti
507 1473 534 1506 si
554 1473 631 1518 quis
650 1483 759 1507 aeneo
777 1473 813 1506 in
832 1484 912 1507 vase
931 1472 1019 1518 ignis
1040 1471 1194 1506 favillam
1212 1477 1336 1517 ponat,
1359 1477 1471 1505 totum
1491 1481 1634 1516 prorsus
1652 1469 1776 1504 caloris
1794 1481 1873 1516 par-

177 1531 285 1576 ticeps
310 1529 453 1570 reddet3
474 1531 522 1565 sic
540 1542 638 1565 mens
655 1542 744 1577 quae
762 1531 798 1565 in
818 1532 922 1566 animi
941 1530 1134 1565 recessibus
1153 1542 1191 1565 ac
1210 1529 1422 1577 praecordiis
1445 1529 1597 1563 divinam
1624 1529 1874 1574 caelestemque

174 1587 371 1622 doctrinam
397 1587 508 1628 fovet,
532 1595 677 1634 propter
702 1600 804 1622 suum
830 1589 945 1623 omnis
969 1589 1109 1622 virtutis
1134 1588 1305 1626 studium,
1325 1598 1463 1634 semper
1482 1586 1525 1621 ad
1545 1586 1613 1621 hoc
1637 1586 1796 1620 doctrina
1814 1586 1873 1621 illa

175 1645 424 1679 inflammatur.
453 1665 476 1672 —
503 1646 607 1680 Sicuti
632 1646 726 1680 enim
752 1646 838 1680 nihil
866 1658 937 1680 non
964 1645 1107 1693 prodest
1131 1646 1291 1691 vitaeque
1315 1645 1465 1680 salutare
1490 1649 1560 1683 est,
1583 1655 1785 1678 sermonum
1810 1644 1877 1681 Dei,

176 1714 313 1748 semper
331 1703 527 1737 meminisse
539 1730 546 1743 ,
568 1705 614 1738 ita
633 1704 725 1738 exitii
746 1715 846 1738 causa
865 1710 915 1738 est
934 1703 1077 1738 illorum
1095 1702 1240 1738 oblivio.
1265 1723 1289 1729 -
1311 1702 1535 1737 Abscondere
1553 1707 1693 1748 oportet
1712 1702 1747 1735 in
1767 1701 1873 1736 corde

176 1766 358 1806 praecepta
377 1761 457 1800 Dei,
482 1767 626 1807 propter
652 1761 839 1796 daemones
865 1762 981 1807 quiea
1001 1761 1154 1807 diripere
1179 1760 1305 1795 solent.
1334 1760 1464 1794 Eadem
1491 1759 1655 1794 admonet
1673 1759 1709 1793 in
1729 1770 1872 1805 prover-

175 1815 243 1851 biis
267 1818 433 1852 Salomon
453 1818 483 1851 'z
506 1817 577 1857 fili,
598 1819 727 1864 inquit,
748 1820 775 1853 si
800 1819 909 1854 verba
934 1818 1088 1853 mandati
1114 1819 1181 1853 mei
1208 1824 1346 1864 recepta
1372 1817 1466 1864 apud
1492 1824 1525 1851 te
1550 1817 1734 1856 celaveris,
1756 1817 1871 1851 audiet

175 1875 380 1922 sapientiam
406 1877 497 1910 auris
515 1883 586 1911 tua.
616 1879 706 1923 Ergo
731 1889 771 1912 ea
796 1889 884 1923 quae
909 1878 1071 1913 mandata
1097 1878 1279 1917 dicuntur,
1301 1879 1337 1912 in
1356 1877 1541 1923 evangeliis
1559 1877 1729 1911 Dominus
1753 1888 1870 1910 semen

177 1932 366 1979 appellavit
384 1934 479 1979 quod
500 1946 517 1968 a
538 1934 620 1969 caeli
639 1935 842 1970 volucribus
860 1936 1023 1982 diripitur
1043 1937 1068 1970 '.
1098 1937 1129 1970 Is
1148 1948 1232 1981 ergo
1251 1935 1455 1970 mandatum
1474 1934 1674 1973 abscondit,
1695 1934 1754 1979 qui
1781 1945 1872 1967 sem-

178 2002 240 2036 per
266 1991 352 2025 illud
379 1993 590 2038 exsequitur.
619 1994 705 2027 Nam
725 1994 783 2039 qui
804 1995 943 2040 rapiunt
968 1994 1073 2033 illud,
1098 2001 1284 2041 propterea
1309 1993 1404 2039 quod
1432 2004 1496 2027 nos
1521 1993 1613 2027 idem
1640 1992 1779 2038 exsequi
1799 2003 1869 2026 non

177 2048 313 2087 sinunt,
336 2050 467 2084 idcirco
493 2062 614 2097 rapere
641 2051 816 2085 dicuutur.

773 2116 812 2139 ln
830 2117 992 2144 aequitate
1010 2119 1066 2140 um
1083 2117 1205 2140 vivifiea
1221 2123 1279 2140 me·

274 2163 430 2199 Vivificat
455 2177 520 2199 nos
546 2166 672 2200 iustitia
699 2178 758 2200 sua
784 2167 875 2200 Deus
900 2173 1015 2212 pater,
1038 2173 1088 2200 est
1114 2166 1197 2200 haec
1222 2172 1338 2200 autem
1363 2165 1529 2199 Christus.

707 2232 805 2255 Prius
822 2239 916 2259 quam
934 2232 1124 2255 humiliarer
1140 2239 1196 2262 ego
1213 2231 1345 2258 deliqui.

273 2280 430 2326 Namque
456 2280 503 2315 ob
530 2282 686 2327 praevias
712 2282 837 2315 mentis
862 2283 1057 2328 passiones,
1080 2288 1181 2327 atquc
1200 2288 1236 2315 ut
1255 2282 1300 2315 ita
1327 2281 1439 2315 dicam
1467 2285 1727 2327 praecurrentes
1752 2279 1871 2325 physi-

177 2348 296 2371 carum
323 2339 572 2383 cogitationum
599 2339 850 2385 aegritudines,
875 2341 1055 2374 tentatoris
1082 2339 1319 2385 praepotentia
1347 2337 1599 2372 intolerabilior
1625 2336 1688 2376 sit;
1716 2343 1749 2371 et
1775 2337 1871 2383 prius

176 2406 283 2440 quam
309 2407 327 2429 a
354 2395 496 2430 diabolo
523 2404 804 2442 prosternamur,
826 2398 893 2431 iam
919 2409 983 2431 nos
1008 2398 1243 2443 peccavimus;
1266 2403 1344 2430 ante
1370 2403 1550 2430 externum
1568 2396 1763 2434 incursum,
1784 2395 1870 2428 inte-

175 2452 270 2486 riore
297 2454 447 2499 pernicie
474 2453 672 2489 laborantes
693 2454 753 2500 (2).
783 2475 806 2480 —
832 2456 921 2489 Ante
940 2456 1032 2489 enim
1050 2466 1154 2500 quam
1174 2466 1317 2500 prorsus
1339 2452 1622 2491 succumbamus,
1646 2463 1709 2486 nos
1727 2451 1868 2497 quidem

176 2511 302 2544 mentis
328 2518 464 2545 nostrae
491 2523 661 2546 consensu
688 2519 868 2559 peccatum
893 2514 989 2559 quasi
1017 2511 1227 2546 honorantes
1253 2511 1485 2550 admittimus,
1508 2510 1709 2555 aditumque
1727 2510 1869 2543 Satanae

276 2635 312 2664 (1)
331 2632 468 2661 Notabilis
481 2634 577 2669 Cyrilli
597 2634 674 2662 locus
692 2634 726 2662 de
744 2635 848 2662 sanctis
866 2634 939 2670 apud
955 2635 1126 2662 Christianos
1146 2633 1330 2667 imaginibus,
1345 2641 1409 2660 cum
1430 2633 1518 2668 iisque
1537 2631 1737 2667 comparandus
1750 2639 1821 2667 quae
1835 2631 1868 2659 de

177 2676 266 2704 crucis
285 2681 312 2705 et
330 2678 520 2712 sepulcrorum
541 2679 750 2715 martyricorum
769 2680 942 2707 veneratione
961 2679 1031 2706 dicit
1049 2678 1123 2706 idem
1144 2678 1266 2714 Cyrillus
1285 2682 1379 2705 contra
1399 2677 1539 2704 Iulianum
1559 2676 1607 2704 lib.
1628 2677 1675 2703 VI.
1695 2680 1722 2704 et
1740 2677 1776 2703 X.
1799 2676 1867 2704 Item

177 2721 298 2749 notanda
318 2721 474 2750 adfirmatio
492 2722 567 2758 quod
586 2724 689 2751 ethnici
708 2732 802 2759 reapse
821 2732 870 2751 ceu
890 2723 1019 2751 deitatem
1038 2722 1178 2758 quandam
1198 2722 1280 2750 idolis
1299 2724 1389 2750 inesse
1408 2726 1545 2757 putarent.

276 2770 312 2799 (2)
332 2768 374 2795 En
398 2768 516 2803 cogitata
540 2772 650 2803 peccata
673 2768 813 2797 evidenter
836 2768 1037 2801 adfirmantur,
1062 2767 1095 2795 de
1119 2767 1219 2804 quibus
1242 2767 1331 2795 recole
1355 2766 1547 2795 adnotationes
1570 2770 1678 2794 nostras
1701 2774 1728 2802 p.
1754 2766 1800 2793 lat.
1822 2767 1865 2793 98.

177 2814 204 2837 et
225 2814 284 2839 132.

1915 848 1921 854 ’
1939 845 1988 865 Iuli.
2006 844 2063 865 XIV.
2080 851 2084 863 l

1913 1828 1919 1834 '
1937 1824 2004 1844 Pruv.
2022 1824 2048 1843 ll.
2069 1827 2073 1843 Ι

1914 1948 1918 1952 '
1932 1943 2105 1964 u:uth.)tlll,-s..

1908 2002 1947 2020 ανΔ
1964 2007 1985 2026 μ
2004 2004 2047 2020 triti.

1912 2117 1930 2130 t,
1951 2115 1979 2131 Μ’.

1910 2232 1929 2245 5,
1947 2229 1970 2244 Δι’,
