2205 3177
165 599 199 616 mi
225 597 272 616 XM
304 599 321 615 Γ,

165 623 217 643 xut:
242 623 279 643 λλ
304 625 326 641 A?

155 1223 176 1242 lx
205 1223 250 1243 Re:
274 1222 334 1241 me-

227 1565 259 1585 Xt
269 1564 294 1585 11.
310 1567 343 1584 ιι.

234 1852 312 1872 XVlll.
332 1855 346 1872 Ι,

382 114 450 145 278
893 121 919 142 s.
949 120 1077 141 cratus
1104 118 1326 141 ALExANnmxi
1353 119 1546 142 FRAGMENTA

383 193 513 220 tantum
541 185 729 218 collibusxe
756 183 899 216 salutem
927 182 1083 215 conferre
1110 188 1223 227 posset
1250 183 1352 216 Deus.
1382 183 1488 221 Victi,
1510 184 1624 228 itaque
1651 184 1802 223 aiebant,
1829 186 1954 219 suimus
1980 189 2059 231 quia

384 244 470 277 Deus
496 242 663 275 montium
684 241 772 273 Deus
799 239 967 273 lsi-alielis.
997 238 1097 279 Quod
1125 239 1150 271 si
1171 250 1260 284 puro
1286 240 1320 272 in
1346 250 1470 284 rampo
1489 240 1558 272 acie
1582 240 1766 285 confligere
1789 243 1934 281 accidat,
1957 255 2058 288 supe-

382 301 488 333 riores
514 300 584 331 sine
609 296 716 330 dubio
743 297 889 332 erimus.
913 297 983 329 Deo
1010 295 1167 329 lsralielis
1194 297 1226 329 in
1254 295 1402 329 vallibus
1426 297 1516 329 vires
1543 296 1731 330 amittente.
1760 299 1841 332 Sunt
1861 305 1974 333 autem
1995 300 2057 333 liae

382 357 549 390 fatuitates
568 354 721 388 ethnicae
741 353 991 399 blasphemiae,
1013 359 1047 386 et
1067 353 1202 397 linguae
1223 354 1335 397 gravis
1355 354 1619 398 intemperantia
1639 364 1760 387 eorum
1779 356 1838 399 qui
1855 368 1975 390 verum
1997 369 2056 390 na-

382 414 592 457 turalemque
611 413 718 444 Deum
745 410 962 455 ignorabant.
993 409 1238 454 Indignabatur
1262 411 1374 454 itaque
1402 411 1474 444 iure
1501 411 1696 455 meritoque
1722 412 1950 447 universitatis
1968 416 2056 447 Deus

381 471 593 515 alienigenis.
614 470 692 515 quia
711 480 818 513 quum
840 467 1042 504 lsralielem,
1065 473 1100 500 ut
1119 467 1209 504 dixi.
1233 474 1468 513 superassent,
1492 467 1558 500 diis
1577 468 1647 500 suis
1665 469 1790 511 gratias
1809 469 1971 514 agebant,
1993 483 2056 505 nu-

380 529 572 572 gaciterque
598 538 632 560 se
660 524 822 571 putabant
849 526 962 570 ipsum
989 525 1107 559 vicisse
1133 526 1254 558 Deum.

776 590 962 617 invenitque
978 590 1078 613 alium
1096 590 1266 615 hominem,
1282 589 1332 611 cui
1349 589 1446 611 dixin
1463 591 1591 616 perenne
1606 596 1663 612 me.

476 641 622 673 Crustu.
645 639 775 676 Audin.
796 638 975 684 quomodo
994 639 1020 671 is
1039 639 1097 683 qui
1118 637 1323 683 proplietam
1344 643 1523 682 pereutere
1542 644 1774 675 recusaverat,
1795 639 1918 672 misere
1938 640 2058 685 periit,

381 700 413 731 in
441 709 573 731 samam
600 696 737 730 beluam
765 697 940 730 incidens?
968 697 1069 740 Atqui
1095 695 1274 740 quomodo
1303 705 1381 728 rere
1407 705 1476 728 non
1502 695 1675 729 diceretur
1702 697 1836 741 pietatis
1862 695 2011 735 fruetus,
2031 698 2058 730 si

378 756 453 800 quis
479 761 632 788 sanctum
653 761 754 798 atque
774 754 978 799 prophetam
999 758 1177 798 pereutere
1201 764 1302 786 ausus
1321 763 1390 785 non
1410 753 1518 785 esset?
1545 753 1703 787 Attamen
1723 752 1832 786 verbo
1850 754 1987 787 Domini
2005 754 2059 787 in-

380 813 608 849 terveniente,
629 810 802 856 piaculum
828 808 1025 843 inevitabile
1051 815 1124 842 erat
1149 808 1394 842 inobedientia.
1423 828 1446 834 -
1473 809 1570 842 Adeo
1595 810 1725 843 crimen
1751 816 1820 848 est,
1844 816 1979 855 praeter
1997 811 2058 844 Dei

380 869 591 902 votnntatem
611 869 792 914 quiequam
812 879 931 912 agere,
955 873 1011 900 aut
1032 866 1223 900 socorditer
1241 866 1405 912 quicquid
1426 866 1485 900 ille
1503 867 1721 911 imperaverit
1740 868 1895 912 exsequi!
1921 887 1943 893 -
1968 869 2058 913 Ergo

381 932 514 972 oportet
542 924 669 971 absque
688 925 820 969 ignavia
840 931 897 957 aut
916 925 1134 958 cunctatione
1154 936 1171 958 a
1192 923 1293 957 nobis
1311 923 1385 957 fieri
1404 923 1500 968 quod
1518 924 1592 956 Deo
1610 923 1762 957 libuerit.
1791 925 1899 958 Porro
1921 924 2059 970 quidvis

381 983 473 1017 aliud
501 988 634 1028 praeter
653 983 686 1015 id
706 993 823 1026 agere.
845 988 902 1015 aut
922 980 1117 1015 faciendum
1145 982 1315 1019 iudicare,
1335 980 1518 1026 superbiae
1543 981 1672 1014 crimen
1699 980 1815 1014 insert.
1842 983 1997 1026 Namque
2022 981 2057 1015 hi

383 1039 635 1085 propemodum
661 1049 803 1083 arguere
830 1037 1009 1076 sidentur,
1032 1038 1141 1071 Deum
1167 1039 1280 1084 ipsum
1307 1037 1399 1071 haud
1427 1043 1520 1071 reete
1545 1037 1757 1071 iudicavisse.

1048 1134 1266 1171 LIBER
1312 1133 1382 1171 IV.

938 1219 977 1241 Et
995 1224 1078 1241 nunc
1095 1219 1240 1245 recepisti
1257 1220 1426 1247 argentum
1442 1220 1499 1241 etc.

477 1270 623 1303 Crmtu.
653 1270 726 1303 Hoc
743 1270 845 1302 etiam
865 1269 1016 1302 Christus
1035 1270 1069 1302 in
1089 1269 1214 1302 sanctis
1238 1268 1422 1313 evangeliis
1450 1269 1554 1314 (Luc.
1576 1270 1618 1302 X.
1642 1269 1701 1313 ἱ.)
1729 1268 1831 1302 dixit:
1854 1268 1960 1302 nolite
1979 1279 2059 1314 por—

383 1333 453 1360 tare
472 1326 643 1360 saeculum
662 1338 774 1372 neque
794 1338 928 1372 peram,
944 1332 977 1360 et
997 1327 1169 1360 neminem
1187 1327 1223 1359 in
1242 1327 1295 1359 via
1315 1325 1554 1359 salutaveritis.
1573 1326 1719 1371 Oportet
1736 1327 1827 1359 enim
1844 1331 1939 1359 recto
1957 1337 2060 1359 cursu

383 1383 424 1417 ad
443 1395 530 1429 opus
549 1395 691 1429 pergere
703 1410 710 1422 ‚
733 1389 765 1416 et
785 1395 827 1416 ne
847 1382 1061 1417 benedicenti
1087 1383 1228 1428 quidem
1247 1383 1396 1416 vicissim
1416 1382 1635 1416 benedicere.
1661 1383 1912 1416 Detrimentum
1931 1383 2060 1428 quippe

382 1440 575 1485 diligentiae
600 1447 666 1477 est,
690 1442 716 1474 si
743 1441 785 1474 ad
812 1440 897 1474 alios
923 1441 1160 1486 respiciamus,
1182 1445 1215 1473 et
1240 1439 1395 1472 debitum
1423 1440 1669 1484 praedicationi
1689 1446 1842 1485 tempus,
1866 1440 1900 1473 in
1925 1440 2059 1485 negotia

385 1497 475 1531 haud
489 1499 675 1532 necessaria
690 1499 912 1531 insumamus.
930 1497 994 1531 Sed
1011 1510 1052 1531 ne
1072 1497 1226 1531 amicitiis
1239 1496 1379 1541 quidem
1394 1497 1515 1529 inutile
1533 1498 1642 1530 otium
1661 1497 1914 1541 indulgendum
1933 1503 1984 1531 est
1997 1497 2056 1543 (ί).

914 1563 953 1585 Et
969 1564 1074 1586 sortiti
1092 1564 1166 1585 suut
1183 1563 1341 1592 regionem
1358 1562 1531 1584 Samariae.

475 1614 622 1647 Cvmnu.
652 1613 695 1646 lli
714 1624 797 1657 ergo
815 1613 873 1658 qui
894 1613 1070 1658 regionem
1089 1612 1378 1645 Samaritanorum
1400 1611 1511 1644 sortiti
1532 1610 1644 1648 fuere,
1666 1609 1756 1643 filios
1775 1620 1913 1653 quoque
1932 1620 2060 1653 genue-

384 1676 463 1704 runt
482 1670 644 1707 fortasse:
667 1676 767 1715 atque
788 1670 828 1703 ad
850 1669 1056 1704 ludaeorum
1076 1680 1169 1702 sacra
1188 1669 1439 1706 transiverunt,
1464 1667 1605 1700 leonum
1624 1667 1763 1699 incursu
1782 1665 1903 1698 territi.
1929 1665 1978 1698 Ex
1997 1664 2061 1698 ho—

383 1739 459 1761 rum
486 1739 629 1761 numero
649 1727 785 1761 fuerunt
805 1729 941 1760 Sarasar
959 1733 991 1761 et
1012 1726 1216 1765 Arbeseser,
1238 1726 1296 1770 qui
1316 1732 1348 1759 et
1367 1737 1426 1758 rex
1447 1725 1642 1758 nominatus
1661 1723 1741 1761 fuit,
1764 1728 1947 1768 propterea
1965 1722 2059 1767 quod

385 1785 411 1817 is
437 1785 506 1818 dux
531 1784 593 1818 illo
620 1791 776 1830 tempore
802 1785 904 1817 fuerit
930 1784 1149 1817 redeuntium
1174 1783 1360 1816 Samariam
1387 1794 1428 1815 ex
1454 1782 1593 1826 regione
1618 1782 1810 1814 Persarum.

844 1849 1002 1878 Regnavit
1018 1849 1143 1871 Ezecias
1160 1848 1244 1870 filius
1261 1847 1375 1870 ,mehasi
1394 1848 1476 1876 regis
1494 1846 1602 1869 ludae-

477 1900 624 1933 Cvmffl.
655 1900 691 1932 ln
711 1905 838 1932 tantam
858 1899 1004 1944 gloriam
1024 1899 1280 1944 potentiamque
1298 1898 1390 1930 venit
1410 1898 1560 1935 Ezecias,
1583 1902 1619 1930 ut
1644 1896 1793 1941 populos
1812 1896 1871 1941 qui
1890 1901 1985 1928 erant
2006 1895 2062 1928 lu-

383 1957 486 1991 daeae
505 1956 637 1990 finitimi
658 1956 850 2001 subigeret.
873 1956 1049 2001 multaque
1069 1955 1112 1989 ab
1132 1956 1183 1988 liis
1202 1955 1330 1989 tributa
1350 1956 1512 2000 exigeret.
1541 1955 1581 1987 Et
1601 1953 1705 1999 paulo
1726 1959 1815 1999 post.
1845 1952 1974 1986 Deinde
1997 1952 2062 1985 hu-

383 2026 521 2048 manum
541 2014 670 2059 aliquid
691 2026 808 2059 passus
827 2020 888 2047 est.
915 2016 1001 2047 Nam
1021 2014 1151 2047 deliciis
1170 2014 1300 2051 nimiis,
1321 2020 1352 2046 et
1372 2013 1502 2058 gloriae
1521 2011 1730 2045 sublimitate
1749 2011 1877 2047 victus,
1899 2010 1966 2044 alta
1986 2021 2060 2043 coe-

383 2073 430 2117 pit
459 2073 628 2117 cogitare,
657 2070 836 2116 superbiae
862 2070 987 2105 morbo
1013 2071 1169 2109 inflatus,
1199 2077 1300 2116 atque
1327 2071 1389 2116 ipsi
1417 2071 1477 2103 Dei
1503 2069 1570 2113 legi
1598 2069 1783 2102 adversari.
1812 2068 1945 2101 Putavit
1970 2067 2061 2100 enim

383 2135 542 2173 oportere
563 2129 644 2173 ipsis
662 2140 801 2173 quoque
820 2129 904 2161 sacri
925 2129 1105 2162 sacerdotii
1125 2128 1314 2173 insignibus
1341 2134 1446 2161 semet
1471 2137 1650 2160 exornare.
1681 2127 1797 2171 ltaque
1821 2136 1922 2158 ausus
1940 2130 1989 2157 est
2007 2123 2062 2156 di-

384 2186 502 2219 xinum
527 2185 659 2229 ingredi
686 2185 853 2230 templum
868 2212 875 2223 ‚
896 2197 1068 2231 manuque
1094 2186 1234 2231 propria
1254 2187 1325 2218 Deo
1345 2185 1423 2218 thus
1449 2184 1606 2221 adolere,
1627 2190 1658 2217 et
1686 2183 1812 2227 legales
1837 2183 1923 2215 ritus
1947 2179 2057 2215 obire.

386 2243 493 2275 Huius
518 2243 566 2275 rei
593 2254 691 2276 causa
719 2243 797 2275 ilico
824 2243 918 2287 lepra
946 2255 1124 2288 percussus
1151 2243 1232 2280 fuit,
1254 2249 1286 2276 et
1314 2254 1447 2275 summa
1475 2242 1661 2286 ignominia
1681 2246 1836 2273 notatus:
1860 2239 1986 2272 etenim
2011 2237 2062 2271 le-

385 2299 451 2343 gali
479 2301 550 2333 iure
576 2300 786 2333 execrandus
811 2307 877 2333 est.
898 2302 955 2345 qui
984 2301 1100 2345 leprae
1126 2300 1251 2333 morbo
1279 2300 1378 2333 fuerit
1406 2298 1597 2344 correptus.
1651 2299 1654 2301 ’

612 2365 673 2388 [bi
690 2367 733 2387 est
754 2365 836 2387 Deus
853 2366 1002 2387 ,meinaim
1019 2368 1075 2388 ete.
1094 2372 1168 2387 num
1185 2365 1362 2387 Samariam
1380 2366 1417 2387 de
1434 2371 1528 2387 manu
1546 2370 1612 2386 mea
1630 2363 1834 2389 eripuerunt?

481 2415 627 2447 Criniti.
656 2415 865 2447 Existimavit
893 2415 1035 2447 fortasse
1063 2414 1166 2446 homo
1192 2420 1306 2446 mente
1334 2414 1461 2459 pariter
1480 2424 1517 2445 ae
1538 2413 1651 2457 lingua
1676 2411 1843 2444 barbarus
1864 2410 1929 2455 (⁶2),
1955 2420 2062 2443 unum

386 2480 458 2502 esse
483 2471 526 2503 de
553 2471 625 2503 salsi
651 2472 799 2505 nominis.
819 2471 882 2504 diis
902 2472 1004 2504 etiam
1023 2478 1133 2504 terrae
1159 2471 1312 2515 caelique
1332 2477 1566 2515 regnatorem,
1588 2469 1950 2515 rerumque-somnium
1968 2477 2062 2500 crea-

388 2532 495 2559 torem
523 2539 558 2560 ar
585 2528 775 2561 dominnm.
806 2530 912 2562 Porro
940 2541 1013 2561 mos
1039 2535 1086 2562 est
1117 2529 1295 2561 atlieorun:
1317 2528 1497 2561 deridendi
1525 2539 1618 2572 spem
1639 2516 1852 2561 sanctorum,
1878 2531 1978 2569 atque
2004 2535 2063 2557 eos

388 2582 566 2617 liberatum
594 2585 632 2617 iri
661 2585 819 2617 antias-ter
847 2586 1005 2630 negandi.
1035 2605 1056 2610 -
1083 2587 1240 2618 Attamen
1268 2584 1358 2617 baud
1389 2584 1586 2627 ignorabat,
1610 2584 1683 2616 salsi
1708 2583 1855 2615 nominis
1881 2582 1964 2615 deos
1990 2592 2062 2614 ma—

499 2684 517 2707 1r
541 2680 605 2705 Puta
621 2688 705 2713 quum
720 2681 799 2706 amit-i
816 2682 890 2707 vanis
906 2681 1049 2715 eunomius
1064 2681 1141 2707 nobis
1157 2686 1277 2715 tempora
1296 2681 1424 2714 eripiunt.
1447 2682 1535 2714 Quare
1551 2684 1575 2706 et
1591 2680 1618 2705 S.
1635 2680 1759 2713 {gnatius
1775 2678 1908 2705 tototaeus
1920 2676 2062 2704 interdum

389 2722 527 2755 queritans
546 2723 645 2749 aiebat:
667 2725 754 2749 amici
765 2724 848 2756 sures
870 2727 1012 2759 temporis.

488 2769 509 2791 ’2
540 2768 577 2791 De
597 2768 748 2802 tittapsace,
769 2769 815 2803 qui
836 2773 925 2795 tamen
947 2770 1032 2796 verbis
1054 2771 1123 2804 regis
1143 2769 1237 2805 assyrii
1258 2769 1434 2803 loquebatur,
1456 2768 1552 2795 videsis
1572 2768 1635 2795 adn.
1658 2771 1682 2794 3.
1706 2778 1730 2802 p.
1753 2768 1799 2793 lat.
1821 2770 1880 2793 225,
