2205 3177
230 680 359 700 *lxiii

181 742 185 745 ⁴
205 738 255 757 Pr·

286 737 315 757 ΙΙΙ
340 740 361 757 1’.

414 196 475 226 179.
913 205 941 227 s.
970 203 1097 227 enutri
1124 204 1346 228 maxaminus}
1373 205 1578 228 exet-astino

1019 302 1181 340 PSALM
1189 303 1246 341 US
1276 303 1441 341 XXXVI
1451 304 1475 340 l.

829 389 973 413 psalmus
991 390 1104 413 ”nvidi
1122 392 1155 414 Ιιι
1174 392 1459 414 rememorationem
1476 392 1513 414 de
1529 391 1668 414 sabbato.

506 440 566 472 llic
592 451 729 484 quoque
756 440 906 485 psalmus
933 446 1107 485 tamquam
1133 452 1173 474 ex
1203 442 1337 474 navidis
1364 453 1508 487 persona
1535 442 1715 481 recitatur,
1740 442 1858 475 maesti
1886 452 1924 475 ac
1949 449 2086 487 pertur-

411 495 503 530 bati.
534 504 713 542 propterea
740 497 835 542 quod
862 498 895 530 in
924 504 1099 542 peccatum
1131 498 1327 536 cecidisset,
1356 497 1535 531 observata
1567 497 1659 531 haud
1690 499 1814 532 sanctis
1844 499 1952 532 oeulis
1982 511 2087 533 uxore

411 553 529 591 sriae,
552 560 581 586 et
606 554 682 586 huie
703 553 827 587 deinde
845 555 982 587 structis
1001 555 1151 592 insidiis,
1172 562 1202 589 et
1226 556 1346 588 iniusta
1366 556 1531 589 sententia
1559 555 1631 588 neci
1652 554 1805 589 obiecto:
1825 567 1929 600 quam
1949 555 1994 588 ob
2014 568 2086 590 rem

408 622 423 643 a
452 612 521 643 Deo
549 610 792 656 castigabatur,
814 612 898 645 dum
919 613 1008 645 curis
1028 618 1128 658 atque
1149 611 1363 646 maeroribus
1382 624 1441 645 cor
1460 613 1532 646 eius
1559 612 1767 651 tabesceret,
1789 619 1889 658 atque
1909 613 1987 647 binc
2008 626 2088 659 pae-

409 668 568 701 nitentiae
589 667 766 701 laboribus
785 669 920 714 eulpam
941 669 1099 703 dilueret.
1123 671 1292 714 Scriptum
1313 675 1362 702 est
1383 670 1473 702 enim
1494 671 1523 709 '‚
1545 670 1619 702 fore.
1639 675 1675 702 ut
1694 667 1809 703 abluat
1828 670 1995 703 Dominus
2014 682 2089 704 sor-

410 724 469 757 des
497 724 647 758 liliorum
674 726 891 771 filiarumque
918 727 1048 762 Sionis,
1072 728 1105 759 in
1133 728 1254 772 spiritu
1282 727 1395 760 iudicii
1416 727 1502 760 etin
1528 727 1649 772 spiritu
1676 726 1822 760 ardoris.
1851 727 1892 760 Et
1917 738 2035 761 rursus
2056 728 2086 760 'z

409 793 511 827 quein
538 781 648 825 diligit
671 783 854 821 Dominus,
877 785 1036 828 castigat:
1059 784 1277 829 flagellatque
1295 795 1434 817 omnem
1454 795 1556 828 quem
1577 790 1753 828 acceptum
1775 782 1876 817 habet
1896 783 2005 818 filium
2026 784 2086 830 (l).

409 839 508 872 Periit
536 851 619 883 ergo
648 840 766 873 Daxidi
795 840 884 873 tilius
909 841 1067 878 Amnum
1091 839 1269 873 rebellaxit
1290 839 1549 877 Abessalomus.
1574 851 1644 873 non
1670 851 1778 885 regno
1804 845 1935 873 tantum
1957 840 2015 874 sed
2039 847 2090 874 et-

407 898 474 930 iam
502 897 569 930 rita
598 897 725 942 pellere
753 904 927 943 parentem
956 898 1086 931 volens.
1117 900 1207 932 Ilaec
1234 899 1426 943 recogitans
1451 897 1579 935 David,
1608 904 1640 931 et
1666 899 1891 931 conscientiae
1917 897 2091 932 morsibus

409 954 624 990 vulneratus.
649 966 857 999 cognoscens
883 955 984 988 simul
1006 955 1047 989 ab
1068 956 1306 1001 omnipotente
1325 956 1385 989 Dei
1405 966 1509 988 manu
1535 966 1570 988 se
1593 956 1803 1000 oppugnari,
1826 966 1945 1001 preces
1967 955 2087 992 offert.

410 1018 547 1057 peccata
573 1012 773 1049 eontitetur,
797 1024 834 1046 ac
860 1012 967 1046 xeluti
995 1013 1186 1046 animarum
1205 1012 1341 1046 medico
1359 1012 1503 1046 vulnera
1528 1012 1700 1051 denudat,
1723 1018 1757 1046 et
1782 1012 1951 1046 medelam
1970 1024 2090 1047 conse-

328 1082 336 1090 *
356 1089 361 1099 .
412 1070 469 1114 qui
491 1076 599 1113 rogat.
633 1071 768 1115 lamque
789 1071 875 1103 canit
898 1070 988 1103 hune
1016 1070 1187 1115 psalmum
1207 1081 1371 1103 revocans
1397 1069 1460 1103 sibi
1480 1070 1515 1102 in
1534 1075 1684 1103 mentem
1710 1080 1814 1115 quam
1840 1076 2000 1115 expertus
2018 1076 2089 1104 erat

411 1126 662 1164 infelicitatem,
685 1128 812 1172 peccati
832 1129 883 1161 sui
904 1139 1019 1161 causa:
1044 1134 1187 1172 oratque
1209 1139 1272 1173 pro
1291 1139 1327 1161 se
1345 1128 1453 1161 Deum
1472 1133 1509 1161 ut
1529 1126 1794 1165 sabbatismum,
1814 1127 1848 1160 id
1867 1133 1918 1160 est
1935 1129 2090 1173 requiem

409 1195 426 1216 a
447 1183 698 1217 calamitatibus
717 1184 780 1218 sibi
801 1184 978 1218 concedat.
1006 1185 1066 1218 Vel
1088 1185 1231 1218 sortasse
1249 1185 1328 1229 quia
1348 1183 1492 1217 sabbato
1510 1183 1682 1229 duplicem
1702 1184 1874 1217 victimam
1892 1183 2010 1217 inferri
2036 1183 2089 1218 lex

408 1240 611 1277 mandabat,
633 1240 844 1275 offerebatur
869 1248 981 1275 autern
1009 1243 1122 1275 omnis
1144 1243 1281 1275 victima
1308 1253 1327 1275 a
1352 1241 1432 1274 filiis
1451 1241 1608 1275 israhelis
1634 1240 1680 1274 ob
1706 1242 2086 1279 commemorationem,

408 1298 442 1330 id
462 1305 508 1332 est
531 1305 564 1331 ut
587 1299 621 1331 in
650 1300 708 1332 Dei
736 1300 900 1332 memoria
928 1305 1080 1333 maneret
1107 1300 1317 1344 quicumque
1336 1310 1411 1333 eam
1431 1298 1615 1337 attulisset;
1637 1305 1820 1344 propterea
1846 1299 1968 1344 spiritu
1994 1299 2091 1332 insti-

408 1362 506 1389 nctus
531 1355 640 1388 David
655 1381 662 1394 ,
690 1356 963 1401 praevidensque
990 1356 1063 1389 fore
1090 1362 1127 1389 ut
1153 1368 1216 1402 per
1241 1362 1398 1401 tempora
1424 1355 1547 1389 umbra
1575 1361 1743 1393 cessaret,
1768 1367 1852 1389 vero
1877 1355 2090 1390 subintrante

409 1425 469 1459 per
495 1414 667 1447 Christum
695 1413 809 1451 cultu,
832 1425 896 1459 pro
916 1414 1087 1459 imperato
1106 1425 1124 1447 a
1143 1414 1218 1459 lege
1245 1413 1378 1447 sabbati
1405 1413 1591 1452 sacrificio,
1615 1414 1703 1447 hanc
1728 1413 1807 1447 facit
1827 1413 2087 1447 confessionem.

504 1471 675 1517 Congruet
701 1472 767 1505 hoc
793 1472 962 1505 canticum
982 1471 1082 1505 nobis
1101 1483 1241 1516 quoque
1266 1472 1367 1517 ipsis,
1393 1472 1462 1504 sive
1481 1471 1588 1504 cuivis
1606 1471 1738 1504 homini
1765 1471 2007 1505 conscientiam
2032 1470 2090 1504 ha-

410 1527 503 1563 benti
528 1529 742 1562 vulneratam
771 1529 818 1562 ob
843 1541 881 1562 ea
908 1540 995 1574 quae
1019 1530 1136 1562 insane
1155 1529 1364 1563 commisisse
1384 1540 1419 1562 se
1437 1529 1534 1561 novit
1553 1528 1716 1562 adversus
1734 1529 1795 1562 Dei
1815 1528 1926 1573 legem
1954 1528 2089 1573 (cuncti

410 1587 499 1619 enim
521 1598 621 1632 saepe
642 1586 808 1631 labimur)
828 1588 1023 1632 petentique
1043 1586 1086 1620 ab
1105 1598 1146 1620 eo
1164 1586 1437 1620 misericordiam
1450 1612 1457 1625 ,
1476 1592 1509 1619 et
1528 1586 1756 1631 paenitentiae
1775 1586 1962 1631 lacrymam
1982 1586 2091 1619 oculis

411 1645 626 1689 exprimenti.
656 1645 725 1677 Nisi
753 1645 843 1677 enim
871 1656 924 1677 res
950 1645 996 1678 ita
1022 1655 1056 1678 se
1083 1644 1245 1683 haberet,
1270 1656 1331 1678 cur
1356 1644 1390 1676 in
1416 1649 1613 1689 posterum,
1640 1649 1742 1689 atque
1769 1655 1787 1677 a
1812 1642 1913 1677 nobis
1939 1643 2090 1688 psalmus

411 1700 465 1733 liic
491 1702 716 1735 recitaretur?
736 1701 826 1742 Quid
846 1703 937 1735 enim
957 1701 999 1734 ad
1019 1713 1082 1735 nos
1108 1702 1276 1735 adtineret
1295 1701 1435 1735 alterius
1454 1700 1603 1734 hominis
1628 1700 1814 1739 confessio,
1837 1700 2007 1746 siquidem
2025 1702 2090 1746 ipsi

411 1758 494 1796 soli,
519 1760 716 1805 neminique
737 1759 809 1795 alii.
831 1759 1062 1803 congrueret?
1089 1760 1196 1793 Datur
1214 1770 1297 1804 ergo
1316 1758 1459 1792 facultas
1480 1760 1540 1797 iis,
1562 1759 1622 1804 qui
1641 1769 1701 1792 sua
1721 1758 1864 1792 crimina
1882 1757 2010 1792 deflere
2028 1769 2091 1791 vo-

412 1815 505 1853 lunt,
528 1817 692 1849 recitandi
720 1818 789 1850 Deo
816 1823 1030 1862 praesentem
1058 1817 1247 1862 psalmum,
1270 1829 1329 1850 seu
1355 1817 1625 1854 confessionem,
1648 1827 1710 1850 ceu
1737 1814 1940 1849 sacrificium
1958 1816 1994 1849 in
2013 1815 2091 1849 sab-

411 1871 509 1911 bato,
531 1874 624 1917 quod
645 1874 771 1920 duplex
793 1873 894 1907 fiebat
907 1900 914 1911 ,
932 1874 1099 1921 quodque
1115 1875 1187 1908 Deo
1206 1876 1240 1907 in
1260 1875 1462 1908 memoriam
1481 1873 1664 1908 revocabat
1681 1873 1865 1907 offerentes
1884 1872 1985 1906 illud.
2006 1873 2091 1907 Sane

413 1931 495 1963 sexti
522 1931 643 1976 psalmi
671 1931 776 1965 verba
796 1931 1056 1965 similitudinem
1081 1931 1269 1977 quamdam
1289 1943 1367 1965 cum
1385 1932 1488 1966 huius
1505 1929 1620 1965 verbis
1646 1942 1729 1976 prae
1747 1942 1782 1964 se
1802 1930 1928 1964 ferunt.
1957 1929 2023 1963 Sed
2041 1935 2092 1963 ta-

411 1999 490 2021 men
509 1989 592 2021 sexti
613 1989 732 2021 titulus
751 1996 841 2022 erat:
867 2003 881 2019 «
904 1990 939 2022 in
959 1988 1082 2026 finem,
1106 1989 1139 2022 in
1160 1988 1315 2033 hymnis,
1337 2000 1402 2034 pro
1421 1995 1552 2023 octava.
1579 2002 1594 2020 »
1617 1989 1655 2021 In
1674 1994 1853 2034 praesente
1872 1994 1986 2021 autem
2004 1986 2089 2020 nihil

411 2045 578 2079 eiusmodi
606 2053 652 2078 est
665 2072 672 2081 ,
694 2046 753 2079 sed
773 2048 799 2079 is
826 2046 1067 2079 tantummodo
1090 2059 1105 2077 «
1129 2045 1281 2091 psalmus
1300 2046 1419 2079 Davidi
1439 2047 1475 2080 in
1492 2047 1818 2080 rememorationem
1840 2059 1856 2077 »
1876 2043 2087 2078 inscribitur.

410 2102 537 2135 Verum
564 2103 664 2136 huius
690 2103 849 2136 vot-abuti
876 2103 1007 2137 additio
1027 2104 1211 2137 amandare
1237 2115 1301 2137 nos
1326 2103 1463 2138 videtur
1482 2103 1524 2137 ad
1545 2103 1867 2137 rememorationem
1886 2102 1976 2136 tituli
1995 2107 2091 2135 sexto

411 2161 615 2206 praepositi;
636 2167 670 2194 ut
692 2160 745 2194 hie
764 2172 903 2206 quoque
924 2161 1075 2207 psalmus
1094 2161 1152 2194 sit:
1177 2162 1212 2194 in
1238 2160 1360 2199 finem,
1383 2162 1418 2194 in
1438 2160 1592 2206 hymnis,
1614 2172 1679 2206 pro
1698 2167 1829 2194 octava.
1850 2159 1994 2194 Videtur
2011 2159 2089 2205 qui-

412 2217 490 2251 dem
516 2217 599 2250 mihi
620 2218 726 2251 David
754 2220 846 2251 varia
868 2218 984 2251 multis
1011 2219 1045 2251 in
1072 2218 1155 2251 locis
1182 2219 1314 2252 ratione
1342 2225 1518 2264 peccatum
1545 2230 1562 2251 a
1588 2229 1623 2252 se
1649 2218 1870 2251 commissum
1895 2216 2087 2254 confessus,

412 2275 630 2319 peculiariter
650 2282 762 2309 autem
784 2282 997 2321 prae=entem
1019 2276 1191 2320 psalmum
1211 2276 1448 2309 memorialem
1469 2286 1541 2309 esse
1559 2275 1725 2314 voluisse,
1746 2286 1850 2320 quem
1867 2275 1902 2307 in
1921 2284 1982 2307 ore
2000 2283 2090 2307 sem-

413 2343 474 2376 per
501 2332 661 2371 haberet;
690 2339 791 2378 atque
817 2333 880 2366 hac
907 2333 1074 2367 cantilena
1103 2345 1202 2367 usum
1229 2333 1333 2367 fuisse
1359 2333 1401 2367 ad
1428 2334 1560 2367 animae
1588 2344 1668 2367 suae
1698 2333 1921 2367 curationem.
1950 2331 2089 2364 Precem

411 2391 526 2435 itaque
552 2391 593 2424 ad
620 2391 729 2424 Deum
756 2390 884 2426 adfert,
907 2402 973 2435 qua
1000 2391 1257 2436 impendentem
1286 2390 1520 2436 peecatoribus
1543 2391 1672 2424 cunctis
1697 2390 1783 2424 iram
1810 2390 1950 2427 avertit,
1972 2388 2090 2434 propi-

414 2448 568 2493 tiumque
595 2447 657 2481 sibi
685 2448 763 2481 facit
790 2447 920 2481 bonum
948 2449 1133 2481 Dominum
1162 2449 1214 2481 his
1240 2449 1382 2481 eximiae
1408 2447 1630 2481 confessionis
1654 2447 1808 2481 vocibus.

657 2514 788 2537 numne
805 2520 843 2536 ne
860 2515 893 2536 in
912 2514 1019 2536 siu-ore
1035 2516 1089 2536 {uo
1104 2520 1220 2541 ιιι-παυς
1236 2520 1300 2541 me,
1317 2520 1415 2541 neque
1432 2515 1465 2536 in
1482 2515 1534 2536 ira
1552 2516 1606 2536 tua
1624 2514 1777 2540 corripias
1793 2519 1850 2536 me.

509 2561 619 2596 Veluti
645 2564 671 2595 si
699 2563 774 2607 quis
801 2562 955 2601 medico,
984 2563 1041 2607 qui
1070 2569 1222 2601 cautere,
1252 2562 1364 2601 ferro,
1393 2561 1593 2608 acerbisque
1618 2562 1780 2597 antidotis
1805 2561 1848 2595 ad
1873 2561 1999 2595 ostensi
2025 2559 2088 2594 sibi

400 2618 526 2652 vmorbi
545 2620 735 2653 remedium
753 2621 802 2653 uti
823 2626 936 2665 parat,
961 2620 1067 2654 dicat:
1091 2632 1134 2654 ne
1151 2622 1228 2665 igne
1247 2620 1347 2658 mihi,
1372 2632 1499 2665 quaeso
1511 2647 1518 2659 ,
1540 2632 1652 2666 neque
1677 2627 1813 2654 cautere
1831 2625 1888 2653 aut
1906 2618 2086 2654 incisione,

416 2675 475 2707 sed
502 2677 665 2711 mollibus
684 2677 892 2722 mitibusque
912 2670 1104 2724 pharmacis
1128 2677 1299 2712 medeare.
1329 2679 1391 2711 Hic
1410 2685 1500 2712 certe
1519 2678 1624 2712 homo
1643 2677 1834 2712 remedium
1852 2687 1922 2710 non
1941 2675 2085 2720 respuit.

417 2731 475 2764 sed
502 2732 694 2767 molestiam
720 2734 981 2768 medicinarum.
1010 2734 1182 2769 Admirari
1208 2745 1292 2768 vero
1309 2761 1316 2773 ‚
1345 2741 1379 2768 ut
1407 2741 1514 2780 puto,
1543 2741 1575 2768 et
1600 2734 1741 2780 quidem
1771 2732 2087 2768 convenientissime

516 2817 549 2845 (12
572 2816 661 2842 variat
681 2817 708 2843 in
728 2817 849 2844 secundo
869 2817 920 2845 hoc
939 2817 1113 2845 hemistieliio
1131 2817 1257 2853 vulgatus
1276 2817 1322 2845 lat.
1343 2821 1446 2850 textu53
1466 2817 1513 2845 sed
1533 2818 1597 2845 itala
1616 2822 1692 2845 vetus
1710 2817 1783 2852 apud
1801 2816 1972 2845 Sabaterium
1992 2823 2086 2843 conso-

418 2861 465 2885 nat
485 2865 547 2885 cum
568 2866 663 2885 ‘graeco
683 2864 755 2887 textu
776 2866 802 2888 et
821 2869 884 2888 eum
904 2861 1014 2897 Cyrillo.
