2205 3177
1801 166 1815 173 ο

624 176 656 199 IN
683 176 862 199 EPISTOLAM
888 175 930 197 Αῐ)
956 174 1106 198 ΒΟΜΛΝΟΞ
1134 176 1204 199 CAP.
1234 176 1328 199 Ill—V.
1797 178 1818 198 ὁ)

139 241 288 288 gratuito
310 252 389 274 suae
410 241 536 285 gratiae
554 241 648 274 dono
665 240 839 274 iustificat:
860 240 990 285 positus
1008 240 1098 273 enim
1118 247 1166 274 est
1185 241 1383 286 propitiatio
1402 252 1463 286 per
1480 239 1585 274 {idem
1602 241 1637 274 in
1655 243 1819 287 sanguine

139 300 255 345 ipsius.
286 299 420 344 Quippe
446 299 472 332 is
499 300 679 344 proprium
705 298 903 342 sanguinem
932 297 1078 341 pretium
1107 299 1315 331 constituens
1343 299 1429 331 vitae
1455 299 1630 337 omnium,
1659 300 1818 333 universo

137 355 214 389 orbi
239 355 380 388 salutem
408 356 568 394 eontulit,
597 355 851 400 benignumque
877 359 907 387 et
927 353 1182 387 misericordem
1201 354 1309 388 effecit
1336 355 1435 389 nobis
1457 357 1565 389 Deum
1592 363 1722 402 patrem
1747 360 1804 403 qui

139 415 172 446 in
199 413 299 446 caelis
324 419 385 445 est.

665 476 800 500 cuinam
817 482 892 503 ergo
909 475 1077 504 gloriatio³
1094 475 1225 498 Exclusa
1242 478 1297 498 est.

235 529 317 569 Quis
335 530 426 562 enixn
444 530 587 562 omnino
605 527 658 561 vel
677 538 780 572 quam
800 525 846 559 ob
870 538 941 559 rem
960 524 1184 571 gloriabitur,
1206 526 1486 571 quandoquidem
1508 538 1627 561 omnes
1646 528 1721 563 faeti
1741 537 1819 564 sunt

139 586 293 624 inutiles,
319 593 351 619 et
378 598 396 620 a
416 592 505 620 recta
525 586 578 618 via
604 584 839 621 declinarunt,
862 583 996 616 nemine
1018 594 1159 628 prorsus
1178 582 1269 616 bona
1294 595 1398 629 opera
1421 584 1487 617 iam
1513 587 1711 620 exercente?
1729 588 1820 633 Ergo

139 643 273 676 exclusa
289 650 356 681 est,
374 644 501 688 inquit,
518 641 697 688 gloriatio;
715 652 838 686 nempe
856 640 996 686 expulsa
1014 647 1063 674 est
1082 646 1183 685 atque
1201 647 1394 686 perempta,
1412 654 1522 686 neque
1539 642 1629 676 ullus
1646 645 1711 677 iam
1729 645 1819 690 apud

140 713 202 733 nos
226 701 321 735 loeus
345 702 375 735 ei
403 706 568 746 superest.
594 698 778 738 Quomodo
806 705 918 732 autem
944 698 1078 732 exclusa
1105 698 1190 732 fuit?
1215 701 1344 745 Nempe
1368 700 1600 734 remissionem
1627 704 1820 747 praeterita-

141 770 216 791 rum
237 759 416 804 culparum
442 757 571 802 indepti
597 767 732 793 sumus,
758 756 991 790 misericordia
1012 763 1043 789 et
1063 757 1170 801 gratia
1195 756 1365 790 iustificati
1392 758 1495 802 gratis
1520 758 1553 791 in
1575 758 1720 793 Christo.

662 821 786 849 Ergone
804 821 903 849 legem
920 822 1106 851 abrogamus
1123 828 1178 849 per
1195 821 1302 844 fidem?

234 874 341 917 Moysi
365 872 414 905 illi
435 872 561 905 eximio
579 871 664 904 dixit
684 871 768 905 olim
790 872 946 904 omnium
966 872 1055 905 Deus
1071 871 1100 904 ⁹:
1128 885 1143 901 «
1163 871 1368 917 prophetam
1387 871 1557 905 suscitabo
1577 874 1624 906 eis
1643 873 1686 907 de
1706 875 1820 908 medio

141 931 283 963 l'ratrum
305 941 447 963 suorum
468 929 614 962 similem
632 930 699 962 tui:
721 934 752 962 et
773 929 949 974 impertiar
967 927 1072 962 verba
1091 940 1165 962 mea
1185 930 1237 962 ori
1255 930 1326 962 eius
1338 955 1345 967 ,
1366 929 1595 976 loqueturque
1612 931 1653 964 ad
1673 943 1731 965 eos
1747 944 1823 966 om-

140 989 193 1021 nia
220 999 306 1032 quae
332 998 539 1033 praecepero
566 987 628 1020 illi.
658 987 727 1020 Iam
753 987 778 1019 si
806 987 882 1031 quis
908 985 1124 1020 sermonibus
1143 986 1235 1020 haud
1263 987 1519 1026 auscultaverit,
1542 999 1629 1034 quos
1655 990 1822 1035 propheta

139 1046 276 1078 nomine
294 1056 372 1078 meo
394 1044 594 1090 protulerit.
619 1044 786 1077 ultionem
812 1055 922 1077 meam
949 1045 1154 1089 experietur.
1180 1058 1195 1075 >›
1222 1045 1304 1084 Quis
1324 1056 1407 1089 ergo
1427 1045 1593 1079 existimet
1613 1058 1631 1080 a
1655 1046 1753 1081 nobis
1773 1048 1823 1081 le-

138 1114 216 1147 gem
238 1114 298 1147 per
320 1101 425 1135 fidem
445 1113 514 1134 non
533 1103 623 1139 sisti,
641 1102 699 1146 qui
718 1112 911 1134 sermonem
931 1102 1002 1134 eius
1020 1101 1253 1135 admittimus?
1273 1102 1342 1134 Iam
1360 1113 1443 1135 xero
1463 1103 1661 1137 Emmanuel
1683 1111 1824 1150 propter

137 1170 233 1193 suam
261 1159 507 1192 humanitatem
529 1159 697 1203 propheta
719 1158 909 1204 appellatus
929 1165 995 1195 est,
1017 1159 1075 1203 qui
1094 1159 1218 1203 Moysis
1235 1159 1341 1191 instar
1366 1159 1532 1193 mediator
1553 1166 1602 1193 est
1619 1161 1678 1194 Dei
1705 1168 1737 1195 et
1762 1163 1823 1196 ho-

138 1217 282 1249 minum.
305 1216 443 1261 Alioqui
471 1216 524 1249 lex
547 1216 688 1261 quidem
709 1215 831 1249 umbra
856 1216 1025 1261 quaedam
1051 1221 1138 1253 erat,
1161 1216 1269 1250 nihilo
1293 1223 1405 1251 tamen
1429 1218 1541 1251 minus
1568 1219 1717 1253 xeritatis
1743 1219 1824 1265 ligu—

139 1285 211 1307 ram
234 1273 456 1319 parturiebat.
480 1275 588 1307 Porro
608 1280 708 1319 typos
726 1273 819 1307 haud
839 1273 982 1306 destruit
1007 1274 1151 1312 veritas,
1174 1274 1233 1307 sed
1251 1274 1351 1307 efficit
1370 1275 1628 1309 manifestiores.

253 1339 286 1361 Si
304 1340 387 1361 enim
406 1339 568 1362 Abraham
585 1346 620 1361 ex
638 1339 784 1366 operibus
801 1338 990 1361 iustificatus
1006 1341 1065 1366 est,
1082 1339 1218 1367 gloriari
1235 1341 1335 1366 potest
1351 1340 1402 1362 sed
1421 1347 1481 1363 nou
1499 1342 1582 1368 apud
1600 1341 1709 1365 Deum.

235 1389 469 1422 Necessarium
496 1387 668 1424 arbitror,
697 1388 742 1420 ait
767 1387 928 1432 quidam,
956 1388 983 1420 si
1011 1387 1054 1421 de
1083 1389 1303 1433 progenitore
1326 1388 1524 1424 Abrahamo
1551 1399 1704 1425 accurate
1730 1392 1823 1438 loqui

139 1446 315 1483 volumus,
333 1446 377 1477 ita
399 1456 592 1478 sermonem
614 1445 795 1478 instruere.
823 1444 958 1478 Dictum
982 1451 1033 1478 est
1056 1456 1075 1478 a
1096 1445 1248 1489 quodam
1267 1458 1285 1479 e
1309 1447 1431 1480 sanetis
1450 1447 1624 1494 discipulis
1643 1449 1674 1482 'z
1700 1464 1715 1481 «
1737 1462 1825 1484 mor—

140 1509 232 1536 tuam
252 1514 322 1535 esse
346 1503 417 1535 sine
442 1501 605 1547 operibus
628 1500 744 1535 fidem.
771 1515 786 1533 »
810 1500 916 1535 Addit
935 1508 1066 1536 autem:
1092 1516 1107 1533 ι(
1131 1503 1188 1535 x‘in
1215 1514 1440 1548 cognoscere,
1462 1505 1568 1539 homo
1593 1518 1697 1546 vane,
1721 1507 1823 1542 fidem

139 1561 210 1594 sine
233 1558 397 1605 operibus
421 1565 594 1592 mortuam
617 1559 711 1593 esse?
732 1572 748 1590 »
769 1558 946 1592 Abraham
968 1571 1092 1605 parens
1109 1566 1226 1594 noster
1248 1571 1362 1594 nonne
1381 1573 1420 1595 ex
1440 1562 1603 1608 operibus
1626 1564 1826 1599 iustificatus

137 1624 206 1656 est,
230 1617 339 1651 filium
359 1628 460 1651 suum
486 1616 635 1650 offerens
660 1617 813 1650 lsaaeum
839 1628 943 1662 super
965 1616 1093 1650 altare?
1112 1617 1203 1662 Ergo
1227 1629 1269 1651 ne
1289 1619 1458 1653 contraria
1478 1620 1624 1654 invicem
1648 1633 1666 1656 a
1686 1623 1757 1656 Deo
1775 1623 1826 1657 af-

139 1675 209 1709 flati
232 1676 387 1709 homines
404 1675 619 1720 loquuntur?
637 1674 728 1715 Quid
745 1685 825 1713 nos,
845 1674 1006 1720 inquam,
1030 1674 1073 1708 ad
1093 1675 1176 1709 haec
1195 1674 1361 1710 dicimus?
1379 1677 1417 1710 In
1434 1685 1641 1712 senectutem
1658 1681 1725 1714 iam
1744 1693 1826 1727 pro-

139 1739 236 1767 x‘ecto
248 1759 255 1770 ,
278 1734 450 1778 insperato
469 1731 657 1767 admodum
679 1731 904 1778 promittebat
922 1733 985 1778 ipsi
1004 1731 1117 1766 filium
1130 1734 1239 1772 Deus,
1261 1733 1439 1780 aiebatque
1459 1735 1532 1769 fore
1551 1743 1589 1770 ut
1605 1737 1757 1771 siderum
1773 1740 1826 1772 in-

139 1802 318 1824 numeram
341 1790 597 1823 multitudinem
623 1791 724 1835 stirps
749 1791 821 1824 eius
847 1790 1090 1824 aemularetur.
1120 1790 1181 1824 Ille
1203 1797 1316 1825 autem
1340 1792 1418 1837 quia
1446 1792 1604 1838 religiose
1629 1795 1825 1830 aestimabat

141 1849 384 1892 promissorem
403 1859 502 1880 suum
521 1847 606 1881 nihil
626 1859 697 1882 non
716 1859 816 1893 posse
828 1873 835 1886 ,
852 1847 980 1881 idcirco
993 1848 1054 1882 Dei
1070 1849 1287 1882 veracitatem
1304 1850 1499 1883 testimonio
1515 1862 1577 1884 suo
1598 1851 1821 1891 confirmans,

141 1905 250 1938 iustus
275 1903 318 1937 ab
340 1915 381 1937 eo
408 1904 576 1938 iudicatus
598 1910 665 1943 est,
690 1904 902 1950 dignumque
926 1911 995 1938 tam
1019 1906 1094 1951 piae
1116 1907 1240 1939 mentis
1262 1908 1452 1952 praemium
1477 1908 1609 1947 retulit,
1633 1911 1823 1955 priscorum

143 1961 328 1995 eriminum
344 1960 567 1995 oblivionem.
591 1962 759 2007 Sequente
778 1968 891 1995 tamen
914 1968 1068 2008 tempore
1092 1963 1219 1996 iustum
1240 1963 1415 1998 hominem
1435 1965 1525 1999 Deus
1542 1968 1708 2005 exercuit,
1731 1968 1824 2002 edito

142 2019 229 2051 eirca
259 2019 407 2051 lsaaeum
431 2018 590 2052 oraculo:
614 2030 734 2052 verum
760 2019 794 2052 in
820 2019 886 2053 hoe¹
910 2021 1037 2065 pariter
1064 2020 1175 2054 fidelis
1201 2021 1448 2067 religiosusque
1474 2022 1553 2061 fuit,
1575 2025 1633 2069 qui
1653 2025 1736 2057 nihil
1764 2026 1823 2059 Dei

142 2076 273 2109 raritati
291 2076 463 2121 praetulit.
486 2076 637 2122 Quippe,
657 2082 694 2110 ut
714 2077 759 2110 ait
773 2076 896 2110 Christi
916 2077 1103 2123 discipulus
1118 2079 1146 2111 ἐ
1168 2092 1183 2109 «
1204 2078 1290 2112 fides
1307 2079 1470 2124 operibus
1489 2081 1758 2127 cooperabatur,
1775 2083 1825 2115 vi-

143 2134 322 2178 cissimque
344 2145 449 2179 opera
470 2133 573 2168 fidem
598 2133 863 2168 confirmabant.
890 2150 905 2166 »
927 2135 1060 2169 Alieubi
1084 2143 1198 2170 autem
1220 2137 1431 2171 admirabilis
1456 2139 1579 2173 Paulus
1601 2140 1644 2173 (le
1667 2142 1825 2186 progeni-

144 2198 218 2225 tore
239 2190 435 2225 Abrahamo
459 2192 538 2225 dieit
561 2193 591 2225 ἐ
618 2206 633 2224 «
656 2192 723 2226 [ide
741 2192 865 2226 obtulit
887 2194 1036 2227 lsaaeum
1057 2200 1220 2233 tentatus,
1244 2201 1277 2228 et
1296 2196 1510 2241 unigenitum
1532 2197 1629 2231 illum
1653 2197 1822 2235 exhibuit,

143 2249 299 2293 quamvis
324 2248 366 2282 de
389 2261 429 2283 eo
452 2251 695 2295 promissiones
722 2257 908 2296 acceperat.
934 2252 1068 2297 Quippe
1090 2252 1152 2298 ipsi
1180 2252 1310 2286 dictum
1331 2253 1458 2287 fuerat:
1482 2256 1517 2287 in
1540 2255 1653 2289 lsaaeo
1677 2255 1826 2300 appella-

146 2305 238 2339 bitur
265 2306 323 2339 tibi
349 2318 480 2340 semen:
504 2307 685 2353 reputabat
709 2309 800 2342 enim
827 2320 926 2354 posse
952 2310 1062 2343 Deum
1086 2321 1104 2343 e
1129 2311 1275 2343 mortuis
1298 2322 1437 2356 quoque
1463 2323 1635 2346 revocare.
1667 2326 1681 2343 n
1708 2313 1826 2357 Itaque

143 2364 205 2396 etsi
226 2363 313 2397 forte
337 2363 510 2398 Abraham
530 2364 729 2399 iustificatus
747 2365 793 2400 ob
816 2366 851 2400 id
872 2366 1024 2405 dicatur,
1047 2367 1126 2413 quia
1149 2373 1296 2401 tentatus
1314 2367 1440 2402 obtulit
1459 2370 1625 2409 lsaaeum,
1653 2370 1823 2403 nihilomi-

144 2433 208 2454 nus
232 2432 268 2454 ea
295 2433 348 2455 res
369 2420 448 2455 fidei
475 2421 687 2457 firmissimae
711 2423 959 2458 demonstratio
984 2424 1123 2458 exidens
1148 2424 1223 2459 fuit.

601 2488 669 2511 Non
686 2489 785 2512 solum
802 2491 922 2517 autem,
939 2490 989 2513 sed
1007 2492 1039 2513 et
1055 2490 1231 2520 gloriantes
1248 2491 1281 2513 in
1298 2490 1373 2513 Deo.

239 2537 406 2570 Dominus
424 2543 541 2571 noster
559 2537 651 2572 Iesus
666 2538 819 2572 Christus
836 2551 916 2573 vere
934 2539 1170 2574 admirandam
1190 2541 1296 2586 patris
1312 2541 1372 2573 Dei
1390 2541 1580 2578 caritatem,
1602 2551 1705 2585 quam
1727 2540 1826 2574 nobis

142 2592 316 2632 exhibuit,
345 2594 519 2629 declarare
542 2595 681 2634 volens,
708 2596 949 2631 incarnationis
972 2604 1149 2643 peractum
1169 2609 1275 2643 opus,
1297 2603 1330 2631 et
1354 2598 1462 2631 crucis
1485 2597 1697 2643 passionem,
1725 2609 1825 2643 argu-

143 2653 249 2685 menti
275 2652 352 2686 loeo
374 2651 535 2698 protulit,
564 2654 610 2687 ita
627 2653 742 2687 dicens
765 2654 795 2687 ':
820 2668 835 2685 «
857 2654 943 2689 adeo
968 2655 1137 2689 mundum
1165 2655 1281 2688 dilexit
1304 2656 1412 2694 Deus,
1434 2661 1473 2688 ut
1497 2654 1607 2689 filium
1631 2667 1730 2689 suum
1752 2657 1826 2690 uni—

140 2711 295 2754 genitum
322 2709 473 2749 dederit,
496 2717 535 2744 ut
558 2711 714 2756 quisquis
739 2710 819 2745 huic
843 2712 1044 2751 crediderit,
1068 2712 1159 2746 haud
1185 2718 1318 2758 pereat,
1340 2712 1398 2745 sed
1422 2713 1526 2746 xitam
1553 2719 1724 2747 aeternam
1747 2725 1827 2747 eon-

141 2773 316 2812 sequatur.
343 2781 358 2799 »
382 2769 429 2801 Re
451 2779 531 2802 sane
549 2779 630 2801 vera
655 2779 755 2802 suum
781 2779 846 2814 pro
871 2768 971 2803 nobis
997 2769 1137 2803 tradidit
1158 2769 1284 2807 filium,
1310 2780 1442 2814 nosque
1468 2768 1546 2803 ideo
1572 2769 1738 2816 redempti
1760 2770 1827 2804 sui-

144 2835 241 2863 mus,
262 2831 292 2859 et
320 2836 336 2858 a
362 2831 473 2859 morte
497 2837 534 2859 ae
558 2832 696 2871 peccato
720 2826 839 2872 erepti.
867 2828 944 2860 Non
969 2828 1059 2861 enim
1086 2827 1184 2861 aliam
1209 2825 1255 2860 ob
1281 2838 1415 2861 causam
1435 2826 1585 2861 Verbum
1603 2839 1682 2862 earo
1701 2829 1824 2862 factum

1846 364 1883 383 (ir.
1896 370 1919 389 Ι».
1937 367 1944 384 ἰ

1856 478 1909 499 CtP.
1927 479 1964 498 lllv
1981 482 2004 499 27

1859 832 1879 846 v.
1896 829 1927 847 :31⁴

1861 880 1949 926 ignem.
1970 879 2049 900 XVlll,

1859 1351 1915 1371 Cir.
1931 1350 1968 1370 IV.
1984 1354 2002 1370 2,

1863 1468 1871 1475 ’
1887 1465 1930 1486 lac.
1947 1465 1974 1485 ΙΙ.
1992 1468 2021 1486 17.

1863 1981 1901 2002 Gr.
1915 1987 1938 2007 p.
1954 1985 1972 2000 5».

1865 2098 1871 2103 ·
1888 2095 1931 2115 Iac.
1947 2095 1974 2116 11.
1991 2098 2022 2115 22.

1866 2213 1872 2220 ⁴
1889 2211 1958 2232 Hebr.
1973 2210 2011 2232 Xl.
2026 2213 2055 2232 17.

1862 2501 1918 2522 Car.
1934 2500 1960 2521 V.
1976 2503 1994 2522 3.

1865 2676 1872 2683 ·
1889 2672 1938 2694 toh.
1954 2671 1993 2693 111.
2010 2675 2040 2692 10.
