2205 3177
791 187 823 210 m
848 187 1000 209 rsamrn
1026 187 1072 209 vi.
1708 174 1764 207 101

101 266 231 303 passus.
261 254 345 288 Nam
366 254 456 288 Deus
479 252 520 287 ad
541 252 831 286 immortalitatem
856 251 1032 284 hominem
1058 250 1228 284 condidit:
1250 249 1307 283 sed
1336 256 1516 296 postquam
1543 255 1658 294 spreto
1679 260 1775 282 man-

101 315 185 348 dato
212 312 253 346 ad
280 312 583 357 transgressionem
609 310 760 344 Adamus
784 310 984 355 progenitor
1010 309 1192 354 prolapsus
1218 314 1286 345 est,
1309 308 1472 341 continuo
1499 307 1605 340 factus
1631 313 1680 340 est
1708 318 1777 340 ma-

104 371 261 405 ledictus.
290 371 424 403 Dictum
450 370 541 403 enim
568 369 598 402 ei
617 368 698 402 fuit:
721 373 809 400 terra
832 359 884 403 es,
906 372 938 399 et
965 366 999 398 in
1020 372 1145 399 terram
1166 365 1287 399 abibis.
1315 364 1461 398 Turbata
1482 371 1560 398 sunt
1588 366 1701 410 itaque
1727 376 1780 397 sc—

102 429 254 462 cundum
283 440 422 473 quoque
449 427 535 461 hanc
567 426 732 460 rationem
762 429 965 457 cunctorum
993 434 1088 458 ossa.
1116 428 1285 468 quatenus
1315 423 1348 455 in
1376 428 1522 455 mortem
1551 434 1630 455 caro
1658 422 1781 455 dissol—

102 486 212 520 venda
240 492 301 519 est.
331 484 515 519 Subierunt
533 484 622 517 enim
644 483 753 527 ipsam
776 481 924 514 animam
945 479 1130 517 tumultus,
1153 481 1464 514 consternationeS.
1487 479 1781 525 cupiditatumque

104 543 270 588 tyrannis.
293 542 517 587 Corruptibili
540 540 701 574 nimirum
722 550 868 584 corpore
887 538 953 570 iam
973 537 1062 570 facto
1075 563 1082 574 ,
1105 537 1337 581 corruptionis
1356 538 1389 569 in
1409 548 1449 569 eo
1469 536 1686 582 pullularunt
1705 548 1783 582 pas-

103 601 235 637 sione-s.
256 606 288 633 et
309 600 437 645 peccati
456 600 510 633 lex
529 596 729 631 subintravit
744 621 752 633 ,
772 607 861 641 quae
881 595 991 628 carnis
1011 593 1175 627 membris
1196 595 1298 631 inest,
1319 604 1476 638 quaeque
1495 606 1535 627 ex
1556 594 1699 627 adxerso
1718 595 1782 626 mi—

103 657 174 691 litat
189 684 197 695 .
219 664 249 691 et
271 664 420 691 mentem
439 656 481 690 ad
501 654 689 689 absurdum
711 653 859 699 quodvis
877 653 1045 698 captivam
1067 651 1183 685 trahit.
1212 652 1311 684 Facta
1338 657 1385 684 est
1414 652 1515 695 igitur
1534 652 1703 685 humanae
1723 664 1783 686 na-⁴

104 722 200 749 turae
222 715 388 749 medicina
408 726 468 760 per
489 713 662 746 humanati
683 712 844 744 xit-tutem
860 711 1047 756 Unigeniti:
1068 709 1123 743 hic
1141 710 1231 742 enim
1251 709 1509 754 corruptionem
1527 709 1697 746 cohibuit,
1716 721 1784 742 om-

105 774 201 806 nium
221 784 295 806 ossa
322 773 472 817 dispersa
499 770 699 815 conligavit:
723 782 741 802 a
766 769 1041 803 consternatione
1060 766 1212 813 qualibet
1239 773 1269 800 et
1291 765 1568 812 perturbatione,
1590 778 1626 799 ac
1647 768 1783 811 pavori-

105 829 186 868 bus.
208 828 450 876 cupiditatibus
467 828 615 873 denique
634 838 671 861 ac
691 826 861 860 diabolica
883 826 1118 871 praepotentia
1144 824 1289 858 liberam
1314 824 1463 857 hominis
1482 829 1637 856 naturam
1657 824 1779 858 effer-it.

706 893 746 917 Et
764 895 814 920 tu,
830 892 976 919 Domine,
994 899 1089 919 usque
1105 892 1182 919 quo?

202 947 312 979 Immo
337 956 440 983 vero,
461 946 486 979 si
513 944 595 990 quid
616 945 723 989 magis
748 944 932 988 mysticum
957 941 1142 975 dicendum
1167 947 1216 975 est
1237 941 1303 985 (l).
1325 939 1417 974 haud
1445 941 1597 985 increpat
1616 940 1675 985 Dei
1695 940 1785 973 iudi-

106 1005 155 1037 cia
183 1003 369 1049 propheta.
392 1014 502 1049 neque
528 1009 702 1048 tamquam
731 1001 923 1035 tardantem
950 1006 983 1034 et
1009 1011 1112 1045 opem
1140 999 1229 1032 ferre
1256 999 1503 1032 detrectantem
1521 1003 1652 1031 accusat
1672 997 1784 1031 domi-

105 1072 188 1094 num
212 1060 461 1097 universalem;
481 1060 541 1093 sed
561 1060 707 1105 exquirit
738 1060 852 1104 potins
879 1058 1044 1091 adventas
1071 1056 1193 1090 Christi
1213 1063 1367 1101 tempus,
1389 1056 1447 1100 qui
1467 1054 1607 1087 demum
1626 1054 1681 1087 die
1702 1054 1787 1088 heb-

105 1117 274 1152 domadae
299 1124 418 1151 octaxa
444 1118 643 1151 resurrexit.
673 1117 900 1157 Quandonam
928 1116 1038 1150 enim.
1060 1115 1187 1159 inquit.
1209 1113 1282 1147 dies
1308 1113 1415 1147 aderit
1439 1114 1497 1158 qui
1526 1124 1587 1158 per
1613 1119 1705 1145 tuam
1733 1124 1786 1146 rc-

105 1176 354 1209 surrectionem
373 1176 552 1209 sanitatem
570 1174 671 1209 nobis
692 1174 877 1219 largietur?
900 1173 1053 1218 Denique
1078 1171 1182 1205 dictio
1206 1186 1220 1202 α
1243 1183 1351 1216 usque
1375 1182 1445 1215 quo
1466 1185 1481 1201 ›>
1504 1170 1786 1216 procrastinatam

106 1244 244 1278 quoque
272 1234 514 1279 paenitentiam
540 1233 691 1266 denotat.

543 1298 698 1324 Quoniam
716 1304 776 1320 non
793 1299 837 1319 est
856 1297 889 1319 in
907 1298 1005 1319 morte
1021 1296 1075 1322 qui
1094 1301 1209 1317 memor
1226 1295 1268 1316 sit
1287 1294 1346 1317 ῑιιί.

204 1348 302 1382 Certe
322 1349 379 1392 qui
400 1347 503 1381 semel
522 1348 643 1380 mortis
661 1346 807 1379 vinculis
826 1351 944 1390 captus
963 1344 1063 1378 fuerit
1077 1370 1084 1382 ,
1106 1343 1191 1377 nulli
1218 1344 1282 1376 iam
1306 1344 1424 1376 virtuti
1444 1343 1590 1377 idoneus
1614 1344 1689 1376 erit.
1712 1345 1790 1377 Non

109 1411 178 1444 est,
200 1406 326 1450 inquit,
348 1406 382 1438 in
410 1411 521 1438 morte
549 1405 607 1449 qui
637 1415 772 1437 memor
799 1404 839 1436 sit
867 1403 933 1439 tui,
962 1401 997 1435 id
1023 1408 1071 1434 est
1099 1402 1157 1446 qui
1187 1400 1347 1434 mandata
1373 1400 1427 1434 tua
1457 1400 1640 1435 observare
1666 1408 1786 1447 queat,

109 1463 235 1496 auxilio
259 1463 397 1507 spiritus
424 1463 491 1494 iam
520 1461 713 1494 destitutus.

111 1527 130 1558 ζ’
614 1528 617 1529 ’
729 1526 883 1549 Lanos-mi
902 1526 935 1548 in
954 1526 1072 1553 gemitu
1090 1531 1166 1547 meo.

205 1579 317 1611 Monet
340 1588 419 1615 nos,
441 1576 535 1622 quod
558 1577 579 1609 ii
600 1577 658 1621 qui
677 1576 749 1609 Deo
770 1575 905 1621 placere
929 1574 1065 1608 student
1079 1600 1086 1610 ,
1107 1573 1198 1607 haud
1219 1574 1253 1607 in
1275 1574 1347 1607 otio
1368 1580 1401 1607 et
1425 1585 1547 1608 somno
1573 1581 1674 1620 atque
1694 1576 1790 1620 igna-

109 1635 163 1668 via
183 1641 338 1680 tempora
359 1641 527 1668 nocturna
548 1633 728 1667 traducere
747 1631 911 1669 debeant:
934 1632 968 1665 id
989 1632 1080 1665 enim
1100 1631 1358 1665 stolidissimum
1380 1637 1446 1671 est,
1468 1630 1655 1677 beluasque
1675 1632 1788 1669 decet:

110 1692 169 1726 sed
188 1693 222 1725 in
242 1691 539 1726 lucubrationibus
558 1693 691 1737 potius,
712 1689 864 1735 bonique
884 1690 998 1735 operis
1018 1689 1143 1734 vigiliis
1162 1700 1375 1722 consumere.
1399 1690 1575 1738 Optimum
1595 1690 1723 1735 quippe
1742 1697 1790 1724 est

112 1751 145 1783 in
171 1750 307 1784 silentio
327 1751 502 1796 potissime
522 1761 560 1783 ac
579 1748 765 1783 solitudine
788 1760 865 1781 cum
888 1748 960 1781 Deo
985 1747 1090 1781 veluti
1118 1747 1270 1792 colloqui
1294 1759 1356 1793 per
1378 1747 1555 1780 adsiduam
1580 1748 1788 1785 orationem,

111 1814 144 1841 et
171 1809 362 1854 agnitarum
389 1808 570 1853 culparum
595 1807 731 1840 veniam
757 1805 950 1852 postulare:
973 1806 1113 1851 insuper
1138 1817 1216 1839 eum
1242 1816 1330 1850 quae
1355 1811 1431 1838 sunt
1459 1805 1592 1838 animae
1611 1804 1706 1838 utilia
1734 1816 1791 1838 ro-

112 1876 209 1910 gare,
232 1872 263 1899 et
291 1866 502 1899 canticorum
529 1865 679 1898 melodia
703 1863 878 1898 celebrare
903 1863 962 1908 (2).

659 1930 819 1953 Turbatus
835 1932 879 1952 est
899 1930 1006 1951 surore
1023 1929 1130 1952 oculus
1146 1935 1240 1952 meus,

208 1983 364 2016 Fortasse
384 1987 522 2016 revocat
547 1980 610 2014 sibi
630 1980 797 2026 propheta
819 1981 852 2012 in
872 1980 1090 2016 memoriam,
1112 1990 1199 2024 quae
1224 1978 1393 2012 humanae
1412 1984 1554 2012 naturae
1573 1978 1768 2012 acciderunt
1781 2005 1788 2015 ,

111 2039 160 2074 ob
187 2041 297 2074 Deum
327 2039 392 2074 sub
423 2040 558 2085 generis
585 2039 691 2072 nostri
721 2037 920 2083 primordiis
945 2036 1135 2073 offensum.
1163 2036 1198 2069 id
1229 2043 1278 2069 est
1306 2035 1370 2069 sub
1397 2036 1542 2069 Adamo.
1572 2037 1660 2069 Ante
1689 2048 1791 2082 quam

113 2099 207 2132 enim
235 2098 289 2131 hic,
319 2098 425 2131 dix-ini
454 2097 626 2143 praecepti
652 2095 934 2131 oblivisceretur.
964 2094 1110 2127 nitidum
1138 2093 1257 2127 hahuit,
1283 2094 1443 2130 oculum.
1472 2100 1652 2139 totumque
1679 2094 1791 2128 dixina

113 2155 405 2201 contemplatione
431 2161 464 2188 et
490 2154 591 2188 bonis
613 2151 877 2199 cogitationibus
902 2158 1124 2197 occupatum,
1146 2151 1428 2196 defaecatumque
1454 2162 1491 2184 ac
1517 2151 1635 2184 divino
1663 2151 1792 2184 lumine

116 2212 367 2246 collustratum.

526 2277 683 2299 Discedite
699 2283 717 2298 a
734 2282 782 2298 me
798 2281 902 2298 omnes
918 2275 973 2301 qui
989 2275 1163 2302 operamini
1180 2275 1392 2302 iniquitatem.

214 2328 333 2361 Narrat
360 2325 655 2372 quemadmodum
687 2326 788 2359 animi
808 2325 970 2359 laetitiam
991 2327 1256 2371 recuperaverit.
1284 2325 1485 2359 Exauditam
1513 2326 1604 2359 enim
1632 2325 1732 2359 fuisse
1753 2326 1797 2358 ait

118 2396 236 2418 vocem
268 2384 366 2418 [letus
396 2385 466 2419 sui.
497 2395 681 2429 precesque
709 2389 879 2428 exceptas.
910 2384 1063 2416 lamx‘ero
1093 2394 1213 2416 rocem
1246 2382 1328 2417 dicit
1356 2395 1425 2417 non
1454 2383 1555 2429 plane
1586 2383 1678 2416 illam
1706 2394 1794 2428 quae

119 2442 217 2476 labiis
242 2443 427 2481 emittitur,
450 2453 570 2476 verum
591 2453 665 2475 eam
692 2442 806 2487 potius
830 2452 917 2486 quae
936 2452 997 2486 per
1018 2447 1111 2474 actus
1130 2440 1390 2486 quodammodo
1415 2441 1458 2474 ad
1484 2442 1592 2475 Deum
1620 2440 1791 2485 dirigitur.

117 2501 221 2534 Sicuti
250 2501 341 2534 enim
366 2505 415 2533 est
434 2511 501 2533 vox
521 2500 668 2544 peccati,
689 2500 737 2532 uti
767 2499 897 2533 dictum
915 2499 1020 2532 Caino
1039 2498 1099 2532 fuit
1120 2499 1150 2535 “,
1171 2509 1237 2532 vox
1264 2499 1436 2543 sanguinis
1463 2498 1575 2531 fratris
1600 2498 1647 2531 tui
1672 2498 1793 2532 clamat

120 2558 162 2592 ad
182 2570 236 2592 me
250 2585 257 2597 ‚
278 2559 324 2591 sic
343 2559 444 2591 etiam
463 2557 687 2603 paenitentiae
705 2563 752 2590 est
773 2569 837 2590 vox
852 2584 860 2595 ‚
882 2558 934 2590 cui
959 2558 1046 2590 Deus
1065 2557 1243 2590 auscultat.
1265 2558 1333 2589 Nec
1352 2557 1532 2601 quisquam
1556 2555 1642 2588 dicat
1657 2581 1664 2593 ,
1686 2556 1794 2589 Deum

119 2628 139 2650 a
157 2615 258 2649 nobis
276 2627 458 2661 exposcere
476 2626 595 2648 vocem
618 2614 784 2653 xalidann
807 2627 874 2648 non
898 2616 988 2648 enim
1009 2615 1056 2648 sic
1079 2625 1178 2648 orare.
1198 2615 1278 2647 iussi
1301 2613 1440 2647 fuimus.
1463 2612 1655 2646 Clamorem
1676 2619 1794 2647 contra

120 2674 202 2708 dicit
229 2673 294 2707 hoc
320 2674 398 2707 loco
425 2684 542 2718 preces
568 2683 646 2706 cum
673 2671 808 2711 labore,
830 2672 1020 2706 cuiusmodi
1047 2678 1243 2705 sanctorum
1270 2682 1345 2704 mos
1372 2677 1434 2704 est.

217 2774 253 2803 (ι)
272 2770 354 2797 Vides
376 2769 434 2796 heic
456 2769 631 2804 posteriorem
652 2767 844 2796 tantummodo
866 2769 1002 2805 cyrilliani
1025 2768 1170 2803 fragmenti
1187 2771 1301 2802 partem.

220 2818 256 2847 (2)
274 2817 348 2842 Laus
368 2822 462 2841 rursus
478 2813 632 2849 vigiliarum
654 2814 811 2848 praesertim
834 2813 978 2840 hominum
1001 2813 1190 2840 asceticarum.
1211 2812 1311 2837 Extant
1329 2812 1436 2843 egregia
1454 2810 1509 2838 duo
1528 2811 1563 2838 de
1579 2819 1722 2838 servornm
1744 2814 1796 2839 Dei

122 2860 243 2895 viqz'lz'is,
254 2864 281 2887 et
295 2860 331 2886 de
343 2859 524 2894 psalmodiae
539 2858 621 2891 bono,
635 2857 732 2885 Nicetii
749 2857 904 2885 trevirensis
917 2858 1034 2893 episcopi
1048 2860 1131 2889 (saec.
1144 2858 1205 2888 Vl.)
1220 2855 1292 2891 apud
1303 2855 1481 2883 Gallandium
1497 2855 1525 2883 in
1538 2855 1609 2883 Bibl.
1620 2856 1672 2884 PP.
1685 2857 1715 2882 T.
1728 2857 1791 2883 xlt.

1834 2283 1853 2297 t.
1870 2282 1887 2296 ἰ.

1836 2515 1841 2520 “
1859 2512 1915 2533 Gen.
1933 2511 1969 2532 lv.
1988 2513 2017 2531 10.
