2205 3177
204 411 244 425 tt·
275 405 304 426 ΙΙΙ
331 416 338 421 -

169 806 232 826 ‘11'
259 806 285 825 13!
314 808 331 824 1.

197 1441 203 1446 '
220 1437 263 1458 [ιτ
291 1437 296 1457 Ι
322 1439 332 1457 ί

171 1499 177 1504 ”
195 1495 243 1516 91.ss
270 1495 298 1515 l'l
322 1502 330 1515 ι

170 1670 176 1675 ·
194 1665 219 1686 Pr
269 1666 297 1686 111
322 1669 332 1685 ἵ

151 1836 332 1858 'llffllssi

158 2065 165 2071 ”
182 2064 228 2083 Mtv
246 2061 285 2082 ΣΥ
311 2064 332 2082 t<

154 2413 159 2417 ”
176 2408 196 2429 lo
219 2409 286 2430 um
311 2412 335 2430 τ.-

392 206 406 238 S
886 212 914 235 S·
943 212 1070 235 evniat
1096 212 1317 236 Ammonis!
1343 213 1549 238 nxruuurto

385 279 552 325 nobisque
576 284 607 311 et
631 277 752 311 ceteris
773 274 933 310 omnibus
958 275 1212 311 adfirmandum
1229 283 1296 311 est:
1316 283 1416 323 puta.
1433 278 1528 323 quod
1546 278 1673 314 adtinet
1697 281 1739 314 ad
1759 281 1938 316 iustitiam.
1960 282 2050 317 haud

385 336 532 370 absurde
549 335 626 380 quis
649 331 907 380 pmnunciabit:
933 340 1007 367 esto
1031 334 1120 368 Deus
1143 336 1270 370 iustus.
1297 336 1410 369 omnis
1434 343 1546 370 autem
1573 336 1677 371 homo
1703 339 1857 373 iniustus.

739 399 774 421 Sl
791 401 895 422 anu·-
913 399 1066 427 tuh-lm
1083 402 1188 423 noun
1204 401 1359 424 luunt·
1376 400 1434 424 net
1451 402 1653 425 eon-eadn-
1668 403 1703 432 (t)

479 449 728 483 Criminationis
752 448 946 482 huiusmodi
965 448 1028 483 fuit
1046 449 1128 484 haec
1151 451 1294 484 occasio.
1323 451 1398 484 Post
1422 450 1572 485 reditum
1593 451 1786 497 Babylone.
1810 453 1870 488 filii
1896 455 2053 489 lsralielis

385 521 400 541 :i
419 508 507 552 Cyro
525 507 602 540 iussi
622 505 789 551 templum
809 506 867 539 Dei
889 513 1097 542 restaurare.
1120 519 1237 553 preces
1260 519 1439 554 per-igere.
1459 510 1679 554 victimasque
1699 509 1843 547 offerre.
1862 512 2052 546 socorditer

383 578 417 598 se
442 563 623 609 gerebant.
643 569 879 609 paupertatem
898 570 1091 600 causantes.
1115 571 1147 598 et
1173 566 1372 611 praeteritae
1389 566 1589 611 captivitatis
1608 577 1798 600 aerumnas.
1820 567 2051 608 Quamobrem

381 619 648 666 mugi-uentibus
665 618 917 665 castigabantur
934 620 1202 656 eruditionibus.
1226 622 1362 667 frugum
1381 623 1535 657 w‘delioet
1561 623 1736 658 sterilitate
1754 630 1787 658 et
1813 623 1974 659 imbrium
1994 625 2052 659 de-

380 679 518 712 siderio.
548 678 638 723 Ergo
665 678 725 712 has
751 678 869 724 plagas
893 690 994 723 aegre
1019 678 1182 713 serentes.
1211 677 1329 713 beatos
1352 679 1514 714 dicebant.
1535 680 1688 715 ethnicos
1712 687 1745 715 et
1771 682 1830 727 qui
1849 681 1957 715 Deum
1984 693 2052 716 non

382 735 559 771 nolebant.
586 747 647 769 ceu
674 735 795 769 laetam
823 737 926 769 xitam
953 742 1108 780 agentes.
1135 747 1263 780 eosque
1286 736 1427 770 meliore
1450 748 1553 782 quam
1577 749 1612 772 se
1635 737 1700 771 frui
1725 744 1816 772 sorte
1837 737 2051 773 dictitabant.

382 794 598 838 Quapropter
624 793 671 826 sic
698 792 889 826 lsrahelitas
920 791 1099 825 Malachias
1128 792 1296 837 propheta
1322 792 1574 839 alloquebatur.
1606 795 1616 804 '
1646 809 1662 825 «ι
1690 795 1816 829 Graves
1842 795 1876 828 in
1903 806 1959 828 me.
1985 806 2054 829 ser-

380 861 501 883 mones
519 851 713 884 eructastis.
741 850 851 895 inquit
872 850 1049 882 Dominus.
1077 849 1144 882 Vos
1167 859 1249 882 xero
1274 849 1512 895 respondistis:
1532 851 1615 897 quid
1641 863 1748 897 porro
1767 851 1929 886 adversus
1954 858 1986 886 te
2004 851 2054 886 lo—

381 908 449 939 cuti
473 907 612 940 sumus?
638 907 792 942 Dixistis.
821 907 886 940 ait:
914 905 1017 939 stulte
1040 906 1127 950 agit.
1147 906 1206 951 qui
1230 906 1302 940 Deo
1327 906 1527 941 famulatur.
1548 908 1637 949 Quid
1662 909 1752 942 enim
1778 907 1878 942 nobis
1903 908 2052 954 profuit,

380 963 475 1009 quod
501 964 572 997 eius
598 963 754 997 mandata
780 962 898 997 obser*
908 964 1055 1000 azimus,
1080 969 1112 996 et
1136 974 1252 996 noram
1278 964 1514 1009 omnipotente
1539 966 1611 999 Deo
1636 965 1805 1011 supplices
1831 965 2055 1000 incessimus?

382 1022 431 1054 En
457 1020 572 1055 beatos
593 1033 610 1055 a
634 1019 733 1054 nobis
757 1020 944 1066 praedicari
965 1020 1118 1054 ethnicos
1141 1031 1277 1054 necesse
1293 1026 1362 1057 est:
1381 1021 1442 1066 qui
1465 1021 1568 1059 dum.
1586 1029 1728 1068 peccant
1746 1022 1846 1058 bonis
1865 1029 2053 1069 augentur:

381 1078 464 1111 dum
484 1079 555 1111 Deo
574 1077 817 1113 adversantur.
836 1077 981 1111 salutem
1005 1083 1274 1122 consequuntur.
1295 1077 1386 1111 naec
1404 1077 1549 1112 inuicem
1569 1078 1800 1124 loquebantur
1823 1080 1882 1126 qui
1903 1086 2000 1114 erant
2018 1081 2053 1114 in

381 1135 546 1180 religione
571 1135 732 1168 timorati.
757 1135 796 1167 Et
817 1133 968 1168 adtendit
989 1135 1173 1169 Dominus.
1193 1140 1295 1180 atque
1313 1133 1455 1168 audin'i.
1481 1149 1496 1165 υ
1516 1135 1627 1172 Haec.
1647 1136 1756 1181 inquit
1774 1136 1936 1182 (Paulus)
1955 1147 2053 1171 causa

324 1206 332 1223 ε
380 1199 468 1227 emt.
496 1191 722 1238 quamobrem
744 1191 885 1237 quidam
903 1193 1134 1226 existimarent
1160 1202 1178 1224 a
1204 1191 1339 1225 ludaeis
1357 1190 1444 1225 dici:
1470 1191 1560 1225 mala
1579 1203 1781 1237 operemur.
1802 1199 1837 1227 ui
1862 1192 1954 1228 bona
1975 1204 2056 1227 oon-

379 1261 575 1295 sequamur.
598 1250 686 1283 luste
706 1249 859 1295 profecto
876 1249 1082 1283 condemnat
1108 1260 1184 1284 ωε.
1204 1250 1264 1294 qui
1284 1255 1341 1283 aut
1369 1248 1474 1283 verba
1498 1248 1555 1283 illa
1579 1249 1712 1284 ludaeis
1737 1248 1977 1296 adtingebant.
1999 1255 2056 1283 aut

380 1307 492 1340 dicere
518 1305 708 1341 audebant:
730 1306 819 1340 male
843 1318 999 1352 agamus.
1021 1312 1056 1339 ut
1083 1305 1171 1340 bene
1190 1305 1292 1340 nobis
1314 1306 1459 1340 eveniat.

773 1372 861 1396 Sane
877 1375 982 1395 nute-
997 1372 1065 1395 dne
1080 1371 1150 1401 lege
1166 1372 1291 1395 iustiti·
1308 1370 1368 1395 Del
1383 1371 1586 1395 mnne-uu
1603 1374 1660 1394 est.

477 1421 643 1467 Equidem
666 1421 711 1455 de
727 1421 899 1468 aliquibus
921 1421 1050 1455 dictum
1076 1422 1146 1454 scio
1166 1421 1195 1456 '.
1217 1420 1312 1466 quod
1337 1420 1441 1455 ambo
1464 1421 1543 1454 iusti
1566 1420 1711 1458 fuerint.
1733 1421 1927 1456 inoedentes
1943 1421 1978 1454 in
1996 1421 2057 1455 Dei

381 1479 550 1513 mandatis
575 1490 614 1514 ac
638 1478 934 1513 iustificationibus
960 1479 1082 1512 Christi
1108 1478 1156 1522 12.)
1182 1478 1253 1511 sine
1279 1477 1433 1522 querela.
1461 1478 1584 1510 Beatus
1610 1477 1712 1511 etiam
1737 1477 1861 1511 Paulus
1887 1478 1933 1511 ait
1958 1478 1969 1488 '
1986 1503 1995 1515 .
2021 1488 2058 1512 se

379 1549 520 1583 quoque
538 1537 724 1571 secundum
743 1536 827 1582 legis
844 1537 1005 1570 iustitiam
1024 1533 1377 1581 inreprehensibiliter
1395 1535 1528 1568 misse.
1551 1534 1793 1568 Verumtamen
1810 1535 1870 1581 qui
1891 1535 1927 1568 in
1946 1534 2059 1569 huius·

379 1595 473 1628 modi
499 1605 635 1628 morum
662 1593 779 1639 regula
803 1591 1118 1639 inreprehensibilis
1144 1591 1264 1627 fuerit.
1292 1590 1449 1625 nondum
1471 1591 1516 1624 ita
1542 1602 1577 1625 se
1594 1592 1715 1637 gessit,
1742 1597 1780 1625 ut
1799 1590 1978 1638 splendida
2002 1601 2059 1626 ce-

381 1651 536 1697 lebrique
561 1653 686 1685 virtute
710 1650 882 1697 praeditus
907 1650 1074 1684 n‘deatur.
1103 1650 1188 1683 Ecce
1214 1649 1306 1682 enim
1331 1647 1451 1683 beatus
1474 1648 1590 1682 denuo
1613 1648 1737 1682 Paulus
1763 1649 1808 1683 ait
1835 1650 1866 1687 ⁹,
1892 1648 2056 1695 quicquid

381 1711 414 1743 in
440 1710 513 1755 lege
536 1716 638 1744 esset.
666 1709 908 1743 detrimentum
932 1719 950 1741 a
968 1719 1004 1741 se
1026 1707 1227 1741 existimari.
1255 1712 1286 1740 et
1307 1707 1414 1740 instar
1437 1707 1596 1740 stercoris
1618 1706 1778 1745 iudicari:
1805 1707 1924 1752 quaeri
1943 1712 2058 1741 autem

379 1767 613 1800 excellentiam
636 1767 794 1800 scientiae
814 1766 951 1800 Christi.
975 1765 1044 1798 lam
1067 1775 1151 1798 vero
1168 1763 1222 1797 lex
1248 1770 1514 1809 transgressores
1536 1774 1618 1797 suos
1636 1763 1777 1809 ipsamet
1795 1763 1948 1797 damnat.
1969 1764 2059 1797 Hinc

379 1823 460 1857 alibi
489 1825 531 1857 ait
558 1824 680 1856 Paulus
708 1825 738 1855 ⁸:
770 1837 784 1852 α
814 1824 839 1856 si
866 1823 958 1856 enim
985 1821 1213 1855 damnationis
1241 1820 1467 1854 ministerium
1492 1819 1637 1866 gloriam
1664 1819 1789 1859 habet,
1813 1819 1925 1855 multo
1950 1819 2059 1854 abun-

379 1880 535 1914 dantiore
553 1882 699 1914 iustitiae
717 1881 944 1914 ministerium
961 1879 1069 1925 gloria
1088 1884 1244 1912 ornatur.
1266 1892 1282 1909 ι
1300 1877 1364 1911 Sed
1382 1879 1473 1911 enim
1489 1889 1597 1923 quum
1615 1877 1763 1923 plurima
1781 1878 1847 1911 sint
1863 1876 1950 1923 legis
1967 1887 2059 1924 prae-

379 1945 493 1983 cepta.
516 1938 617 1983 plane
635 1948 769 1971 necesse
787 1942 854 1971 est.
874 1942 1069 1970 accuratum
1089 1945 1228 1980 quoque
1246 1934 1399 1968 eiusdem
1418 1933 1676 1968 observatorem
1688 1961 1696 1969 .
1713 1933 1888 1968 interdum
1901 1932 1989 1972 labi.
2009 1933 2059 1969 le-

379 1996 498 2042 gisque
525 2002 808 2041 transgressorem
833 1993 919 2028 sieri.
949 1993 1048 2034 Quod
1075 1999 1188 2026 autern
1214 1993 1327 2038 graiis
1353 2003 1470 2025 revera
1496 1991 1549 2026 lex
1579 1993 1746 2027 extiterit.
1774 1992 1954 2038 perspicue
1982 1990 2059 2025 fassi

379 2059 458 2086 sunt
479 2052 548 2085 divi
566 2052 736 2098 discipuli.
765 2052 927 2085 Dixerunt
951 2052 1042 2084 enim
1063 2052 1094 2082 ¹:
1121 2065 1135 2079 «ι
1159 2061 1249 2083 nunc
1277 2050 1390 2095 itaque
1416 2061 1478 2083 cur
1503 2050 1612 2083 Deum
1633 2050 1787 2086 tentatis.
1811 2054 1848 2083 ut
1865 2049 1984 2094 iugum
2000 2049 2060 2083 im·

379 2116 528 2156 ponatur
552 2107 741 2142 cervicibus
764 2107 1012 2154 discipulorum
1026 2133 1034 2142 .
1053 2107 1147 2153 quod
1169 2118 1279 2152 neque
1303 2113 1417 2153 patres
1441 2107 1547 2140 nostri
1571 2118 1681 2152 neque
1700 2117 1763 2140 nos
1780 2112 1918 2152 portare
1943 2106 2059 2153 potui-

378 2167 479 2200 mus?
502 2182 516 2197 ι
537 2167 650 2206 Quum
677 2176 759 2211 ergo
781 2165 906 2199 ethnici
932 2163 996 2198 sub
1014 2171 1152 2210 peccato
1170 2163 1350 2209 degerent.
1371 2165 1499 2210 quippe
1515 2165 1574 2210 qui
1595 2169 1784 2198 creatorem
1802 2175 1903 2197 suum
1921 2163 2059 2209 ignora-

380 2223 481 2261 bant:
503 2224 617 2258 ludaei
642 2230 755 2257 autem
773 2223 920 2257 violatae
938 2223 1021 2269 legis
1047 2223 1094 2256 rei
1117 2228 1246 2257 essent:
1268 2233 1404 2256 necesse
1424 2221 1504 2258 fuit.
1526 2228 1560 2255 ut
1585 2227 1755 2267 quotquot
1775 2222 1809 2255 iii
1832 2220 1919 2256 orbe
1941 2226 2056 2259 erant.

380 2294 397 2315 a
414 2281 550 2315 Christo
569 2281 843 2315 iustificarentur.
866 2279 1038 2314 lustiticati
1059 2286 1171 2314 autem
1194 2279 1321 2313 fuimus
1338 2279 1430 2313 haud
1448 2278 1607 2325 equidem
1628 2279 1772 2312 iustitiae
1789 2277 1953 2325 operibus
1968 2288 2058 2324 quae

381 2345 514 2373 nosmet
539 2340 719 2385 gessimus.
747 2337 806 2371 sed
827 2349 889 2383 per
911 2338 984 2371 eius
1005 2336 1260 2371 misericordiae
1284 2337 1431 2383 copiam.
1460 2337 1536 2382 lpse
1557 2337 1648 2370 enim
1674 2342 1741 2373 est.
1765 2336 1825 2382 qui
1850 2335 1934 2370 olim
1955 2335 2058 2370 etiam

382 2397 628 2443 prophetarum
646 2407 707 2430 ore
725 2395 854 2429 dixerat
875 2396 904 2427 ἐ
929 2409 945 2424 ιι
966 2404 1032 2440 ego
1050 2405 1125 2427 sum
1144 2395 1202 2439 qui
1222 2394 1322 2428 deleo
1341 2400 1476 2440 peccata
1495 2400 1569 2431 tua.
1586 2404 1736 2439 quorum
1755 2393 1883 2427 diutius
1898 2404 1969 2427 uon
1985 2403 2060 2427 me-

381 2455 526 2488 minero.
546 2469 561 2484 »
576 2454 687 2487 Gratia
702 2463 786 2486 xero
805 2450 989 2486 iustificans
1007 2452 1137 2485 cunctis
1152 2462 1260 2496 aeque
1279 2451 1493 2497 supervenit,
1511 2449 1644 2485 ludaeis
1662 2451 1820 2496 inquam.
1835 2455 1937 2496 atque
1953 2448 2059 2484 ethni-

382 2512 447 2546 cis.
467 2512 547 2556 quia
564 2511 676 2545 cuncti
694 2510 821 2555 pariter
845 2513 1087 2554 peccaverunt.
1108 2514 1140 2542 et
1164 2508 1251 2541 infra
1271 2508 1332 2542 Dei
1351 2508 1496 2553 gloriam
1518 2513 1608 2541 sunt.
1634 2508 1706 2541 lam
1731 2518 1815 2541 vero
1834 2506 1979 2553 gloriam
1995 2504 2055 2539 nei

383 2574 461 2612 apte
487 2567 676 2612 intelligere
701 2566 777 2601 licet
792 2592 800 2603 ,
822 2567 848 2600 si
864 2566 943 2612 quis
961 2575 1074 2610 neque
1095 2575 1234 2610 peccare
1262 2566 1393 2599 noverit
1407 2592 1414 2601 .
1436 2575 1549 2610 neque
1567 2565 1611 2598 ad
1636 2563 1670 2598 id
1695 2570 1819 2599 natura
1841 2565 2055 2608 comparatus

383 2626 424 2656 sit
457 2625 477 2657 3
497 2651 504 2657 .
531 2625 637 2659 Porro
657 2631 810 2658 creatura
835 2623 976 2669 quaexis
1002 2622 1088 2656 infr-a
1113 2622 1248 2655 deitatis
1270 2622 1505 2656 excellentiam
1531 2623 1675 2656 omnino
1695 2627 1758 2656 est.
1779 2621 1865 2654 Nam
1887 2623 1921 2653 et
1944 2615 2055 2662 angeli

384 2681 523 2725 quidam
543 2684 575 2715 in
602 2682 737 2728 culpam
757 2681 962 2715 inciderunt.
989 2681 1147 2714 Attamen
1170 2679 1242 2713 Deo
1266 2679 1390 2725 placuit
1417 2680 1532 2713 omnia
1556 2680 1590 2713 in
1610 2679 1747 2713 Christo
1771 2682 1977 2712 restaurare.
1997 2674 2056 2719 qui

496 2780 503 2801 ι
536 2776 653 2810 [rullus
672 2777 699 2803 in
718 2776 908 2811 explanatione
926 2783 974 2803 sna
994 2774 1147 2810 intelligere
1164 2774 1272 2803 videtur
1291 2775 1441 2803 bonilotem
1463 2777 1517 2803 Dei·
1530 2776 1685 2811 provocat,
1704 2771 1733 2800 id
1750 2775 1793 2800 est
1808 2769 1939 2798 αᾰτοαιί.

494 2822 509 2845 2
538 2821 637 2847 tmen
657 2825 696 2848 est
714 2821 742 2848 in
761 2821 821 2848 eod,
842 2823 966 2858 lezen-3.
984 2827 1040 2847 non
1059 2821 1152 2856 ufir..
1775 2819 1779 2825 “

495 2866 510 2890 3
540 2863 731 2892 Αυὶπηάτεηε
751 2865 873 2900 pudeam
891 2865 985 2901 Cyrilli
1004 2864 1223 2901 expilationem.
