2205 3177
234 432 246 445 v
273 429 341 446 Ιὺ-Η.

278 1292 285 1303 x
341 1301 344 1305 .

209 1314 246 1332 (ιν,
264 1302 346 1338 pstuo.

215 1770 252 1788 Cr.
269 1749 351 1794 pxwg

218 2030 255 2045 m,
269 2032 291 2052 p.
310 2029 353 2045 sm.

379 166 447 198 258
881 170 910 191 S.
939 168 1065 190 cx'RtLLt
1093 167 1315 189 ALExANnmNt
1343 166 1550 188 EXPLANATto

379 246 408 273 et
438 238 585 272 hostium
613 234 784 268 irrisioni?
811 234 896 273 Quia
923 233 1086 265 nimirum
1114 230 1302 270 debilitati,
1324 237 1354 264 ct
1382 230 1558 276 oppressi.
1580 235 1612 262 ct
1639 228 1784 275 pedibus
1803 230 1954 263 hostium
1982 241 2064 276 sup—

380 297 492 342 positi.
521 295 618 327 Certe
645 293 678 325 in
705 303 745 325 eo
772 301 927 324 maerore.
958 290 1131 323 constituti
1160 300 1232 322 rem
1260 299 1426 334 prospere
1457 298 1557 332 agere
1589 286 1681 319 haud
1712 294 1882 332 poterant.
1912 307 1934 313 —
1961 287 2060 321 Haud

380 357 571 398 queruntur
592 349 749 382 iniuriam
771 360 788 381 a
808 348 879 381 Deo
899 346 962 380 sibi
984 346 1076 385 lieri,
1102 346 1216 391 lugent
1240 347 1355 391 potius
1374 344 1575 378 destitutum
1602 343 1694 376 illius
1713 344 1841 377 auxilio
1862 345 2059 379 tsrahetem.

715 413 786 436 nux
805 413 931 435 lunen-is
948 412 1038 434 futat!
1056 414 1130 434 unte
1147 413 1261 438 ipsam,
1279 412 1398 433 radices
1414 411 1481 433 otus
1498 410 1652 437 plantasti
1670 410 1727 431 etc..

479 464 684 499 Praecedens
710 465 802 497 enim
828 464 923 496 eiecit
944 474 962 495 c
981 469 1165 508 conspectu
1186 463 1258 496 cius
1277 468 1406 506 gentes.
1436 460 1541 494 Radix
1569 466 1682 493 autem
1702 460 1853 493 iudaicae
1872 461 1949 493 vitis
1967 462 2065 506 Moy-

382 536 433 557 ses
453 536 489 556 uc
511 524 620 555 losue.
652 522 692 554 tti
713 527 839 554 terram
859 521 982 565 pietate
1002 532 1061 553 sua
1081 520 1310 565 impleverunt
1327 531 1333 555 ;
1354 529 1612 563 quaqueversus
1631 517 1721 551 enim
1741 517 1884 550 virtutes
1909 518 2064 562 ipsorum

382 581 628 613 discurrerunt.
651 580 761 611 Vitem
788 578 919 622 tropice
940 577 1109 622 populum
1133 587 1241 621 quum
1262 576 1486 613 nominasset.
1508 574 1732 619 metaphorae
1751 575 1884 607 insistit.
1908 574 1946 607 Et
1965 586 2066 608 mon-

383 644 432 671 tes
457 637 597 682 quidem
624 637 692 669 vim
719 636 941 668 linitiinarum
961 635 1114 680 gentium
1142 633 1310 679 apprllat;
1333 631 1490 665 umbram
1510 643 1595 665 vero
1613 643 1672 665 eos
1691 631 1962 677 cooperientem,
1984 631 2066 665 dicit

384 694 540 728 lsi-aliclis
565 693 781 727 dominatum
807 693 889 738 ipsis
915 693 1135 737 impositum:
1157 690 1280 724 cedros
1304 690 1386 727 Dei,
1410 688 1562 723 excelsos
1589 689 1759 734 principes
1783 689 1842 733 qui
1869 699 1887 722 a
1906 690 1978 722 Deo
2003 699 2067 735 po-

383 752 523 785 tentiam
550 757 776 796 acceperunt:
805 749 996 783 arbustivas
1022 750 1129 786 xites,
1156 758 1245 793 quae
1270 747 1393 780 cedros
1419 746 1687 791 circumtegunt,
1714 745 1794 778 dicit
1821 745 2066 779 israheliticum

384 820 529 854 regnum
554 808 648 853 quod
669 807 721 841 his
741 807 908 840 illustrius
927 807 1049 839 evasit:
1073 817 1177 850 quam
1205 816 1277 838 rem
1304 803 1368 838 sub
1389 803 1490 837 beato
1508 803 1638 836 Davide
1657 814 1696 836 ac
1714 802 1895 836 Salomone
1915 803 2066 836 evenisse

384 867 520 900 scimus.
550 867 635 898 Nam
661 875 805 909 magnus
830 863 939 897 Dax‘id
966 875 1035 896 non
1062 862 1106 896 ab
1132 862 1331 907 alienigenis
1361 867 1495 894 tantum
1520 867 1553 894 et
1580 860 1748 893 idumaeis
1764 886 1772 898 ‚
1800 860 2004 893 Ammanitis
2029 870 2066 893 ac

384 922 558 961 Moabitis.
580 934 700 955 verum
725 922 827 954 etiam
854 919 897 954 ab
924 927 1073 965 utroque
1098 920 1183 964 Syro
1203 917 1331 952 tributa
1358 917 1526 963 exigebat.
1556 917 1609 950 Ad
1629 917 1848 951 Salomonem
1873 922 1987 950 autem
2005 918 2068 951 Ae-

385 982 543 1027 thiopum
569 991 708 1025 quoque
734 979 850 1024 regina
876 979 987 1015 venit3
1010 977 1096 1011 adeo
1124 976 1216 1022 apud
1240 988 1362 1010 omnes
1381 976 1493 1010 clarus
1512 975 1679 1010 evaserat!
1706 975 1864 1008 Palmites
1883 975 1929 1008 ait
1947 975 2067 1020 populi

386 1038 659 1075 multitudinem,
681 1036 888 1082 propagines
907 1046 991 1068 vero
1010 1034 1205 1081 proselytos
1223 1046 1263 1067 ex
1281 1033 1425 1067 ethnicis
1444 1032 1659 1071 accedentes,
1680 1033 1739 1065 Dei
1760 1031 1878 1065 notitia
1896 1037 2065 1077 suscepta.

385 1097 538 1140 Denique
565 1107 604 1127 ex
632 1095 683 1127 his
709 1092 871 1126 omnibus
897 1093 1072 1137 antiquam
1100 1091 1219 1137 populi
1246 1089 1440 1124 ubertatem
1466 1089 1628 1123 ostendit.

1091 1156 1258 1185 §oliva-gns
1275 1156 1371 1178 ferus.

482 1211 555 1244 Hoc
581 1209 625 1243 de
651 1208 793 1243 diabolo
819 1219 958 1254 quoque
985 1207 1179 1252 intelligere
1206 1206 1346 1252 poteris.

1040 1272 1228 1295 Convertere
1244 1274 1276 1294 et
1293 1272 1419 1298 respice.

482 1325 608 1359 Omitte
635 1324 868 1361 aversionem;
888 1322 1061 1356 desolatae
1086 1322 1206 1355 xineae
1233 1326 1425 1359 memento,
1447 1326 1548 1365 atque
1566 1319 1602 1352 in
1620 1330 1695 1353 eam
1721 1317 1988 1353 intellectualem
2006 1319 2072 1352 im-

385 1382 482 1416 brem
503 1382 658 1416 demitte.
685 1382 788 1426 Cinge
808 1392 884 1414 eam
903 1391 966 1413 ceu
984 1378 1138 1424 quodam
1156 1378 1347 1424 sepimento
1366 1378 1527 1423 potentiis
1546 1375 1853 1415 intellectualibus,
1875 1382 1909 1410 et
1926 1381 1984 1409 tua
2001 1376 2073 1409 vir-

385 1447 456 1474 tute
483 1452 521 1474 ac
546 1441 653 1486 gratia
680 1438 868 1477 confirma,
894 1439 1029 1471 vineam
1055 1437 1198 1482 inquam
1222 1447 1326 1481 quam
1352 1435 1492 1469 dextera
1513 1441 1569 1468 tua
1589 1434 1766 1479 plantavit.
1796 1434 1854 1467 Est
1872 1439 1985 1467 autem
2011 1444 2073 1479 pa-

386 1498 446 1531 tris
472 1497 611 1531 dextera
639 1496 749 1534 filius;
773 1507 853 1529 nam
880 1506 942 1541 per
968 1495 1101 1541 ipsum,
1127 1500 1303 1538 tamquam
1329 1503 1469 1526 manum
1495 1502 1611 1530 suam,
1637 1491 1752 1524 omnia
1777 1496 1952 1535 operatur.
1980 1491 2073 1524 Tunc

387 1555 526 1589 demum
543 1566 583 1589 ea
600 1565 688 1600 quae
706 1552 862 1587 ambusta
881 1552 1009 1591 fuerat,
1026 1551 1222 1585 reflorescet
1241 1562 1279 1584 ac
1296 1550 1491 1588 reviviscet,
1508 1547 1688 1593 bonosque
1706 1547 1836 1581 fructus
1853 1545 2070 1593 germinabit.

387 1613 521 1647 Etenim
540 1612 599 1658 qui
619 1623 695 1646 eam
714 1611 957 1649 incenderant,
978 1608 1154 1655 peribunt.
1176 1609 1292 1642 Facies
1310 1607 1389 1646 Dei,
1407 1606 1499 1640 filius
1516 1612 1584 1645 est3
1601 1612 1651 1640 est
1668 1606 1759 1640 enim
1780 1606 1894 1651 imago
1913 1610 1945 1638 et
1964 1603 2072 1649 figura

388 1669 596 1704 substantiae
623 1669 734 1707 illius,
757 1675 859 1713 atque
885 1669 919 1701 in
946 1668 1022 1712 ipso
1050 1672 1182 1712 patrem
1207 1671 1400 1712 spectamus
1425 1664 1485 1710 (1).

914 1733 1019 1756 visita
1036 1733 1159 1755 vineam
1176 1733 1284 1759 istam,
1300 1732 1330 1754 et
1348 1730 1460 1758 perfice
1476 1735 1554 1752 enm.

486 1785 656 1829 Dispone‚
679 1784 813 1829 inquit,
837 1782 1099 1829 quodammodo
1125 1793 1229 1827 super
1255 1780 1365 1814 filium
1393 1779 1561 1817 hominis:
1590 1779 1623 1812 id
1650 1785 1698 1812 est
1726 1777 1851 1823 largire
1877 1775 2076 1810 hominibus

392 1853 451 1875 cor
477 1841 628 1880 bonum,
649 1848 686 1875 ut
713 1847 897 1886 agnoscant
918 1852 956 1874 ac
975 1852 1037 1885 per
1056 1839 1161 1872 fidem
1181 1838 1345 1884 recipiant
1369 1849 1447 1871 eum
1466 1837 1526 1882 qui
1555 1836 1662 1870 factus
1688 1842 1736 1869 est
1763 1835 1881 1868 homo.
1911 1835 1951 1867 Et
1971 1833 2076 1879 paulo

393 1905 481 1944 post.
510 1900 623 1939 Quum
649 1909 753 1943 ergo,
775 1898 906 1942 inquit,
929 1908 1003 1930 eam
1030 1897 1136 1930 vitem
1162 1894 1327 1933 stabiliet,
1349 1893 1552 1940 parabitque
1579 1904 1639 1926 cor
1665 1892 1706 1925 ad
1733 1890 1989 1936 suscipiendum
2015 1901 2076 1935 pei·

393 1955 496 1989 tidem
516 1956 625 1989 filium
646 1955 813 1993 hominis,
834 1960 915 1988 tunc
934 1953 993 1987 illa
1014 1965 1173 1987 succensa
1193 1959 1226 1986 et
1246 1952 1389 1986 suffossa
1409 1958 1510 1996 atque
1529 1950 1660 1984 inutilis
1679 1961 1820 1995 prorsus
1838 1948 1977 1986 effecta,
1997 1947 2077 1993 pul-

394 2013 513 2047 lulabit
542 2015 665 2047 iterum
685 2019 716 2046 et
736 2013 916 2046 reviviscet
941 2011 1121 2056 bonosque
1141 2010 1293 2056 proferet
1313 2009 1456 2043 fructus.
1487 2009 1571 2042 Nam
1593 2008 1651 2052 qui
1672 2018 1746 2040 eam
1772 2005 2017 2039 succenderant
2043 2011 2077 2038 et

392 2071 622 2107 suffoderant.
652 2070 694 2104 ab
722 2070 954 2115 increpatione
981 2069 1097 2102 vultus
1123 2069 1171 2102 tui
1199 2066 1374 2113 peribunt.
1404 2066 1544 2100 Vultum
1570 2077 1653 2099 vero
1679 2065 1795 2097 denuo
1820 2064 1903 2099 Dei.
1925 2061 2074 2109 appellat

393 2127 522 2166 filium.
545 2129 604 2173 qui
630 2135 679 2162 est
705 2128 818 2172 imago
845 2133 876 2160 et
905 2126 1014 2172 ligura
1041 2125 1249 2159 substantiae
1274 2126 1366 2163 eius,
1388 2131 1490 2169 atque
1516 2124 1551 2157 in
1578 2124 1653 2168 ipso
1680 2127 1810 2167 patrem
1838 2127 2043 2166 spectamus.

777 2193 878 2219 Super
895 2192 997 2214 virum
1014 2192 1160 2214 dexterae
1176 2193 1263 2218 tuae,
1279 2192 1311 2213 et
1327 2196 1420 2217 super
1437 2189 1539 2211 fllium
1556 2188 1700 2210 hominis.

490 2245 650 2277 Fatemur
677 2243 847 2276 nominari
875 2254 892 2275 a
919 2241 1093 2287 psalmista
1119 2241 1171 2274 his
1196 2239 1312 2274 verbis
1337 2239 1493 2274 omnium
1519 2243 1729 2272 senatorem
1753 2237 1944 2274 Christum,
1967 2235 2002 2269 id
2028 2241 2077 2270 est

395 2301 608 2345 unigenitum
629 2301 687 2333 Dei
708 2298 873 2333 Verbum.
902 2300 988 2333 Nam
1014 2300 1094 2344 quia
1114 2298 1220 2332 homo
1240 2298 1347 2331 factus
1366 2303 1416 2331 est
1429 2322 1437 2335 ,
1462 2296 1615 2330 humano
1635 2306 1732 2329 more
1750 2294 1794 2328 de
1812 2294 1887 2340 ipso
1907 2293 2073 2338 loquitur.

396 2357 458 2389 Hic
482 2363 529 2391 est
558 2356 711 2390 Christus
727 2382 734 2395 ,
759 2357 824 2389 hoc
851 2362 900 2390 est
927 2356 1151 2389 humanatum
1178 2355 1237 2388 Dei
1264 2354 1416 2388 Verbum
1431 2380 1438 2391 .
1461 2353 1557 2399 quod
1582 2359 1615 2386 et
1641 2351 1750 2386 nostri
1777 2362 1877 2385 causa
1902 2361 1938 2384 se
1963 2350 2079 2383 exina-

396 2415 499 2451 nivit.
523 2420 553 2447 et
582 2421 694 2447 tamen
721 2414 845 2447 mansit
870 2412 964 2459 quod
992 2418 1075 2446 erat.

1029 2506 1259 2545 PSALMUS
1288 2507 1445 2544 LXXX.

617 2593 694 2617 eum
710 2595 809 2616 exiret
828 2594 893 2621 lpse
908 2594 946 2617 de
963 2596 1049 2616 terra
1067 2593 1217 2622 Aegypti,
1233 2592 1377 2621 linguam
1394 2598 1487 2619 quam
1506 2598 1567 2614 non
1585 2592 1714 2614 noverat
1729 2589 1861 2613 audivit-

495 2643 629 2677 Grande
656 2644 720 2677 hoc
739 2650 771 2677 ct
791 2644 1034 2689 praecipuum,
1055 2649 1087 2676 et
1113 2641 1335 2676 omnimodae
1362 2641 1511 2676 felicitati
1539 2640 1716 2675 habendae
1739 2640 1927 2676 sufficiens.
1947 2637 2079 2672 homini

401 2705 491 2732 cei-te
515 2701 574 2733 Dei
601 2701 845 2734 amantissimo.
876 2701 1026 2734 Eductus
1052 2700 1115 2734 suit
1135 2700 1225 2734 enim
1245 2698 1287 2732 de
1307 2700 1447 2743 regione
1466 2699 1613 2744 Aegypti
1633 2709 1736 2731 manu
1763 2696 1876 2731 valida
1894 2702 1929 2730 et
1946 2694 2080 2729 excelso

513 2785 519 2805 t
556 2782 689 2808 Postrema
712 2783 777 2808 haec·
798 2782 878 2816 paulo
899 2787 962 2808 sunt
984 2782 1115 2816 ampliora
1133 2782 1158 2807 in
1179 2785 1308 2815 sequente
1324 2779 1485 2815 t'ragiiiento.
1507 2780 1583 2805 Licet
1602 2787 1665 2813 ergo
1683 2786 1845 2813 cognosc-ere
1860 2777 1991 2804 diversam
2007 2775 2077 2801 eclo-

403 2823 540 2853 uariorum
562 2825 658 2850 exemti
681 2825 826 2852 rationein.
