2205 3177
491 215 760 273 SANCTI
797 211 1132 270 EIUSDEM
1171 213 1474 269 CYRILLI

283 331 997 374 efflefflaasasemea
1044 329 1680 369 sxa-thxnaaaanzt

719 426 1236 469 EXPLANATIO

422 528 490 559 ix
531 524 917 558 El‘ISTtJLAM
957 523 1039 554 AD
1081 522 1436 554 numianus
1476 522 1534 566 412.

718 685 779 711 Qui
798 691 865 707 cum
883 685 924 706 sit
941 683 1088 710 splendor
1105 683 1236 710 ‚eglon-ine.

140 747 227 816 Iam
246 783 392 816 diximus
409 781 516 813 Deum
537 778 684 822 antiquis
704 776 902 810 bominibus
921 775 1059 810 oracula
1079 775 1224 808 edidisse
1244 786 1305 820 per
1322 776 1473 819 Moysen]
1496 781 1597 819 atque
1616 777 1812 821 prophetas.

137 841 206 872 Nos
226 845 337 872 autem
356 848 491 873 sumuS‚
514 837 605 868 iuxta
626 834 816 879 prophetae
838 835 847 842 '
867 833 1017 869 dictum,
1040 843 1057 865 a
1078 833 1148 865 Deo
1168 831 1272 865 docti.
1300 832 1434 876 Quippe
1453 832 1511 876 qui
1533 833 1732 877 magistrum
1755 834 1817 868 lia-

136 895 273 929 buimus
298 895 409 938 ipsum
429 893 488 925 Dei
508 891 660 925 Verbum
688 897 831 936 propter
850 901 912 923 nos
932 890 1155 922 humanatum
1168 914 1175 925 ,
1198 888 1413 921 saeculorum
1437 895 1611 922 auctorem
1624 915 1631 926 .
1655 896 1816 934 paternae

135 954 263 998 gloriae
288 950 529 996 splendorem,
551 956 584 983 et
610 948 820 982 substantiae
848 947 1005 992 figuram.
1036 948 1217 991 Postquam
1246 946 1326 980 baec
1353 946 1464 991 longis
1490 946 1679 980 verborum
1706 947 1815 981 ambi—

134 1008 224 1042 tibus
249 1008 397 1041 diximus
425 1008 491 1051 (2),
519 1018 609 1040 nunc
636 1006 793 1051 proxima
820 1004 1084 1049 subiungemus,
1109 1015 1197 1048 quae
1223 1009 1299 1037 sunt
1327 1004 1536 1037 huiusmodi.

723 1072 825 1093 'fanto
842 1071 953 1093 melior
969 1069 1093 1099 angelis
1110 1070 1221 1091 facins.

227 1123 349 1166 Angeli
374 1122 515 1166 quidem
541 1133 666 1154 nomen
694 1121 873 1153 ministerii
899 1118 1162 1164 significativum
1190 1125 1258 1155 est,
1282 1125 1313 1152 et
1333 1119 1491 1152 servilem
1516 1119 1616 1152 nobis
1642 1119 1813 1153 conditio—

131 1192 209 1213 nem
228 1179 380 1213 denotat.
411 1179 516 1212 Filius
543 1184 674 1215 autem,
696 1177 956 1210 substantialem
976 1188 1013 1209 ae
1032 1176 1224 1209 naturalem
1243 1176 1286 1209 de
1311 1182 1407 1221 patre
1434 1177 1647 1210 existentiam
1666 1177 1812 1211 demon—

131 1243 225 1269 strat.
248 1235 481 1276 Quamobrem
502 1246 545 1268 ne
564 1236 795 1280 comparative
814 1234 954 1278 quidem
974 1233 1059 1266 dixit
1083 1247 1097 1264 «
1120 1234 1228 1266 maior
1249 1240 1305 1266 aut
1326 1233 1583 1271 honorabilior;
1607 1248 1622 1265 »
1646 1246 1705 1273 ne,
1728 1241 1812 1268 tam-

129 1306 232 1339 quam
259 1294 302 1328 de
329 1295 569 1338 liomogeneis,
596 1293 668 1326 tilio
695 1299 725 1326 et
753 1293 900 1337 angelis,
926 1293 1106 1336 quisquam
1133 1292 1318 1336 cogitaret;
1340 1292 1399 1325 sed
1423 1306 1438 1323 «
1461 1293 1584 1325 melior
1606 1306 1621 1323 n
1645 1292 1748 1328 dixit.
1775 1300 1811 1325 ut

129 1357 270 1385 naturae
296 1351 543 1387 differentiam,
567 1350 627 1383 filii
647 1356 680 1383 et
699 1356 951 1385 creaturarum,
974 1349 1180 1393 designaret.
1210 1349 1322 1393 Atque
1350 1349 1449 1382 liuius
1469 1350 1516 1382 rei
1543 1349 1811 1383 demonstratio-

129 1420 207 1442 nem
233 1408 398 1441 habemus
424 1418 441 1439 a
468 1407 592 1439 divinis
618 1407 816 1450 scripturis;
840 1405 968 1438 Davide
994 1405 1134 1450 quidem
1162 1412 1304 1439 canente
1325 1407 1355 1438 'z
1378 1406 1502 1440 melior
1521 1413 1571 1439 est
1590 1407 1662 1440 dies
1683 1419 1749 1440 una
1777 1409 1809 1440 in

126 1465 219 1497 atriis
244 1464 311 1496 tuis
336 1474 439 1507 super
465 1462 570 1496 milia.
602 1463 686 1495 Item
714 1461 896 1495 Salomone
923 1461 1134 1495 exclamante
1161 1462 1192 1494 ἐ
1221 1462 1344 1495 melior
1370 1469 1419 1496 est
1446 1464 1610 1508 sapientia
1637 1464 1810 1509 lapidibus

124 1521 295 1567 pretiosis.
319 1521 440 1553 Nonne
460 1520 551 1553 enim
571 1519 820 1564 lieterogeneae
839 1526 917 1552 sunt
936 1519 1160 1564 diversaeque
1181 1526 1340 1557 naturae,
1362 1521 1526 1565 sapientia
1546 1527 1577 1553 et
1601 1523 1739 1567 pretiosi
1760 1523 1810 1556 la-

124 1577 244 1623 pides?
271 1578 355 1610 Item
376 1587 545 1621 quaenam
566 1575 726 1609 adfinitas
746 1583 794 1609 est
815 1576 1011 1609 caelestium
1031 1577 1188 1609 aularum
1208 1589 1285 1610 cum
1306 1578 1450 1610 terrenis
1470 1577 1658 1612 domibus‘?
1684 1581 1736 1612 Sic
1759 1581 1810 1613 vi—

124 1635 247 1669 delicet
274 1635 368 1668 nulla
395 1633 554 1667 adfinitas
582 1633 642 1666 fitii
669 1645 747 1667 cum
774 1632 915 1678 angelis.
946 1634 1017 1667 Iam
1044 1645 1153 1678 quum
1183 1634 1278 1667 nulla
1305 1635 1347 1667 sit
1379 1634 1558 1673 adfinitas,
1587 1637 1742 1680 sequitur
1773 1644 1807 1670 ut

127 1706 141 1723 «
165 1692 288 1725 melior
311 1705 325 1721 n
356 1690 448 1724 haud
475 1691 707 1736 comparative
733 1690 863 1724 dictum
891 1691 951 1729 sit,
978 1690 1037 1724 sed
1064 1691 1263 1729 discretive,
1294 1698 1435 1736 propter
1461 1691 1679 1726 differentem
1708 1693 1808 1727 liuius

122 1755 280 1782 naturam
299 1747 342 1781 ab
362 1748 440 1781 illis.
470 1749 511 1780 Et
536 1748 608 1793 ipse
628 1748 732 1793 igitur
752 1748 928 1793 apostolus
951 1747 1159 1781 vocabulum
1183 1762 1198 1779 ι(
1222 1749 1344 1782 melior
1367 1763 1381 1779 »
1404 1749 1608 1793 explanans,
1632 1750 1723 1783 baud
1743 1751 1806 1784 alia

122 1806 157 1838 in
184 1817 221 1838 re
247 1806 476 1839 differentiam
502 1805 648 1839 collocat
675 1805 737 1838 filii
764 1812 798 1838 et
823 1811 1019 1838 creatorum
1046 1806 1270 1850 angelorum.
1298 1806 1361 1839 nisi
1388 1806 1483 1850 quod
1509 1807 1564 1839 liic
1589 1807 1731 1851 quidem
1756 1815 1806 1842 cst

123 1861 234 1900 fitius,
256 1862 305 1894 illi
332 1863 440 1895 servi:
464 1869 497 1896 et
522 1863 617 1908 quod
644 1863 697 1896 hic
724 1869 843 1908 utpote
871 1862 963 1896 fitius
989 1862 1033 1896 ad
1059 1863 1235 1896 dexteram
1262 1864 1366 1908 patris
1392 1863 1506 1900 sedet,
1529 1864 1577 1896 illi
1605 1870 1718 1897 autem
1745 1877 1804 1898 ceu

123 1919 212 1952 servi
238 1919 371 1953 adstant
397 1925 431 1952 et
457 1920 641 1953 mittuntur
667 1926 768 1964 atque
793 1921 1000 1953 ministrant.

217 1976 310 2015 Quae
335 1987 444 2020 quum
463 1977 507 2010 ita
533 1977 658 2022 scripta
677 1977 762 2013 siut,
785 1988 1002 2021 nequaquam
1022 1989 1062 2010 ex
1081 1977 1134 2011 liis
1153 1977 1337 2011 denotatur
1365 1978 1472 2011 factus
1495 1978 1604 2016 lilius,
1626 1990 1647 2012 o
1666 1980 1800 2016 Ariani.

121 2032 180 2066 sed
206 2032 362 2066 diversus
389 2034 503 2078 potius
529 2045 546 2067 a
574 2033 677 2067 rebus
704 2035 817 2073 factis,
839 2036 944 2080 patris
971 2036 1151 2080 proprius,
1174 2041 1207 2069 et
1233 2036 1268 2068 in
1296 2035 1396 2069 buius
1421 2037 1498 2069 sinu
1525 2036 1687 2070 residens.
1717 2039 1803 2071 Nam

120 2096 152 2123 et
177 2090 271 2134 quod
298 2090 373 2123 heic
398 2090 559 2124 scribitur
587 2105 601 2121 ι(
630 2091 736 2125 factus
764 2106 778 2122 »
807 2103 876 2125 non
903 2092 1029 2125 factum
1061 2091 1227 2137 significat
1261 2092 1389 2129 lilium,
1417 2094 1465 2126 uti
1493 2105 1559 2127 vox
1590 2094 1798 2127 existimatis.

118 2147 203 2179 Nam
223 2147 248 2180 si
269 2147 469 2193 simpliciter
494 2148 633 2182 dixisset
656 2163 671 2179 «
695 2149 802 2183 factus
824 2163 839 2180 »
862 2155 895 2183 et
921 2161 1001 2183 mox
1028 2149 1190 2185 siluisset.
1214 2161 1331 2183 ansam
1357 2151 1437 2184 hinc
1460 2149 1647 2189 haberetis,
1668 2152 1797 2185 Ariani.

119 2203 182 2236 Sed
208 2205 372 2248 quoniam
392 2211 488 2238 antea
509 2204 619 2238 silium
646 2206 748 2244 dixit,
773 2212 841 2240 tota
868 2206 1013 2251 periodo
1039 2206 1280 2240 demonstrans
1299 2219 1378 2240 eum
1399 2219 1417 2241 a
1437 2207 1540 2242 rebus
1566 2208 1661 2241 factis
1687 2208 1801 2241 diver-

119 2270 212 2297 sum;
231 2272 273 2294 ne
293 2260 501 2295 vocabulum
520 2263 661 2307 quidem
683 2278 697 2295 «
719 2263 829 2297 sactus
851 2278 865 2294 »
888 2263 1043 2297 absolute
1063 2264 1195 2309 posuit:
1215 2264 1275 2297 sed
1296 2264 1503 2298 vocabulum
1526 2279 1540 2295 ι(
1562 2265 1685 2297 melior
1705 2279 1720 2295 »
1742 2276 1801 2297 co·-

119 2316 248 2360 pulavit
265 2329 343 2352 cum
365 2332 380 2350 «
398 2318 518 2353 factus.
540 2334 554 2350 »
578 2320 835 2355 indifferentem
853 2322 944 2354 enim
964 2321 1125 2354 iudicavit
1143 2321 1347 2359 dictionem;
1369 2322 1479 2367 probe
1497 2323 1621 2360 sciens,
1643 2334 1720 2355 eum
1739 2324 1796 2366 qui

119 2374 162 2406 de
186 2376 337 2418 genuino
363 2375 598 2410 indubitanter
619 2377 691 2412 filio
710 2378 792 2412 dicit
815 2393 829 2410 «
854 2379 960 2412 sactus
983 2393 998 2409 »
1020 2378 1115 2423 quod
1144 2379 1285 2424 perinde
1304 2386 1353 2413 est
1380 2391 1416 2413 ac
1443 2380 1596 2424 genitus,
1618 2379 1798 2412 meliorem

118 2443 197 2464 eum
222 2443 294 2465 esse
320 2432 515 2466 adfirmare.
544 2435 630 2468 Nam
656 2436 783 2470 sactum
810 2436 894 2469 nibil
922 2436 1056 2473 diss'ert,
1078 2436 1147 2470 sive
1167 2438 1242 2481 quis
1268 2436 1356 2470 dicat
1386 2437 1512 2469 factum
1538 2442 1594 2469 aut
1620 2436 1792 2469 effectum.

116 2489 182 2522 Sed
202 2488 307 2523 factae
326 2501 404 2523 cum
424 2491 490 2523 sint
508 2503 561 2524 res
580 2500 728 2532 creatae,
749 2494 815 2527 dici
836 2505 905 2527 non
926 2501 1067 2539 possunt
1086 2495 1236 2539 genitae:
1260 2495 1323 2527 nisi
1343 2494 1430 2527 forte
1448 2494 1474 2526 si
1496 2494 1699 2538 participent
1718 2505 1795 2527 cum

116 2545 232 2590 genito
259 2546 350 2585 filio,
373 2547 534 2581 dicuntur
559 2555 592 2582 et
617 2549 708 2594 ipsae
734 2552 885 2596 genitae,
908 2563 976 2585 non
1004 2558 1146 2597 propter
1173 2552 1350 2597 propriam
1370 2542 1544 2586 naturam.
1565 2550 1624 2584 sed
1652 2557 1796 2596 propter

116 2605 413 2649 participationem
440 2616 517 2638 cum
538 2605 610 2639 filio
630 2607 664 2639 in
685 2614 792 2652 patre.
822 2609 934 2654 Atque
961 2609 1026 2642 hoc
1053 2610 1134 2642 item
1161 2608 1275 2641 divina
1296 2609 1392 2641 novit
1417 2609 1605 2652 scriptura,
1628 2607 1671 2641 de
1690 2609 1794 2643 rebus

114 2661 255 2705 quidem
273 2662 369 2695 sactis
388 2662 505 2696 dicens
523 2677 538 2694 «
556 2664 670 2697 onmia
690 2676 749 2710 per
768 2666 878 2710 ipsum
898 2666 984 2700 facta
1001 2673 1080 2700 sunt
1099 2667 1122 2699 ⁶.
1145 2667 1246 2698 Item:
1265 2666 1380 2698 omnia
1400 2666 1432 2697 in
1452 2665 1617 2709 sapientia
1636 2665 1711 2700 fecit
1730 2667 1752 2700 '.
1774 2682 1788 2698 »s

194 2745 229 2775 (1)
250 2743 354 2771 titlesis
373 2752 442 2779 quae
462 2744 494 2771 de
514 2745 556 2771 his
576 2746 671 2780 Cyritti
692 2746 812 2781 reliquiis
831 2746 948 2775 diximus
970 2749 996 2775 in
1017 2748 1123 2783 praevio
1144 2748 1248 2773 monito
1267 2746 1301 2772 ad
1322 2750 1390 2780 part.
1412 2754 1452 2781 gr.
1475 2754 1499 2780 p.
1524 2749 1580 2773 105,

193 2789 228 2819 (2)
247 2787 356 2814 Scilicet
377 2789 404 2814 iu
425 2788 647 2822 praecedentibus
667 2790 783 2816 amissis.
805 2791 874 2818 Sunt
893 2793 966 2819 enim
988 2793 1054 2819 haec
1074 2796 1180 2817 tantuin
1201 2790 1391 2817 commentarii
1412 2789 1573 2824 fragmenta.

192 2847 210 2867 n

1850 692 1904 710 t‘tr⁴
1923 691 1936 709 t.
1954 694 1972 709 zi.

1851 719 1887 736 br.
1903 724 1917 741 μ
1945 720 1986 736 Ιυῖ,

1851 848 1858 856 ”
1876 847 1902 867 h.
1920 847 1974 868 [tt.
1994 850 2023 868 Η.

1847 1413 1904 1460 1¹1&
1922 1413 2039 1434 Lxxxtttt

1844 1479 1854 1491 Υ
1867 1480 1931 1500 t‘ror,
1946 1480 2003 1500 tttt,
2019 1483 2040 1500 1¹)

1830 2563 1867 2584 Gr⁴
1881 2570 1903 2590 p.
1924 2568 1966 2585 ΙΨ).

1826 2670 1836 2680 ⁸
1853 2670 1902 2690 ltili.
1919 2670 1933 2690 l,
1951 2673 1969 2690 3,

1829 2698 1835 2706 ’
1852 2695 1886 2717 Pe.
1903 2698 1958 2717 (ΛΗ.
1974 2701 2004 2717 21.
