2205 3177
809 146 840 167 is
867 146 1016 167 psaranum
1044 146 1164 167 xxxiv.
1755 137 1821 169 155

161 212 228 243 irae
254 215 324 244 rete
349 210 552 242 inciderunt.
582 210 621 242 Ut
648 210 738 241 enim
766 209 811 241 ait
837 207 1099 253 proverbiorum
1127 215 1244 241 auctor
1268 209 1298 246 ',
1326 219 1394 241 non
1420 208 1534 253 inique.
1563 208 1607 253 (l)
1635 208 1823 243 tenduntur

162 266 279 300 avibus
306 268 400 299 retia.
429 268 581 310 Namque
600 267 663 311 ipsi
685 265 891 302 homicidae,
917 264 1005 297 mala
1031 264 1093 297 sibi
1120 271 1259 310 parant,
1282 265 1357 298 linis
1384 272 1494 299 autem
1516 267 1669 299 virorum
1689 266 1824 311 iniquo-

164 336 239 358 rum
263 324 489 357 calamitosus.
520 325 637 356 Denuo
656 323 821 367 scriptura
843 322 870 353 ':
895 322 952 365 qui
979 321 1084 354 volvit
1105 322 1253 366 lapidem
1267 348 1274 359 ,
1297 321 1339 355 ab
1359 334 1399 355 eo
1419 322 1576 356 revoluto
1601 324 1820 369 opprimitur.

731 387 843 410 Anima
862 393 929 409 men
945 386 1099 409 exultabit
1118 387 1259 410 Domino.

259 440 397 484 Oportet
419 450 538 472 eorum
559 439 750 471 meminisse
769 435 954 469 xerbm'um
975 447 1061 480 quae
1081 436 1144 468 sul)
1164 437 1266 469 initiis
1286 437 1404 482 psalmi
1426 438 1500 471 feci.
1522 439 1591 471 Dixi
1611 440 1719 475 enim,
1738 439 1826 472 Chri-

165 498 204 530 sti
231 508 410 542 personam
437 495 605 528 introduci
632 496 861 538 increpantem
889 493 1093 526 ludaeorum
1121 494 1328 538 impietatem
1354 496 1418 539 (Q-
1447 506 1556 539 neque
1583 497 1749 540 iniquitati
1777 496 1825 529 illi

165 554 398 587 convenientia
418 552 521 586 verba
541 553 785 585 detrectantem
798 576 806 588 ,
827 557 859 582 ‹·t
879 551 1029 583 humano
1049 550 1153 594 magis
1172 562 1275 594 (1113111
1295 550 1411 583 divino
1430 563 1525 584 more
1546 552 1742 597 loquentem
1761 565 1826 587 sae-

165 612 300 656 pissime
319 616 460 655 propter
479 610 677 653 adsumptae
697 608 806 640 carnis
826 608 1038 652 mysterium.
1068 607 1151 640 Ecce
1171 607 1260 639 cuim
1285 613 1317 639 et
1336 607 1409 641 heic
1428 609 1462 641 in
1480 608 1617 641 salutari
1637 611 1740 654 patris
1758 610 1827 644 lae-

166 669 226 701 tari
252 679 287 701 se
313 668 375 703 ait.
399 674 431 700 ut
459 666 501 700 ab
520 678 560 699 eo
581 666 742 698 nimirum
768 671 932 697 servatus.
962 665 1050 704 Quin
1078 663 1164 697 adeo
1190 664 1363 708 apostolos
1382 676 1536 709 quoque.
1558 666 1616 710 qui
1642 672 1673 699 et
1699 673 1830 712 specta-

165 731 255 758 tores
280 732 311 758 et
338 724 481 757 ministri
500 722 594 756 verbi
616 723 729 760 fuere,
751 733 930 766 sacraeque
956 722 1131 755 doctrinae
1157 722 1294 765 genuini
1315 728 1588 759 conservatores,
1611 723 1672 756 1105
1691 725 1829 768 inquam

165 784 413 827 comperiemus
439 781 568 817 dicere,
590 781 700 825 ipsum
722 791 738 813 3
759 780 828 813 Deo
848 786 942 824 patre
970 780 1070 812 fuisse
1097 779 1312 815 suscitatum,
1333 779 1546 824 gloriamque
1565 786 1597 812 et
1616 780 1829 814 dominatum

167 840 351 885 accepisse,
373 837 531 871 subiectis
559 838 670 870 eidem
696 837 840 869 inimicis
866 838 946 869 suis.

761 902 873 924 Omnia
890 909 955 924 ossa
974 908 1042 924 mea
1058 902 1162 924 dicent
1178 903 1234 923 etc.

260 956 373 996 Quum
399 954 527 999 aliquid
555 954 705 986 humano
729 964 824 986 more
843 952 995 985 Christus
1020 952 1160 989 dixerit,
1184 951 1217 984 id
1243 963 1305 985 1105
1325 951 1366 984 ad
1387 951 1566 985 utilitatem
1593 959 1744 986 nostram
1763 959 1831 988 tra—

168 1013 289 1045 liimus.
319 1011 407 1051 Quid
434 1022 539 1056 porro
566 1011 633 1044 ait?
653 1011 766 1043 omnia
786 1021 860 1042 ossa
887 1020 961 1042 mea
988 1009 1098 1042 dicent
1115 1034 1122 1045 ,
1143 1009 1303 1046 Domine,
1324 1009 1486 1046 Domine,
1507 1009 1584 1053 quis
1610 1010 1729 1042 similis
1748 1009 1834 1044 tibi?

166 1069 265 1110 Quod
292 1069 433 1115 perinde
457 1074 505 1101 est
526 1079 563 1101 ac
582 1069 607 1101 si
627 1068 771 1101 diceret:
794 1068 888 1100 omni
907 1073 1031 1099 conatu
1051 1078 1088 1100 ac
1108 1065 1254 1103 xiribus,
1276 1072 1306 1099 et
1328 1067 1449 1099 intimo
1469 1066 1698 1100 medullarum
1717 1068 1836 1112 vigore

165 1126 370 1161 confitebor.
398 1128 527 1171 Nempe
553 1125 858 1171 incomparabilem
888 1125 1074 1158 bonitatem
1104 1131 1135 1158 et
1163 1136 1242 1169 erga
1268 1125 1424 1158 homines
1455 1125 1626 1159 caritatem
1652 1126 1834 1160 universali

166 1185 309 1218 domino
335 1185 473 1228 regique
501 1182 672 1216 adscribit.

383 1228 386 1229 ⁷
681 1249 826 1275 Eripiens
843 1249 965 1274 inopem
981 1248 1018 1270 de
1035 1254 1129 1269 manu
1148 1248 1324 1270 fortiorum.

262 1299 434 1333 Generalis
453 1310 565 1332 sermo
584 1304 631 1331 est
646 1324 653 1330 .
675 1304 705 1330 61
726 1309 827 1330 161115
848 1308 1104 1341 usquequaque.
1133 1298 1220 1329 Nam
1243 1307 1430 1341 pauperem
1453 1298 1571 1342 spiritu
1585 1324 1592 1335 ,
1614 1298 1837 1344 modestaque

171 1363 282 1389 mente
310 1356 518 1401 praeditum.
542 1362 642 1400 atque
669 1357 702 1387 111
729 1356 798 1387 Deo
825 1366 962 1387 omnem
989 1365 1084 1399 spem
1111 1360 1355 1398 reponentem,
1379 1361 1499 1399 urgent
1527 1361 1627 1400 atque
1652 1355 1834 1401 diripiunt.

168 1424 348 1447 saevorum
376 1412 602 1446 barbarorum
622 1423 718 1445 more
738 1411 955 1447 invadentes,
976 1412 1041 1444 wiri
1068 1411 1243 1455 flagitiosi.
1264 1410 1515 1445 diabolicorum
1534 1412 1754 1445 consiliorum
1774 1414 1839 1446 1111-

169 1471 283 1508 nistri,
305 1476 337 1503 et
363 1470 584 1502 daemoniaco
612 1469 728 1502 furore
756 1469 866 1513 pleni:
888 1467 1014 1513 quibus
1033 1469 1181 1501 sociatur
1201 1468 1434 1502 crudelissima
1458 1480 1596 1514 quoquc
1624 1469 1839 1514 impurorum

168 1528 347 1572 spirituum
375 1526 573 1559 multitudo.
602 1525 768 1559 Dentibus
788 1526 879 1558 enim
900 1525 1093 1559 infrendent
1116 1525 1278 1558 3111615115
1297 1525 1380 1559 boni
1398 1527 1564 1571 propositi
1584 1526 1761 1565 homines,
1781 1528 1840 1572 qui

167 1585 291 1618 divinis
317 1584 463 1617 docilem
490 1585 656 1617 cervicem
677 1590 876 1629 supponunt
898 1582 1042 1628 legibus
1071 1583 1246 1621 Ceterum,
1269 1595 1338 1616 non
1357 1595 1460 1628 quem
1487 1584 1549 1629 ipsi
1574 1584 1713 1619 volunt.
1735 1595 1842 1629 nego-

169 1642 252 1674 tium
278 1641 382 1675 finem
408 1642 567 1674 sortitur:
590 1647 701 1674 servat
727 1642 818 1674 enim
845 1641 951 1674 iustos
976 1641 1194 1686 omnipotens
1220 1641 1279 1674 Dei
1305 1639 1468 1674 Verbum.

400 1707 604 1736 lusurgeutes
622 1708 656 1729 in
674 1713 720 1729 me
738 1708 829 1729 testes
847 1707 966 1733 iniqui,
982 1713 1061 1733 quae
1079 1706 1282 1735 ignorabam,
1298 1707 1540 1736 interrogabant
1554 1713 1612 1729 me.

264 1757 345 1789 Heic
371 1756 549 1790 manifeste
575 1756 742 1789 iudaicam
763 1757 972 1801 impietatem
991 1761 1160 1788 memorat
1178 1755 1347 1793 Christus,
1370 1761 1400 1788 et
1419 1756 1620 1789 iniuriarum
1638 1755 1764 1801 quibus
1782 1757 1842 1790 ad-

171 1826 287 1847 versus
313 1826 347 1847 se
373 1813 571 1847 debacchati
598 1820 693 1849 sunt,
716 1813 794 1846 facit
813 1813 1018 1858 catalogum.
1048 1813 1251 1846 Calumniati
1277 1820 1355 1847 sunt
1382 1814 1491 1859 ipsum
1519 1825 1634 1847 coram
1652 1815 1760 1848 Pilato
1784 1815 1844 1848 ad—

170 1871 310 1905 ductum
337 1871 542 1904 Iudaeorum
571 1872 752 1916 principes.
783 1870 975 1904 Nonnullos
1001 1871 1101 1904 etiam
1128 1870 1337 1904 advocarunt
1365 1871 1450 1904 falso
1477 1877 1654 1905 testantes:
1679 1871 1735 1905 hic
1760 1871 1845 1905 dixit

171 1939 269 1974 posse
295 1940 329 1962 se
356 1929 521 1974 templum
549 1930 607 1962 Dei
635 1929 842 1966 (1155011616,
864 1935 898 1962 61
923 1927 1033 1962 tribus
1059 1927 1181 1962 diebus
1209 1930 1399 1962 restituere.
1427 1930 1512 1962 Tum
1539 1930 1600 1975 ipsi
1628 1941 1762 1963 causam
1788 1941 1845 1963 ro—

171 1987 238 2031 gati
264 1985 490 2031 quamobrem
518 1987 728 2031 postulantes
755 1986 960 2025 clamarent,
990 1986 1072 2019 tolle
1099 1986 1199 2023 tolle,
1222 1985 1381 2031 crucifige
1408 1998 1506 2022 eum:
1532 1987 1664 2020 mentiti
1691 1992 1768 2020 sunt
1794 1987 1845 2019 di-

171 2049 299 2077 centes:
323 2043 375 2076 hic
402 2049 491 2077 16131
519 2043 645 2077 tributa
671 2044 802 2077 Caesari
830 2043 996 2088 pendere,
1018 2049 1050 2077 et
1077 2042 1194 2077 turbas
1219 2050 1425 2077 commoxet.
1456 2044 1564 2077 Immo
1583 2049 1616 2076 et
1635 2050 1712 2077 ante
1736 2044 1844 2077 crucis

172 2101 378 2147 supplicium
404 2102 600 2134 calumniati
631 2113 710 2134 611111
736 2102 828 2135 13116
859 2101 1013 2135 fuerant:
1043 2112 1123 2134 nam
1149 2100 1294 2134 subditis
1325 2100 1388 2134 sibi
1420 2100 1530 2134 turbis
1557 2100 1709 2134 aiebant:
1738 2102 1764 2134 si
1791 2101 1844 2133 hic

174 2158 278 2192 homo
305 2165 391 2191 esset
417 2170 435 2192 a
461 2160 551 2195 Deo,
581 2158 761 2192 sabbatum
789 2170 857 2192 non
884 2158 1039 2191 violaret.
1069 2157 1293 2190 Affirmabant
1320 2159 1421 2191 etiam
1447 2169 1526 2191 eum
1552 2169 1623 2191 esse
1649 2158 1847 2191 daemonia—

173 2227 268 2254 cum,
290 2223 323 2250 et
350 2216 480 2253 furere,
503 2215 567 2249 cibi
594 2217 732 2261 vinique
759 2222 994 2261 appetentem,
1017 2215 1165 2261 deniqm¹
1190 2216 1222 2248 xi
1249 2215 1441 2249 Beelzcbuli
1468 2222 1601 2261 patrare
1628 2215 1803 2249 miracula.

658 2282 888 2304 Retribuebant
905 2282 1109 2304 sterilitatem
1125 2282 1250 2304 animae
1266 2288 1360 2304 meae.

269 2333 341 2365 Mos
366 2338 415 2364 est
434 2331 568 2364 divinae
587 2333 774 2377 scripturae
795 2331 884 2365 lilios
904 2332 1101 2369 nominare,
1123 2331 1170 2364 ob
1189 2331 1388 2377 disciplinae
1408 2333 1583 2368 meritum,
1606 2332 1845 2375 magistrorum

175 2389 372 2435 discipulos.
401 2390 442 2422 Et
466 2390 606 2434 quidem
625 2389 725 2423 divus
743 2390 866 2423 Paulus
884 2389 1093 2435 quibusdam
1120 2388 1271 2422 scribens
1291 2389 1398 2422 aiebat
1421 2390 1448 2421 ':
1472 2401 1549 2422 nam
1573 2390 1606 2421 in
1626 2389 1759 2421 Christo
1786 2400 1847 2433 per

174 2447 388 2492 evangelium
413 2457 477 2491 ego
497 2459 557 2480 xos
576 2448 690 2492 genui.
719 2447 843 2481 Galatis
863 2454 976 2481 autem
998 2447 1029 2480 ἐ
1052 2446 1149 2480 filioli
1164 2473 1172 2484 ,
1193 2458 1281 2492 quos
1300 2448 1423 2480 iterum
1446 2447 1618 2491 parturio,
1639 2445 1750 2479 donec
1776 2446 1848 2479 for-

177 2511 288 2538 metur
314 2506 348 2538 in
374 2503 473 2538 vobis
499 2505 662 2538 Christus.
691 2505 964 2539 Nominabantur
991 2504 1052 2538 filii
1078 2516 1218 2550 quoque
1245 2504 1491 2549 prophetarum
1517 2504 1560 2540 ii,
1583 2503 1641 2548 qui
1669 2503 1791 2537 affectu
1817 2510 1848 2536 et

177 2561 355 2607 disciplina
380 2562 519 2595 illorum
546 2562 642 2596 lateri
668 2562 909 2596 adhaerebant.
938 2564 1024 2596 Nam
1049 2561 1145 2608 quod
1171 2561 1244 2595 fieri
1270 2573 1477 2606 quemquam
1498 2561 1619 2594 Christi
1643 2560 1848 2606 discipulum

178 2619 400 2665 prohiberent
421 2619 541 2653 iudaici
563 2620 681 2665 populi
702 2621 888 2665 principes,
912 2620 1009 2653 facile
1035 2626 1067 2653 et
1095 2618 1173 2652 him-
1200 2619 1430 2663 cognoscitur.
1453 2617 1734 2651 Vociferabantur
1759 2619 1850 2652 enim

179 2677 269 2722 apud
296 2675 431 2711 turbas.
452 2677 546 2722 quod
572 2677 754 2710 daemonio
779 2684 866 2711 esset
891 2677 1070 2714 obsessus,
1099 2683 1131 2710 et
1157 2677 1338 2712 insaniret:
1360 2687 1420 2708 cur
1446 2687 1524 2708 eum
1552 2674 1698 2708 auditis?
1722 2674 1851 2708 Verbe-

276 2762 311 2791 tl)
331 2760 371 2785 lta
390 2764 431 2786 est
449 2767 560 2792 graece,
579 2763 606 2786 et
624 2760 661 2786 113
680 2759 761 2786 etiam
780 2760 864 2787 latine
883 2768 918 2787 ss.
942 2760 1075 2788 Hilarius,
1097 2760 1295 2794 Hieronymus,
1316 2763 1342 2785 et
1362 2758 1508 2789 Paulinus,
1530 2757 1602 2792 apud
1622 2757 1801 2784 Sabaterium⁴

276 2807 311 2836 ¹2)
329 2805 413 2830 Deest
431 2803 497 2830 11366
515 2804 704 2830 commentarii
724 2812 799 2839 pars,
820 2813 873 2839 qua
893 2806 990 2839 psalmi
1009 2808 1202 2839 argumentum
1222 2802 1416 2838 exponebatur.

1863 229 1869 234 ·
1887 225 1952 246 Pron,
1969 226 1985 246 1,
2004 228 2032 246 17.

1862 327 1952 368 ιζ-Ρων.
1965 327 2034 348 XXVI

1864 403 1883 417 t.
1900 400 1918 415 ΕΙΔ

1866 624 1903 645 Gr.
1919 630 1940 650 p.
1956 627 2000 645 245Δ

1884 2119 1920 2136 Ι,ν4
1936 2122 1957 2142 ρ.
1973 2120 2011 2137 :⁴6

1888 2405 1893 2411 ¹
1908 2403 1921 2422 l⁴
1933 2403 1984 2423 Cor⁴
1998 2403 2032 2422 Π.
2048 2406 2076 2422 11

1888 2462 1894 2468 “
1911 2460 1952 2480 Gal
1977 2460 2000 2480 Π
2032 2463 2062 2480 10.
