2205 3177
491 166 524 188 m
550 166 730 188 Eiusronffl
757 165 794 187 11.
822 165 866 187 An
891 163 1083 186 commnios
1109 163 1182 186 cap,
1212 163 1258 186 iv.
1288 164 1327 186 ET
1352 163 1386 185 v.
1740 152 1783 185 63

300 243 477 271 Propterea
492 250 554 266 uon
571 243 744 268 deficimusz
761 242 813 265 sed
830 242 953 264 etiamsi
970 242 1111 264 exterior
1128 243 1234 264 noster
1250 242 1343 264 homo
1359 240 1587 268 corrumpitur,

577 289 715 311 interior
732 289 835 310 tamen
854 288 1025 308 renovatur
1041 287 1079 309 de
1095 287 1146 309 die
1163 287 1197 309 iu
1214 287 1307 309 «lieni.

197 348 290 382 Licet
312 346 570 393 praedictorum
588 346 776 380 verborum
796 356 864 378 non
892 346 1159 389 incongruenter
1178 347 1380 379 sententiam
1400 344 1610 390 intelligere,
1632 345 1659 377 si
1679 343 1715 377 id
1734 355 1785 377 co—

98 406 245 451 gitemus
269 405 365 450 quod
392 405 498 451 vulgo
524 406 661 438 evenire
685 404 773 438 solet
800 404 840 437 iis
865 401 1044 439 omnibus.
1066 404 1124 447 qui
1153 404 1314 448 pietatem
1339 403 1458 436 sectari
1485 402 1641 435 student:
1662 402 1785 436 militat

98 464 193 496 enim
212 473 292 497 caro
312 462 475 496 adversus
494 463 670 508 spiritum,
692 460 832 506 spiritus
851 466 967 493 autem
985 459 1149 494 adversus
1168 470 1325 492 carnem:
1347 459 1431 492 hacc
1450 460 1542 492 enim
1560 460 1707 493 invicem
1725 460 1786 494 ad-

97 526 298 559 versantur,
320 520 418 554 sicuti
444 521 610 566 scriptum
635 524 685 552 est
706 518 729 551 '.
758 518 910 551 Dicimus
934 529 1016 563 ergo
1042 528 1185 562 prorsus
1210 523 1392 562 oportere,
1414 523 1577 562 corrupta
1602 523 1639 551 ut
1662 518 1706 550 ita
1734 517 1786 551 di-

98 588 173 611 cam
193 589 295 612 carne
314 579 457 623 eiusque
482 576 634 611 motibus
660 574 866 615 debilitatis,
888 582 970 609 tunc
994 576 1143 610 maxime
1166 581 1301 620 partem
1320 574 1463 608 alteram
1483 574 1660 614 roborari,
1683 575 1718 608 id
1738 583 1786 609 est

97 635 169 668 vim
195 635 348 682 spiritus.
377 635 463 669 Cum
485 635 598 679 itaque
624 634 774 667 asceticis
793 632 973 666 laboribus
998 634 1146 667 exterior
1170 638 1287 666 noster
1306 632 1411 665 homo
1431 633 1683 677 corrumpitur,
1706 639 1786 667 tunc

96 699 350 738 consequenter
380 693 640 737 necessarioque
668 692 813 724 interior
843 697 959 724 noster
990 691 1096 724 homo
1129 696 1315 724 renovatur
1343 689 1386 722 dc
1415 689 1471 722 die
1503 690 1537 722 in
1569 689 1672 723 diem.
1709 691 1787 723 Alio

97 750 211 784 adhuc
237 762 339 785 sensu
364 750 537 796 praedicta
563 749 755 794 intelligere
780 755 889 794 potes.
919 749 1091 789 Quoniam
1123 748 1255 782 ludaeis
1281 754 1315 781 et
1341 747 1485 781 ethnicis
1513 747 1624 780 lesum
1650 748 1787 793 praedi—

97 807 222 842 cabant
248 807 414 854 apostoli,
435 818 556 853 graves
580 807 884 852 intolerandasque
911 807 1086 852 pertulere
1112 806 1387 851 persecutiones,
1410 815 1606 850 corpusque
1631 806 1786 849 ipsorum

97 865 162 899 hos
188 867 278 900 inter
303 865 440 899 labores
465 865 724 910 pessumdatum
752 864 827 898 fuit.
856 864 921 898 Sed
949 870 1079 910 quanto
1106 865 1215 898 maior
1242 863 1359 901 labor,
1382 868 1476 896 tanto
1499 868 1538 896 ut
1564 868 1649 908 puto
1676 861 1785 896 abun-

96 922 293 957 dantiorem
317 922 413 968 sequi
441 933 503 968 par
529 929 603 956 erat
631 923 759 968 gratiae
787 923 1064 968 repensationem
1083 921 1143 967 (l).

257 988 378 1011 Scimus
392 989 494 1016 enim,
510 989 660 1016 quoniam
676 989 702 1011 si
721 990 883 1012 terrestris
899 989 1008 1011 donnus
1025 991 1132 1011 nostra
1152 987 1350 1011 tabernaculi
1365 987 1554 1010 dissolvetur
1569 988 1626 1009 etc.

192 1038 401 1071 Terrffitrem
426 1044 581 1071 nostram
600 1037 811 1072 tabernaculi
839 1038 1001 1071 domum.
1023 1049 1085 1083 per
1112 1037 1341 1083 periphrasim
1367 1036 1519 1082 appellat
1542 1037 1654 1082 ipsum
1673 1034 1785 1068 taber-

96 1094 278 1134 naculum,
294 1094 330 1128 id
349 1101 399 1129 est
418 1107 557 1141 corpus.
580 1096 751 1141 Scriptum
769 1102 817 1129 est
840 1096 932 1128 enim
951 1095 1043 1141 apud
1063 1095 1187 1128 l‹›buni
1203 1095 1231 1127 ':
1253 1109 1268 1126 «
1284 1093 1478 1128 habitantes
1498 1099 1611 1127 autem
1631 1094 1666 1126 in
1686 1093 1786 1126 luteis

96 1151 277 1191 domibus;
308 1167 323 1184 »
350 1164 390 1186 ex
415 1152 542 1198 quibus
568 1159 600 1187 et
626 1165 690 1187 nos
716 1155 778 1199 ipsi
807 1160 1000 1186 constamus
1026 1154 1060 1186 id
1088 1159 1134 1187 est
1163 1164 1204 1186 ex
1231 1153 1354 1186 eodem
1380 1152 1467 1186 luto.
1497 1152 1627 1185 Scimus
1652 1152 1782 1195 itaque,

96 1208 225 1254 inquit,
246 1209 342 1255 quod
369 1221 447 1243 cum
472 1222 567 1244 mors
593 1217 765 1244 terrenam
785 1211 872 1244 hanc
893 1210 1106 1244 tabernaculi
1135 1209 1401 1249 habitationem,
1423 1210 1457 1242 id
1477 1215 1525 1243 est
1548 1220 1693 1254 coerS‚
1716 1208 1786 1241 dis-

97 1266 226 1306 solvet,
248 1268 391 1313 recipiet
416 1279 478 1301 nos
503 1275 534 1301 et
561 1269 702 1314 quidem
722 1269 814 1302 haud
835 1268 946 1302 multo
965 1275 1061 1314 post,
1084 1280 1208 1314 nempe
1234 1275 1389 1314 tempore
1411 1268 1690 1304 resurrectionis,
1712 1277 1787 1300 cae-

98 1324 181 1358 leste
200 1324 452 1364 habitaculum,
475 1325 510 1359 id
529 1332 579 1359 est
598 1327 824 1371 incorruptio.
848 1328 1042 1371 Supernum
1069 1333 1182 1359 autem
1202 1326 1268 1360 hoc
1287 1326 1386 1363 dicit,
1408 1326 1521 1371 primo
1540 1324 1683 1369 quidem
1705 1325 1784 1369 quia

96 1380 255 1416 donatica
282 1393 336 1416 res
361 1389 428 1416 est:
450 1383 576 1417 deinde
602 1384 682 1428 quia
708 1384 820 1417 cuncti
848 1395 1015 1429 supernae
1041 1383 1138 1417 urbis
1165 1384 1313 1422 incolae,
1335 1384 1370 1416 id
1392 1389 1439 1416 est
1461 1388 1657 1416 sanctorum
1683 1393 1786 1427 ange-

96 1437 212 1472 lorum
236 1439 394 1478 ordines,
415 1442 451 1473 in
477 1441 686 1486 incorruptis
711 1447 745 1474 et
771 1452 840 1474 non
867 1442 1030 1486 perituris
1057 1441 1263 1487 corporibus
1288 1448 1387 1475 sunt:
1410 1447 1499 1474 carct
1520 1441 1610 1473 enim
1633 1440 1696 1473 hac
1716 1446 1785 1473 ter-

95 1506 176 1529 rena
204 1498 354 1531 crassitie
373 1497 576 1542 angelorum
596 1504 717 1531 natura
738 1499 798 1543 (2).
821 1499 913 1544 Ergo
932 1499 993 1532 Dei
1013 1498 1209 1532 aedificium
1228 1506 1261 1533 et
1280 1499 1423 1532 domum
1444 1510 1514 1532 non
1534 1497 1781 1536 manufactam,

95 1553 202 1587 immo
226 1560 260 1587 et
284 1555 550 1600 sempiternam,
572 1555 654 1588 dicit
679 1566 746 1601 pro
771 1556 1044 1602 incorruptione.

558 1620 721 1648 Siquidem
736 1623 768 1644 et
785 1624 906 1651 vestiti,
923 1630 985 1646 non
1004 1623 1098 1651 nudi,
1114 1624 1320 1646 inveniemur.

190 1669 408 1705 Vocabulum
430 1685 446 1702 «
468 1671 640 1716 siquidem
662 1685 677 1703 »
700 1673 816 1717 posuit
843 1683 908 1718 pro
930 1686 946 1704 «
968 1673 1109 1718 quando
1132 1687 1147 1704 >1
1171 1674 1214 1706 ita
1234 1680 1272 1707 ut
1291 1673 1357 1707 loci
1383 1673 1549 1707 sententia
1575 1672 1634 1711 sit,
1656 1683 1785 1717 nequa-

92 1739 199 1774 quam
218 1730 267 1763 rei
286 1729 412 1775 prioris
430 1728 683 1775 depositionem
701 1731 934 1775 experiemur,
953 1742 1065 1776 neque
1084 1732 1332 1777 praeexistente
1352 1742 1497 1777 corpore
1516 1729 1781 1776 expoliabimur.

93 1785 312 1821 Absorbetur
338 1793 453 1821 autem
478 1787 626 1821 mortale
652 1799 670 1820 a
696 1788 782 1825 vita,
804 1799 874 1822 non
901 1790 980 1834 quia
1001 1789 1229 1826 annihiletur,
1251 1789 1311 1823 sed
1337 1790 1415 1834 quia
1443 1789 1485 1821 ad
1512 1787 1785 1833 incorruptibili-

95 1849 201 1877 tatem
219 1845 334 1889 potius
353 1844 569 1877 transfertur.
598 1845 735 1890 Quippe
762 1846 808 1879 sic
835 1846 936 1879 etiam
962 1847 1060 1880 initio
1086 1858 1202 1880 rerum
1227 1847 1262 1879 id
1283 1845 1356 1880 fieri
1380 1847 1584 1891 contigerat.
1613 1846 1784 1891 Scriptum

95 1907 147 1934 est
172 1902 281 1940 enim,
303 1902 487 1947 sumpsisse
505 1903 616 1935 Deum
634 1902 814 1950 pulverem
833 1902 875 1937 de
896 1909 1003 1938 terra.
1026 1916 1065 1937 ex
1086 1916 1197 1950 eoque
1216 1905 1393 1938 hominem
1421 1905 1633 1938 l'ormax‘isse.
1662 1904 1705 1937 L't
1724 1914 1784 1936 au-

96 1965 165 1993 tem
190 1959 338 1994 mortale
364 1958 608 1994 absorberetur
634 1972 652 1994 a
678 1962 766 2000 vita,
789 1972 868 1995 caro
893 1963 1064 2007 siquidem
1091 1963 1295 1997 naturaliter
1321 1969 1371 1997 est
1397 1962 1654 2008 corruptibilis,
1676 1961 1784 1995 insuf-

95 2016 192 2051 flavit
210 2018 246 2050 in
264 2018 337 2051 eius
356 2017 476 2052 faciem
501 2019 591 2052 vitae
615 2019 794 2064 spiritum,
818 2019 993 2065 factusque
1013 2027 1061 2054 cst
1082 2021 1188 2055 homo
1208 2022 1319 2054 anima
1338 2021 1467 2054 vivens.
1495 2020 1560 2054 Sed
1579 2019 1782 2054 subintravit

94 2085 158 2120 per
176 2081 355 2120 peceatum
373 2087 479 2109 mors.
501 2077 639 2115 Postea,
660 2077 733 2110 Deo
754 2078 842 2122 patri
862 2078 1010 2122 placuit,
1032 2085 1069 2112 ut
1096 2080 1141 2112 ait
1167 2079 1267 2113 divus
1287 2078 1429 2117 Paulus,
1451 2080 1642 2112 instaurare
1667 2078 1782 2111 omnia

95 2133 130 2166 in
156 2132 308 2172 Christo,
333 2135 393 2179 qui
421 2134 531 2171 venit,
554 2140 589 2167 ut
616 2145 679 2168 nos
705 2146 766 2180 per
793 2136 957 2180 Spiritum
983 2136 1028 2181 ,(3)
1054 2136 1097 2169 ad
1124 2137 1300 2181 antiquam
1326 2136 1560 2170 conditionem
1585 2141 1779 2169 renovaret.

96 2189 172 2235 Ipse
189 2191 319 2237 quippe
337 2197 389 2225 est
406 2193 465 2237 qui
485 2203 548 2225 nos
568 2192 612 2225 ad
630 2192 665 2225 id
685 2199 862 2238 comparat
881 2200 1000 2239 utpote
1019 2195 1108 2227 Deus
1121 2220 1128 2231 ,
1150 2194 1324 2240 donatque
1345 2194 1446 2227 nobis
1465 2194 1610 2239 Spiritus
1630 2193 1779 2226 arrham.

96 2247 188 2292 Ergo
210 2253 324 2281 tutum
349 2249 472 2294 pignus
497 2249 631 2283 dandae
650 2249 750 2284 nobis
769 2251 803 2284 in
824 2252 1016 2285 noxissimis
1035 2252 1159 2285 saeculi
1184 2251 1400 2298 temporibus
1428 2250 1779 2297 incorruptibilitatis‚

96 2303 252 2338 vivificus
271 2305 415 2339 traditus
441 2313 492 2340 est
510 2319 528 2341 a
547 2307 681 2341 Christo
704 2308 867 2353 Spiritus:
889 2315 920 2341 et
948 2321 1039 2342 nunc
1065 2309 1204 2354 quidem
1232 2310 1460 2355 primitiarum
1485 2310 1610 2345 instar:
1632 2314 1707 2354 post
1728 2319 1782 2340 re-

194 2435 230 2464 (1)
248 2433 357 2460 Partem
377 2433 447 2461 hanc
460 2434 555 2470 Cyrilli
573 2437 707 2470 pertinere
726 2436 759 2464 ad
782 2438 841 2465 eius
861 2437 963 2465 librum
985 2446 1032 2465 sen
1051 2447 1205 2466 sermonem
1221 2440 1333 2466 tertium
1348 2439 1388 2471 (si
1406 2442 1478 2466 recte
1493 2446 1521 2465 se
1536 2437 1638 2464 hahent
1656 2437 1781 2468 numeri)

94 2476 297 2510 explanationis
315 2476 342 2503 in
362 2477 433 2504 hanc
452 2479 594 2513 epistolam
614 2480 747 2515 dinamus,
770 2486 837 2509 teste
858 2483 955 2509 Severo
975 2484 1155 2517 autiocheno⁷
1177 2492 1201 2519 p.
1227 2488 1284 2511 103.
1307 2493 1333 2510 n.
1357 2488 1379 2510 1.

195 2523 229 2553 (2)
250 2521 338 2548 Verba
358 2529 414 2549 non
437 2522 535 2550 faciam
559 2523 592 2551 de
616 2530 738 2553 veterum
763 2532 869 2562 patruni
894 2529 965 2555 circa
989 2529 1151 2563 angelorum
1176 2529 1362 2556 substantiam
1386 2528 1543 2559 sententiis,
1566 2534 1634 2561 quas
1657 2531 1780 2553 accurate

96 2573 172 2592 more
193 2573 244 2593 suo
265 2570 387 2594 recenset
407 2568 532 2595 Petavius
554 2569 583 2595 in
604 2573 720 2597 tractatu
743 2571 776 2598 de
797 2572 903 2604 angelis
926 2573 973 2599 lib.
996 2574 1015 2599 l.
1039 2582 1116 2608 capp.
1138 2577 1163 2600 2.
1187 2578 1210 2601 23.
1233 2578 1258 2600 4.
1281 2573 1400 2609 Cyl-illus
1422 2572 1532 2607 quidem
1555 2575 1647 2598 noster
1669 2571 1697 2597 in
1720 2570 1777 2597 Ioh.

97 2609 144 2637 tib.
167 2611 212 2637 IV.
233 2619 292 2646 cap.
313 2614 339 2638 2.
360 2611 403 2639 ed.
425 2612 538 2640 Aubert.
558 2614 590 2640 T.
612 2614 656 2641 IV.
678 2623 704 2649 p.
726 2619 785 2642 351.
807 2622 887 2652 negat
910 2618 1020 2653 angelos
1044 2619 1113 2645 vesci
1138 2625 1216 2652 posse
1240 2618 1354 2644 terrenis
1376 2617 1458 2648 cibis3
1479 2621 1505 2643 et
1527 2617 1576 2643 hoc
1598 2616 1709 2643 demum
1732 2618 1779 2652 qni

97 2662 172 2682 nunc
190 2655 318 2691 vulgatur
336 2664 351 2683 a
371 2657 451 2684 nobis
472 2657 532 2684 loco
552 2662 634 2693 negat
653 2659 761 2687 eosdem
783 2668 873 2688 crassa
895 2666 921 2689 et
941 2666 1048 2689 terrena
1071 2670 1182 2697 corpora
1204 2662 1312 2689 habere.

194 2703 230 2734 (3)
251 2702 283 2728 In
297 2709 394 2737 graeco
407 2701 504 2738 Cyrilli
518 2706 608 2736 tenu,
623 2708 716 2731 nostro
730 2705 837 2732 scilicet
850 2714 931 2741 quem
947 2707 1039 2734 denno
1054 2707 1222 2742 inspeximus
1237 2706 1344 2738 codice,
1361 2707 1462 2739 lenitur
1479 2708 1519 2732 διά
1536 2708 1641 2742 πατρός.
1662 2708 1779 2734 Verunt-

96 2748 189 2772 tamen
206 2745 320 2773 Severus
340 2746 521 2775 antiochenus
541 2747 571 2774 in
591 2747 685 2776 codice
703 2756 758 2785 syr.
778 2754 831 2776 vat.
852 2751 948 2778 CXLI.
969 2752 988 2779 s.
1012 2756 1070 2779 103.
1092 2752 1182 2787 operis
1203 2752 1245 2778 sui
1267 2755 1361 2778 contra
1384 2752 1522 2779 Iulianum
1544 2752 1642 2784 italie,
1662 2752 1780 2779 recitans

92 2788 170 2817 hune
191 2790 329 2818 ineditum
351 2791 447 2827 Cyrilli
469 2791 575 2824 locum,
596 2800 627 2819 ex
648 2792 706 2819 eius
727 2792 796 2820 libro
817 2802 864 2821 seu
884 2803 1009 2823 sermone
1031 2800 1129 2831 quarto
1150 2796 1179 2822 in
1201 2795 1344 2830 epistolam
1368 2796 1403 2821 ΙΙ.
1425 2795 1457 2822 ad
1480 2796 1651 2828 Corinthios,
1672 2795 1778 2831 legebat

90 2836 133 2860 ιδιά
153 2836 310 2871 πνεύματος,
329 2843 412 2872 quam
431 2843 481 2865 nos
500 2836 645 2864 lectionem
664 2840 759 2873 utpote
779 2838 909 2866 veriorem
931 2841 1018 2867 secuti
1040 2847 1136 2868 sumus
1157 2840 1186 2866 in
1207 2839 1292 2866 latina
1314 2839 1364 2867 hac
1383 2844 1475 2867 nostra
1496 2840 1729 2877 interpretatione.

1824 242 1879 263 (jun
1897 242 1932 263 Ν,
1951 245 1974 262 16

1827 474 1834 480 ”
1850 471 1901 493 Gal.
1917 472 1942 491 V.
1962 475 1991 493 Ιῖ.

1821 987 1879 1007 Cau*-
1897 987 1913 1005 V
1941 990 1945 1006 Ι

1826 1105 1832 1110 “
1850 1102 1890 1122 101·
1916 1103 1950 1122 tv.
1970 1106 1992 1123 19

1825 1510 1861 1529 fir.
1877 1515 1897 1535 p.
1914 1513 1938 1529 ξιτ
