2205 3177
215 393 222 399 ·
240 390 318 410 mtto.
335 388 360 408 V.
376 392 408 409 20.

208 909 217 917 ’
234 907 282 928 lah.
299 906 357 927 xut.
374 909 405 927 [ἢ.

268 1026 305 1046 ur,
321 1031 342 1051 ρ.
359 1028 404 1046 22¹7.

216 2230 222 2235 ·
239 2229 286 2248 hil,
305 2228 341 2248 ill.
359 2231 388 2248 12.

186 2288 191 2292 '
209 2285 235 2305 il.
251 2285 303 2305 (or.
320 2285 343 2304 ἴ,
357 2288 388 2305 21.

253 2397 289 2416 ar.
304 2404 319 2423 J1
342 2401 387 2419 238.

451 194 513 228 186
953 203 980 225 s.
1009 203 1135 226 cnuti!
1163 205 1384 228 Atexttxnmsi
1412 205 1618 230 exre-imno

445 281 559 304 suam.
583 269 676 301 illam
703 278 826 313 nempe
851 266 1110 308 absconditam,
1131 281 1219 315 quae
1245 271 1356 316 legem
1384 269 1616 316 umbramque
1642 271 1796 311 excedit,
1821 272 1855 306 id
1881 279 1932 308 est
1957 277 2132 321 evangeli·

446 337 538 362 cam,
561 336 664 370 quam
688 325 830 370 ipsemet
854 324 946 359 filius
964 325 1146 360 meliorem
1165 338 1237 361 esse
1256 328 1333 368 illa,
1354 339 1443 373 quae
1462 340 1525 374 pcr
1549 329 1701 373 Moyscm
1727 330 1875 375 antiquis
1898 331 2024 366 dictata
2043 333 2125 371 suit.

444 383 594 417 declarat
608 408 615 418 .
635 387 770 415 sanctos
793 382 969 428 apostolos
987 382 1128 417 hortans
1147 390 1248 430 atque
1270 386 1314 419 ita
1340 385 1520 431 alloquens
1542 385 1574 418 't
1592 386 1654 419 nisi
1675 384 1901 422 abundaverit
1923 389 2047 423 iustitia
2068 402 2128 424 vc·-

444 448 512 474 stra
540 440 618 485 plus
645 450 751 484 quam
772 439 964 474 scribarum
983 446 1017 474 et
1043 441 1323 487 pharisaeorum,
1345 454 1416 477 non
1443 441 1614 477 intrabitis
1641 443 1675 476 in
1700 454 1846 489 reguum
1872 445 2061 481 caelorum.

1111 537 1342 575 PSALMUS
1369 539 1453 576 XL.

1015 621 1054 644 Ιιι
1071 622 1178 649 finem,
1194 621 1333 649 psalmus
1349 623 1410 649 {psi
1428 622 1554 645 David}-

537 670 704 706 Nonnulli
724 670 766 704 ad
785 670 951 704 Davidem
971 671 1162 705 retulerunt
1183 677 1399 717 praesentem
1421 672 1614 717 psalmum
1634 672 1689 706 alii
1710 684 1763 706 res
1779 674 1913 707 Ezeciae
1931 673 2008 708 heic
2025 686 2125 720 prae-

441 729 507 763 dici
535 730 645 767 aiunt‚
670 728 849 774 quomodo
875 740 998 774 nempe
1021 727 1067 761 ob
1094 729 1280 762 elationem
1305 740 1403 762 suam
1428 730 1462 763 in
1488 728 1652 763 morbum
1676 730 1853 770 inciderit,
1874 731 2123 777 quomodoque

441 787 541 820 amici
561 797 639 831 erga
659 787 772 831 ipsum
792 785 903 819 affecti
924 785 1049 818 suerint
1069 785 1134 831 (1),
1156 792 1189 819 et
1208 785 1303 831 quod
1322 785 1369 819 ob
1388 797 1484 819 suam
1503 797 1584 831 erga
1601 798 1770 832 pauperes
1787 798 1904 821 curam
1917 813 1924 826 ,
1945 788 2123 822 sanitatem

440 844 483 876 sit
499 849 714 877 consecutus.
734 842 799 876 Sed
817 842 908 875 enim
927 848 1089 875 neutrum
1108 842 1289 893 admittere
1307 843 1387 876 sinit
1405 854 1468 876 nos
1485 841 1642 876 divinum
1661 843 1891 889 evangelium.
1912 845 1997 878 Nam
2012 856 2121 890 quum

439 901 605 934 Dominus
631 900 755 933 dixerit
782 900 812 932 ἐ
837 906 873 932 ut
899 899 1128 945 adimpleatur
1154 900 1342 945 scriptura,
1371 900 1430 944 qui
1457 910 1581 945 panem
1608 912 1742 934 mecum
1769 901 1973 941 manducat,
1995 902 2120 936 levavit

439 964 558 992 contra
585 969 640 991 me
667 957 864 991 calcaneum
890 968 1011 998 suum3
1034 957 1365 1003 demonstraritque,
1389 957 1517 990 nemini
1545 958 1607 991 nisi
1634 957 1698 991 sibi
1721 958 1813 992 hunc
1838 958 2012 1004 psalmum
2037 969 2121 992 con-

439 1026 579 1060 gruere.
600 1014 711 1048 audax
737 1014 1026 1058 temerariumque
1051 1014 1235 1048 consilium
1260 1015 1419 1048 existimo
1445 1015 1471 1048 si
1497 1015 1574 1060 quis
1600 1013 1694 1048 aliud
1717 1022 1959 1060 argumentum
1984 1015 2120 1050 confin—

438 1084 518 1117 gere
542 1072 625 1105 velit
645 1072 705 1116 (2).
734 1072 855 1105 Beatos
880 1072 994 1117 itaque
1021 1083 1184 1117 praesens
1210 1072 1362 1117 psalmus
1387 1062 1563 1117 praedicat
1589 1071 1725 1105 Christo
1750 1073 1947 1112 credentes,
1967 1084 2119 1118 quorum

437 1129 495 1163 ille
514 1128 619 1162 fidem
638 1140 863 1162 remunerans
875 1154 882 1167 ‚
904 1128 1038 1162 confert
1057 1128 1223 1162 auxilium
1241 1140 1354 1162 suum.
1382 1129 1458 1174 Ipsa
1476 1139 1616 1173 quoque
1634 1128 1865 1163 introducitur
1883 1129 2019 1162 Domini
2039 1140 2119 1174 per-

435 1197 538 1225 sona,
557 1185 780 1231 expostulans
799 1197 877 1219 cum
896 1186 1019 1219 iudaici
1041 1185 1161 1231 populi
1182 1185 1414 1231 principibus,
1436 1192 1469 1219 et
1488 1197 1566 1219 cum
1585 1185 1764 1231 proditore
1784 1187 2013 1232 potissimum.
2035 1187 2118 1220 Pro-

436 1250 552 1289 pterea
577 1249 611 1277 et
633 1257 648 1273 «
671 1244 705 1276 in
734 1242 837 1276 linem
860 1257 876 1274 »
898 1242 1115 1282 inscribitur,
1137 1243 1217 1288 quia
1243 1253 1306 1276 nos
1331 1243 1474 1277 remittit
1499 1242 1542 1276 ad
1569 1242 1695 1276 saeculi
1722 1242 1846 1282 finem,
1865 1253 1936 1289 quo
1962 1248 2117 1289 tempore

436 1312 474 1335 ea
497 1312 584 1346 quae
611 1301 736 1346 scripta
761 1307 839 1334 sunt
865 1307 1068 1334 evenerunt.

833 1365 952 1388 Beatus
968 1366 1022 1392 qui
1041 1365 1198 1395 iutelligit
1216 1371 1310 1393 super
1326 1371 1458 1394 egenum
1474 1367 1506 1388 et
1522 1370 1702 1392 pauperum

529 1417 671 1450 Beatum
697 1415 803 1454 dicit,
832 1416 892 1460 qui
919 1421 1154 1461 paupertatem
1186 1415 1380 1460 intelligere
1406 1421 1542 1460 potest,
1570 1426 1674 1460 quam
1702 1414 1810 1448 nostri
1839 1425 1938 1448 causa
1963 1412 2116 1447 Christus

432 1474 593 1518 suscepit.
623 1474 723 1506 Hunc
748 1474 840 1512 enim
859 1473 942 1506 dicit
959 1483 1170 1518 pauperem,
1192 1473 1251 1517 qui
1278 1483 1357 1505 cum
1382 1472 1479 1505 dives
1504 1478 1609 1510 esset,
1632 1478 1777 1517 propter
1801 1482 1864 1505 nos
1888 1470 2054 1516 indiguit,
2077 1476 2115 1504 ut

435 1542 497 1564 uos
522 1536 722 1576 paupertate
748 1530 854 1575 ipsius
880 1529 1083 1564 ditaremur.

671 1595 824 1618 Dominus
839 1596 995 1618 custodiat
1011 1601 1096 1623 eum,
1112 1597 1141 1618 et
1163 1594 1293 1617 vivificet
1311 1601 1397 1622 eum,
1414 1595 1599 1622 beatumque
1616 1594 1713 1617 faciat
1730 1594 1763 1616 in
1781 1595 1878 1616 terra.

527 1646 618 1679 Haec
637 1651 715 1678 sunt
735 1644 814 1678 fidei
834 1645 869 1677 in
889 1643 1061 1678 Christum
1080 1644 1232 1690 praemia
1245 1670 1252 1682 ‚
1273 1645 1439 1678 nimirum
1459 1655 1478 1677 a
1496 1643 1645 1677 Domino
1664 1642 1847 1681 custodiri,
1870 1647 2042 1676 aeternam
2060 1641 2114 1674 vi—

431 1708 501 1735 tam
527 1703 754 1747 participare,
778 1702 812 1735 in
839 1707 929 1734 terra
956 1707 1216 1735 mansuetorum
1235 1700 1448 1735 beatitudine
1474 1700 1561 1739 frui,
1583 1711 1623 1734 ex
1647 1698 1937 1746 intellectualibus
1956 1696 2113 1731 hostibus

429 1758 580 1792 liberari.
610 1759 738 1792 Eadem
764 1765 842 1793 sunt
868 1759 1019 1804 praemia
1038 1759 1140 1792 etiam
1161 1759 1309 1792 caritatis
1327 1769 1407 1803 erga
1427 1769 1595 1804 pauperes
1615 1757 1678 1802 (3):
1703 1768 1773 1790 non
1792 1756 1884 1790 enim
1903 1755 2017 1798 sutura
2035 1762 2112 1789 tan-

429 1816 611 1850 tummodo
637 1817 787 1861 praemia
807 1827 997 1861 pauperum
1024 1816 1168 1849 amatori
1195 1815 1300 1849 donat
1323 1816 1510 1854 Dominus,
1532 1824 1719 1860 veramque
1743 1814 1840 1847 illam
1865 1819 2040 1847 aeternam
2057 1813 2111 1846 'vi-

430 1879 516 1910 tam,
538 1873 597 1907 sed
624 1873 698 1906 heic
724 1875 825 1906 etiam
852 1872 992 1907 beatum
1018 1874 1130 1918 ipsum
1156 1873 1272 1913 efficit.

629 1938 694 1967 Ego
711 1938 792 1960 dixi:
811 1938 958 1965 Domine,
974 1938 1121 1960 miserere
1138 1938 1215 1970 meh
1231 1944 1308 1960 sana
1324 1938 1463 1960 animam
1478 1943 1592 1964 meam,
1608 1937 1683 1963 quia
1699 1936 1821 1963 peccavi
1838 1936 1909 1958 tibi.

522 1989 588 2021 Pro
614 1999 677 2021 suo
702 1989 805 2021 etiam
832 1993 972 2033 peccato
997 1987 1106 2021 David
1132 1994 1227 2021 orat:
1249 1989 1379 2033 quippe
1401 1988 1462 2033 qui
1485 1999 1521 2021 se
1545 1998 1653 2020 unum
1677 1997 1748 2020 esse
1772 1984 1901 2020 sciebat
1925 1996 1966 2019 ex
1990 1985 2030 2018 iis
2047 1985 2107 2030 qui

427 2046 623 2091 intelligunt
647 2057 751 2091 super
776 2057 923 2091 egenum
949 2051 983 2079 et
1008 2057 1207 2091 pauperem.
1237 2045 1303 2079 Sed
1326 2046 1418 2079 enim
1443 2045 1491 2078 nil
1517 2045 1644 2078 mirum
1669 2050 1738 2083 est,
1763 2043 1856 2089 quod
1882 2041 1990 2077 David
2015 2053 2107 2076 nunc

425 2105 529 2137 etiam
554 2103 589 2136 id
613 2103 770 2137 fateatur.
800 2103 956 2137 Salvator
982 2109 1096 2136 tamen
1124 2104 1159 2137 id
1185 2103 1299 2137 dicere
1324 2103 1460 2148 nequit,
1482 2103 1545 2136 nisi
1569 2103 1649 2147 quia
1676 2107 1813 2147 peccata
1832 2106 1949 2134 nostra
1969 2098 2034 2133 sibi
2053 2110 2108 2145 as—

424 2161 587 2205 sumpsit,
607 2167 776 2205 quatenus
802 2161 872 2206 ipse
891 2166 941 2194 est
964 2167 1106 2194 naturae
1131 2167 1269 2195 nostrae
1293 2161 1480 2194 inchoatio.
1511 2159 1663 2193 Christus
1689 2159 1781 2192 enirn
1800 2169 1866 2204 pro
1884 2156 1986 2193 nobis
2009 2167 2107 2190 mor-

425 2223 503 2250 tuus
521 2224 588 2254 est,
610 2216 718 2250 sactus
737 2229 802 2262 pro
821 2216 922 2251 nobis
942 2217 1139 2251 maledictio
1160 2218 1183 2251 ².
1204 2218 1244 2251 Et
1262 2228 1342 2250 eum
1359 2218 1418 2262 qui
1438 2222 1614 2262 peccatum
1634 2216 1792 2257 nescivit,
1813 2216 1904 2248 Deus
1922 2224 1987 2259 pro
2004 2212 2105 2247 nobis

424 2274 738 2319 peccatumess‘ccit
758 2273 782 2307 ’.
812 2274 909 2307 Unde
928 2275 957 2307 ei
977 2286 1117 2319 quoque
1137 2275 1297 2319 congruit
1317 2274 1550 2308 misericordia
1570 2273 1736 2318 indigere.
1766 2292 1790 2298 —
1816 2271 1996 2317 Sequentia
2020 2281 2105 2304 vero

424 2332 641 2376 potissimum
670 2331 854 2365 convenire
883 2331 1100 2367 sermonibus
1131 2332 1174 2365 de
1202 2332 1391 2365 Sci-valoris
1420 2332 1600 2377 passione.
1628 2330 1740 2364 cuncti
1768 2328 1965 2364 adfirmant.
1996 2329 2105 2361 Porro

426 2402 441 2417 (ι
465 2392 602 2434 peccavi
626 2402 641 2419 »
664 2377 755 2422 idem
780 2394 830 2421 est
854 2399 891 2421 ac
917 2388 1051 2427 dicere,
1076 2389 1238 2422 adversus
1264 2395 1375 2427 tuam,
1400 2400 1422 2422 o
1440 2388 1605 2426 Domine,
1626 2387 1737 2433 legem
1763 2386 1920 2420 insanivi.
1949 2384 2102 2425 Quodvis

422 2446 513 2479 enim
542 2451 721 2490 peccatum
748 2451 906 2479 nostrum
932 2445 1024 2479 hunc
1051 2445 1156 2479 habet
1183 2452 1331 2479 reatum.

500 2551 533 2580 (¹2
555 2550 608 2575 Res
629 2549 805 2582 cognoscitur
824 2557 854 2575 ex
875 2549 974 2583 psalmi
994 2553 1096 2576 tenore.

499 2596 535 2623 (2)
554 2593 728 2628 Reprehendi
748 2593 799 2620 hoc
822 2593 883 2620 loco
902 2592 1076 2620 Theodorum
1102 2597 1324 2628 mopsuestenum
1344 2602 1359 2621 a
1378 2593 1497 2629 Cyrillo,
1518 2592 1766 2621 demonstravimus
1790 2599 1816 2627 p.
1837 2598 1878 2626 gr.
1899 2593 1961 2617 297.
1982 2589 2046 2617 adn.
2069 2591 2101 2620 1,

419 2635 498 2662 cuius
517 2637 595 2663 xerba
616 2637 651 2663 ita
672 2644 700 2664 se
719 2636 830 2663 habent.
852 2639 912 2664 Hoc
931 2639 960 2664 in
974 2637 1088 2672 psalmo
1108 2645 1152 2664 res
1172 2637 1248 2664 beati
1265 2639 1387 2664 Ezecz'ae
1406 2638 1503 2664 beatus
1517 2637 1614 2664 Dar-ic!
1631 2637 1826 2668 vaticinatur,
1841 2633 1979 2669 quomodo
1992 2631 2101 2660 scilicet

418 2682 445 2705 et
463 2683 540 2706 cuius
560 2683 603 2707 rei
622 2689 837 2716 causa‚uen1pe
853 2683 980 2716 peccati,
996 2681 1044 2708 ille
1063 2683 1271 2717 aeyrotaverit:
1285 2682 1407 2716 quidque
1427 2684 1452 2709 ei
1470 2683 1634 2716 aeqrotanlz'
1653 2681 1689 2707 ab
1704 2681 1806 2707 amicis
1820 2679 1968 2706 acciderit.
1989 2676 2098 2704 Deinde

418 2723 516 2756 docet,
536 2725 672 2758 quomodo
691 2727 813 2760 propter
830 2733 911 2752 suam
932 2733 1096 2761 pauperum
1114 2733 1232 2759 curam,
1253 2725 1445 2752 valetudinem
1465 2727 1624 2761 recfper1't;
1643 2726 1755 2751 cunctos
1775 2724 1907 2764 deinceps
1929 2721 2048 2749 hortans
2062 2722 2100 2760 ‘ut-

418 2768 461 2792 ila
480 2774 508 2792 se
529 2775 627 2801 (serere
650 2769 745 2795 velint.

499 2814 523 2841 {3
556 2814 613 2845 Περί
635 2814 826 2849 φιλιπτωχίκς,
845 2814 881 2841 cle
899 2814 1052 2850 eliligsenclz's
1071 2814 1264 2850 pauperibus,
1285 2819 1357 2848 extat
1376 2815 1459 2842 etiam
1478 2815 1504 2842 S.
1525 2813 1650 2849 Gregorii
1674 2813 1786 2850 nysseni
1806 2811 1892 2839 oratio
1910 2810 1981 2837 inter
2000 2807 2060 2835 illas
2079 2815 2094 2834 a

419 2854 548 2882 Gretsero
567 2855 683 2883 additus.
