2205 3177
163 1031 265 1052 'Marci
276 1031 312 1051 lll.
322 1034 354 1051 tt.

164 1093 168 1097 ”
188 1088 268 1109 Μῖιὶῗῐι,
285 1088 320 1107 Nl.

166 1198 247 1219 >tib-r.
261 1198 308 1219 itt.
325 1201 353 1218 tt.

165 1252 358 1278 vxtlpsalnmmrv

165 1285 168 1297 ι
182 1277 361 1299 .1ιιΙι»«ιίιυ-ιιι1ι1Δ

299 1376 318 1389 b.
335 1374 352 1389 ἓ,

183 2237 188 2243 ”
205 2234 269 2254 Cant.
287 2233 323 2253 IV.
339 2235 358 2253 7.

398 200 461 232 llll
899 208 926 229 S.
955 205 1081 229 CYMLLI
1108 205 1327 228 ‚unxssmtnx't
1355 205 1559 228 EXPLANA‘HO

1019 295 1248 333 PSAIMUS
1279 295 1439 332 xxvii.

487 388 578 421 Canit
607 392 819 431 praesentem
847 385 1016 430 psalmum
1038 385 1144 419 David
1172 386 1205 419 in
1232 397 1376 431 persona
1399 384 1610 418 credentium
1626 383 1778 420 Christo,
1801 395 1901 429 prece
1921 395 1979 418 sua
2003 383 2062 417 Dei

392 445 599 479 adiutorium
625 454 831 488 exposcent&
854 442 1023 487 simulque
1053 442 1255 476 ludaeorum
1282 443 1452 476 vesaniam
1479 447 1612 475 accusat
1635 441 1702 486 (1),
1728 452 1829 486 seque
1854 440 1896 475 ab
1922 441 2062 475 illorum

393 504 551 537 societate
578 501 762 537 abstrahit,
783 500 917 534 Christo
943 512 977 534 se
1003 500 1201 546 spiritaliter
1227 500 1411 545 adiungere
1438 506 1603 545 satagens.

1005 565 1053 588 Ad
1072 568 1116 590 te.
1134 565 1280 592 Domine,
1296 565 1438 587 clamavi.

486 617 680 650 Clamorem
700 615 765 648 hoc
785 615 879 653 loco,
898 615 988 648 hand
1009 615 1132 648 elatam
1154 626 1380 659 magnamque
1399 626 1518 647 vocem
1539 613 1703 652 dicimus;
1720 613 1919 646 indecorum
1936 614 2065 659 quippe

392 675 431 707 sit
459 674 583 707 sanctis
609 674 654 706 ita
685 683 810 706 orare:
838 672 896 705 sed
924 673 1046 705 mentis
1075 673 1229 717 vigorem
1247 697 1254 709 ,
1283 677 1313 705 et
1343 671 1502 705 liduciam
1533 670 1756 704 immobiliter
1782 671 1817 703 in
1847 671 1918 703 Deo
1948 669 2062 704 fixam.

392 731 520 776 Excipit
548 731 639 763 enim
666 729 901 763 huiuscemodi
929 729 1141 774 precantium
1166 740 1286 765 voces.
1311 740 1389 761 eum
1406 735 1536 762 sanctas
1558 728 1739 762 extulerint
1758 739 1879 761 manus
1903 727 2067 761 orationis

394 794 562 833 tempore.
585 788 789 831 Ceteroquin
810 786 983 819 insolitum
1005 785 1136 819 ludaeis
1155 791 1204 819 est
1224 797 1344 819 manus
1363 787 1451 819 inter
1469 786 1639 819 orandum
1659 785 1823 819 extollere
1842 784 1886 830 (2)
1903 784 1961 818 sed
1981 795 2069 818 com-

393 858 496 880 mune
523 846 611 879 inter
637 845 855 881 christianos,
876 845 934 888 qni
961 855 1124 877 manuum
1151 844 1348 877 extensione
1367 844 1601 877 xenerandum
1626 843 1784 877 salutaris
1809 843 1916 876 crucis
1933 843 2068 887 signum

393 902 573 937 efformant
597 902 664 945 t3};
684 903 759 947 ipso
785 908 861 935 actu
889 900 1064 934 dedicatos
1083 913 1117 934 se
1137 901 1271 933 Christo
1297 899 1514 946 prolitentes,
1535 907 1636 945 atque
1654 901 1726 934 eius
1745 910 1844 934 cruce
1868 899 2064 944 gloriantes.

394 961 579 1005 Tamquam
601 960 691 992 enim
714 959 883 1004 particeps
905 958 980 991 sacti
1001 958 1197 1003 passionum
1217 958 1305 995 eius,
1327 969 1422 991 suam
1441 958 1584 1003 quisque
1601 969 1736 991 crucem
1757 957 1962 995 baiulanteS,
1980 967 2070 990 eum-

393 1029 460 1062 que
487 1023 684 1061 sequentes,
709 1022 742 1049 nt
764 1016 835 1061 ipse
855 1015 939 1048 dixit
961 1016 989 1053 ‘,
1011 1015 1076 1048 hoc
1103 1016 1211 1048 crucis
1230 1015 1364 1060 signum
1383 1014 1582 1060 figuramus.
1604 1016 1731 1048 Verum
1758 1014 1850 1048 haud
1876 1015 1910 1047 in
1937 1012 2069 1059 angulis

394 1075 586 1120 platearum
609 1073 742 1106 iudaico
764 1084 860 1106 more
881 1073 890 1081 “
912 1084 1067 1109 oramus,
1088 1084 1158 1117 quo
1177 1071 1219 1105 ab
1241 1072 1438 1106 hominibus
1457 1073 1723 1117 conspiciamur,
1745 1072 1803 1105 sed
1820 1072 1855 1105 in
1874 1077 1990 1105 sancto
2010 1071 2068 1105 Dei

394 1131 525 1176 templo
552 1130 646 1163 lirevi
675 1137 830 1175 tempore
856 1141 977 1162 manns
1004 1129 1211 1168 attollimus,
1234 1140 1419 1174 precesque
1444 1129 1632 1163 offerimus.
1660 1130 1734 1162 Mea
1752 1129 1843 1162 enim
1864 1128 2003 1167 domus,
2024 1128 2069 1161 ait

396 1190 482 1221 Deus
508 1199 570 1233 per
598 1187 802 1233 proplietam
824 1187 854 1224 ',
879 1186 1003 1219 domus
1029 1187 1194 1220 orationis
1219 1186 1411 1220 vocabitur.

1032 1281 1262 1319 PSALMUS
1290 1282 1433 1319 XXIX.

719 1368 865 1395 Domine,
881 1368 914 1389 in
934 1367 1095 1390 voluntate
1112 1369 1167 1390 tua
1183 1367 1372 1394 praestitisti
1389 1367 1491 1390 decori
1508 1373 1574 1389 meo
1591 1367 1749 1389 virtulem.

488 1419 651 1464 Corporis
678 1417 902 1463 pulchritudo
920 1418 955 1450 in
974 1417 1058 1451 facie
1078 1418 1286 1450 aestimatur.
1314 1417 1484 1451 Plurimae
1502 1428 1586 1450 vero
1606 1422 1720 1462 partes
1739 1415 1781 1449 ad
1801 1416 1900 1449 unius
1922 1414 2072 1461 pulchri-

395 1476 523 1509 tudinis
541 1474 788 1521 perfectionem
808 1480 1036 1512 concurrunt,
1054 1473 1159 1507 veluti
1178 1474 1316 1511 oculus,
1333 1473 1573 1519 supercilium,
1591 1484 1714 1518 genae,
1730 1479 1763 1507 et
1780 1472 1924 1518 reliqua.
1941 1470 2072 1505 Eodem

351 1559 354 1562 .
395 1533 501 1567 inodo
529 1532 824 1579 pulchritudinem
842 1543 982 1577 quoque
1000 1532 1188 1577 spiritalem
1207 1533 1443 1569 aestimemus;
1468 1542 1535 1564 una
1554 1537 1604 1564 est
1623 1531 1714 1564 enim
1733 1542 1772 1564 ex
1790 1530 1908 1564 multis
1927 1530 1971 1563 ita
1990 1540 2073 1563 con-

394 1591 473 1624 ssata
500 1589 685 1624 virtutibus
712 1597 746 1623 ut
775 1589 967 1623 cohaereat.
997 1590 1068 1634 Age
1094 1600 1178 1622 vero
1204 1588 1281 1623 loco
1307 1589 1398 1623 oculi
1424 1589 1585 1634 ponimus
1610 1586 1733 1626 fidem;
1754 1588 1851 1621 sicuti
1878 1588 1956 1622 loco
1981 1588 2070 1625 oris,

397 1648 569 1693 prolatum
590 1658 786 1681 sermonem
798 1673 806 1684 ,
828 1653 859 1680 et
880 1647 1022 1692 analoga
1043 1647 1176 1680 ratione
1195 1646 1339 1691 reliqua.
1361 1646 1537 1684 Ceterum,
1554 1651 1592 1679 ut
1611 1645 1835 1691 pulchritudo
1853 1645 1968 1679 animo
1986 1656 2074 1679 acce-

396 1706 453 1739 dat
477 1706 652 1750 virtusque
671 1704 834 1749 quicquid
862 1704 1014 1737 officium
1036 1703 1187 1749 postulat
1212 1703 1400 1742 efficiendi,
1422 1704 1537 1736 divina
1557 1703 1600 1736 ad
1619 1702 1653 1735 id
1673 1703 1780 1747 gratia
1798 1702 1990 1747 indigemus
2010 1702 2071 1748 (4).

396 1764 485 1796 Sicut
513 1763 626 1807 itaque
652 1763 808 1807 superius
834 1761 936 1799 dixit,
958 1762 1062 1794 vitam
1089 1773 1160 1794 esse
1187 1762 1223 1794 in
1247 1761 1425 1794 voluntate
1444 1762 1534 1798 eius.
1556 1761 1601 1793 ita
1620 1772 1711 1794 nunc
1728 1761 1837 1793 Deum
1858 1759 1982 1793 exaltat
2000 1770 2075 1806 gra-

398 1820 450 1852 tiis
470 1819 610 1863 agendis
628 1818 763 1852 dicens:
786 1819 820 1851 in
842 1818 1019 1852 voluntate
1040 1824 1094 1851 tua
1115 1818 1309 1863 praestitisti
1329 1817 1446 1851 decori
1466 1828 1544 1851 meo
1563 1818 1736 1850 virtutem.
1758 1816 1921 1855 Pulcher,
1942 1817 2072 1862 inquit,

397 1883 516 1910 natura
544 1888 661 1912 eram:
691 1876 749 1908 sed
775 1875 972 1908 debilitatus
998 1875 1046 1908 sui
1063 1901 1071 1914 ‚
1100 1881 1282 1920 postquam
1309 1875 1490 1908 insidiante
1515 1880 1672 1920 serpente
1697 1880 1845 1908 mortem
1871 1873 1999 1919 peccati
2025 1874 2075 1907 in—

398 1934 488 1966 curri
511 1942 569 1965 ›
593 1932 842 1966 Pulcliritudini
862 1943 945 1977 ergo
963 1943 1076 1971 meae,
1097 1944 1201 1977 quam
1223 1944 1240 1966 a
1263 1938 1294 1965 te
1314 1933 1423 1977 prima
1444 1933 1476 1965 in
1497 1932 1667 1965 creatione
1686 1942 1882 1977 acceperam
1896 1957 1903 1969 ,
1925 1931 2075 1964 adiecisti

396 1992 558 2024 virtutem
579 1990 693 2023 ollicio
714 1989 890 2035 implendo
910 1989 1094 2023 valentem.
1118 1989 1261 2023 Pulchra
1280 1995 1329 2022 est
1348 1990 1451 2034 igitur
1473 1990 1584 2023 omnis
1601 1989 1730 2026 anima,
1752 1999 1839 2033 quae
1858 1999 1927 2021 non
1947 1987 2075 2033 absque

398 2060 536 2081 suarum
554 2048 719 2080 virtutum
739 2047 936 2091 symmetria
956 2053 1147 2092 spectatur:
1168 2058 1246 2080 nam
1266 2053 1298 2079 et
1319 2047 1513 2081 formositas
1531 2047 1704 2092 corporiS,
1726 2045 1964 2080 membrorum
1982 2056 2075 2091 sym-

398 2106 519 2138 metria
545 2110 688 2137 (winstat.
711 2106 748 2137 Et
769 2105 826 2149 qui
849 2104 1045 2137 huiusmodi
1066 2105 1099 2137 in
1118 2115 1153 2137 se
1175 2105 1337 2138 virtutem
1363 2105 1553 2149 experitur,
1576 2103 1831 2137 eucharisticam
1852 2104 1939 2137 hanc
1954 2113 2074 2137 vocem

397 2164 531 2196 emittit.
561 2162 717 2195 Curanda
744 2163 857 2207 itaque
886 2161 987 2195 nobis
1012 2162 1094 2195 haec
1122 2161 1344 2207 pulchritntsslo
1370 2168 1439 2200 est,
1462 2168 1499 2195 ut
1523 2161 1693 2200 Verbum,
1719 2161 1834 2207 sponsi
1860 2161 2000 2195 nomine
2025 2171 2076 2194 as-

398 2227 556 2265 sumpto,
579 2220 661 2253 dum
682 2231 744 2253 nos
771 2221 909 2265 recipit,
933 2220 1023 2253 <licat
1044 2220 1071 2252 ἰ
1094 2226 1163 2253 tota
1185 2219 1328 2266 pulchra
1355 2231 1409 2256 eS,
1435 2220 1588 2265 proxima
1612 2219 1658 2265 (a)
1681 2230 1774 2258 mea,
1798 2224 1832 2252 et
1852 2218 1985 2252 macula
2007 2229 2075 2252 non

399 2285 447 2311 est
476 2279 507 2310 in
537 2283 579 2311 te.

496 2382 529 2410 =11;
552 2379 690 2405 Hactenus
710 2378 837 2404 nonnulli
853 2378 887 2404 ad
901 2378 1083 2405 Athanasium
1103 2378 1182 2405 verba
1203 2378 1269 2404 haec
1289 2381 1442 2410 traxerunt,
1459 2377 1622 2404 reclamante
1637 2377 1730 2404 Niceta
1750 2377 1797 2412 qui
1816 2385 1846 2404 ex
1861 2376 1962 2413 Cyrillo
1981 2377 2072 2403 omnia

400 2423 493 2448 recitat
513 2422 538 2449 in
561 2422 792 2457 praestantissima
812 2421 846 2448 ad
868 2422 985 2456 psalmos
1005 2426 1099 2448 catena
1119 2422 1241 2448 vaticana
1261 2421 1362 2448 codicis
1380 2423 1413 2447 Α.

496 2469 529 2495 52,
551 2467 625 2492 Dicit
644 2466 695 2491 hoe
716 2470 825 2500 propter
844 2466 1008 2492 versiculum
1029 2468 1058 2491 2:
1080 2466 1145 2491 dnm
1166 2465 1271 2491 estella
1291 2474 1391 2491 »tanus
1411 2473 1487 2491 meas
1506 2465 1546 2491 (td
1566 2465 1698 2499 templum
1717 2466 1847 2491 scmctum
1868 2466 1955 2491 tuum.

497 2514 521 2541 [3
555 2512 713 2537 {Iunianum
730 2518 828 2545 eorpus
844 2510 932 2536 crucis
947 2509 1063 2541 figuram
1079 2509 1226 2543 quamdam
1242 2509 1380 2541 exhibere,
1395 2513 1473 2535 acute
1488 2509 1541 2535 iam
1555 2509 1762 2536 observaverant
1775 2510 1896 2536 Iustinus
1910 2508 1981 2543 apol.
1995 2509 2015 2535 1.
2027 2512 2073 2541 55.

400 2559 424 2579 et
440 2555 626 2581 Tertullianus
645 2554 678 2581 ad
699 2559 755 2581 nat.
773 2556 793 2581 l.
810 2557 851 2581 12.
869 2554 1039 2581 Christianos
1059 2558 1149 2580 autem
1170 2554 1294 2588 expansis
1314 2554 1441 2580 manibus
1460 2557 1568 2580 orantes
1588 2554 1688 2588 passim
1707 2553 1830 2580 videmus
1849 2553 1877 2580 in
1891 2554 1994 2580 Romae
2013 2553 2076 2581 sub-

400 2602 537 2625 terraneae
559 2600 761 2631 monumentis,
778 2603 804 2625 et
823 2598 934 2633 quidem
954 2598 983 2624 in
1004 2599 1106 2632 insigni
1127 2598 1231 2632 pictura
1251 2597 1285 2624 ad
1304 2598 1358 2624 Titi
1378 2598 1497 2625 thermas
1516 2603 1620 2633 reperta
1640 2602 1749 2625 sanetae
1769 2598 1895 2633 martyris
1912 2597 2074 2630 Felicitatis,

401 2648 478 2667 cuius
497 2646 654 2668 accuratum
675 2642 812 2677 exemplar
832 2641 904 2676 apud
925 2651 967 2669 nie
988 2642 1113 2675 religiose
1132 2649 1270 2668 conservo.

509 2689 522 2710 4
555 2687 657 2719 Dogana
679 2686 770 2712 denuo
790 2685 823 2712 de
842 2685 945 2720 gratiae
965 2686 1140 2717 necessitate,
1160 2688 1254 2712 eontra
1275 2685 1424 2719 Pelagium.

509 2731 532 2758 -3,
555 2730 594 2755 Eu
614 2730 747 2760 originale
766 2734 923 2764 peccatum,
944 2738 994 2757 nec
1013 2730 1071 2757 eius
1091 2737 1205 2764 poenam
1225 2729 1430 2763 tantummodo,
1452 2733 1483 2756 ut
1500 2729 1627 2757 cacodoxi
1649 2730 1750 2757 volunt.

504 2775 524 2801 ,⁴5
554 2773 682 2806 Sequitur
701 2773 921 2807 alexandrinam,
942 2782 1016 2801 nunc
1035 2774 1203 2807 vaticanam,
1218 2773 1361 2800 tectionem
1380 2775 1490 2802 mmo-tw
1510 2773 1637 2810 Cyrillus.
1658 2774 1784 2801 Ceterum
1805 2781 1866 2801 cum
1886 2771 2076 2800 alexandrinas

403 2814 532 2841 lectiones
552 2817 680 2847 nomino,
701 2826 756 2843 non
775 2822 890 2844 veterem
917 2818 1030 2853 patriam
1054 2817 1156 2845 codicis
1175 2818 1292 2845 vaticani
1311 2817 1387 2851 dico,
1407 2826 1476 2854 quae
1499 2819 1601 2846 incerta
1626 2822 1680 2851 est,
1701 2817 1748 2846 sed
1766 2817 1937 2853 septuaginta
1956 2817 2076 2844 virorum

403 2858 609 2885 translationem
631 2860 852 2894 alexandrinam,
872 2870 941 2896 quae
961 2863 990 2889 in
1009 2861 1147 2896 praedicto
1167 2860 1259 2889 codice
1278 2861 1386 2896 legitur.
