2205 3177
738 178 769 199 lx
796 177 947 199 PSALML'M
975 177 1055 199 an.
1085 178 1123 200 ET
1150 179 1243 200 ani.
1757 167 1825 201 233

444 243 508 266 nox
527 250 597 266 vero
615 244 789 267 laetabimi-
805 245 838 266 ἰιι
856 243 934 270 Deo,
950 243 1137 267 laudabit-n·
1153 246 1252 267 omnis
1268 246 1322 272 qui
1340 246 1425 267 iurat
1444 245 1476 267 iu
1493 251 1537 267 eo.
1867 254 1885 268 xx
1905 252 1926 269 12

250 297 347 331 Adeo
367 298 528 343 gaudium
548 310 685 335 eornm.
703 310 822 343 regum
842 298 987 334 seilicet,
1004 298 1156 332 Christus
1175 299 1255 336 erit,
1274 306 1311 332 ut
1330 300 1410 344 ipsis
1430 299 1552 332 merito
1572 298 1664 332 laudi
1685 296 1831 331 tribuen—

155 355 238 389 dum
264 356 304 388 sit
330 356 425 400 quod
452 357 553 389 etiam
581 368 642 401 per
668 356 765 388 illum
792 356 917 388 iurent.
947 356 1063 388 Iurant
1089 357 1180 389 enim
1206 357 1313 390 Deum
1339 368 1475 394 verum,
1498 358 1545 389 uti
1573 356 1736 402 scriptum
1762 362 1823 389 est.

154 413 251 446 Certe
270 412 369 445 disus
394 413 527 457 Moyses
546 414 590 447 ait
612 413 640 445 ἐ
664 413 844 446 dominum
869 413 979 445 Deum
1007 418 1102 445 tuum
1130 413 1280 451 timebis,
1304 419 1335 446 et
1355 425 1416 458 per
1436 424 1560 446 nomen
1588 413 1659 446 eius
1685 412 1824 446 iurabis.
1868 426 1875 434 ·
1892 424 1957 445 nem,
1975 425 2010 444 xi⁴
2030 428 2059 445 lti.

154 471 223 504 Nos
248 481 387 515 quoque
413 482 500 515 opus
526 476 593 505 est,
615 470 897 515 quotiescumque
918 468 1099 502 iurandum
1120 470 1237 506 suerit.
1262 471 1398 503 unicum
1419 482 1538 503 verum
1564 476 1682 514 suapte
1709 476 1827 503 natura

153 528 264 560 Deum
283 538 573 564 commemorare,
594 527 699 559 alium
719 533 894 571 praeterea
915 527 1099 560 neminem.
1121 527 1235 561 Simile
1254 527 1337 572 qnid
1358 539 1446 560 nunc
1466 527 1566 560 etiam
1587 526 1705 560 beatus
1723 527 1830 560 David

154 585 295 630 exponit
320 585 458 618 dicens:
484 583 680 618 laudabitur
706 585 818 617 omnis
843 585 901 629 qui
929 585 1017 617 iurat
1044 585 1077 617 in
1104 595 1157 617 eo.
1187 585 1341 628 Namque
1367 590 1397 617 et
1426 584 1511 622 hoe,
1538 590 1671 629 praeter
1697 590 1828 621 cetera,

155 643 282 675 amoris
307 653 387 686 erga
413 642 511 675 illum
531 641 694 674 indicium
714 648 780 677 est,
805 642 831 674 si
857 653 964 686 quum
991 640 1125 674 iurandi
1145 641 1278 674 occasio
1297 642 1446 674 evenerit
1460 667 1468 679 ‚
1489 642 1594 686 ipsius
1619 642 1716 674 unice
1735 652 1832 674 men-

154 700 284 733 tionem
310 699 483 732 faciamus.
512 699 647 743 Ergone
674 699 760 732 illud
787 699 1031 737 adfirmamus,
1054 699 1148 744 quod
1176 698 1399 744 propheticus
1425 710 1547 743 nempe
1573 710 1686 732 sermo
1707 710 1769 731 nos
1787 698 1830 731 ad

153 756 338 790 iurandum
358 756 582 789 adhortetur?
601 757 706 801 Atqui
724 757 807 801 quid
829 758 861 789 ni
882 757 921 789 sit
942 756 1078 793 melius,
1103 767 1289 800 numquam
1309 756 1444 788 iurare?
1463 756 1617 799 Namque
1635 757 1676 788 ita
1698 762 1831 789 nosmet

153 825 274 859 gerere
293 815 364 860 ipse
384 815 479 847 iussit
497 815 657 847 Serxator
678 815 701 847 ⁶.
731 814 821 854 Quid
841 825 924 858 ergo
945 814 1026 847 liaec
1045 813 1107 846 sibi
1128 812 1231 846 verba
1252 813 1397 846 volunt?
1417 813 1483 845 Cur
1503 813 1542 845 sit
1563 812 1754 845 laudandus
1772 813 1830 856 qui
1871 830 1879 838 v
1895 827 1974 849 maim
1991 829 2016 849 v.
2030 831 2062 849 as.

154 873 242 905 iurat
268 883 329 917 per
354 872 491 917 ipsum?
518 871 630 905 Habet
656 872 861 917 prudentem
889 878 921 904 et
948 871 1176 904 necessarium
1203 882 1340 904 sensum
1368 870 1420 903 liic
1446 881 1571 902 sermo.
1601 869 1689 903 Audi
1714 870 1830 914 igitur.

154 929 311 962 [srahelis
330 929 476 974 posteri,
498 941 707 974 quamquam
727 928 840 962 divina
860 928 985 962 eruditi
1006 928 1095 973 lege,
1115 935 1214 973 atque
1235 940 1340 960 unum
1359 927 1540 971 solumque
1560 928 1668 960 Deum
1688 927 1832 961 adorare

154 987 255 1024 iussi,
276 985 323 1019 ob
349 998 518 1020 summam
544 998 641 1020 suam
668 986 891 1020 nihilominus
918 986 1123 1030 nequitiam.
1146 985 1187 1018 ad
1215 984 1384 1018 absurdos
1410 984 1584 1017 idolorum
1604 983 1714 1017 cultus
1734 984 1831 1029 lapsu

154 1050 350 1089 temporum
376 1044 531 1077 conversi
558 1050 655 1080 sunt,
677 1050 778 1088 atque
798 1054 903 1089 opera
922 1054 1086 1076 manuum
1105 1054 1244 1075 suarum
1271 1042 1520 1079 adoraverunt,
1541 1041 1661 1075 relicto
1685 1041 1746 1074 illo
1772 1042 1830 1085 qui

153 1107 272 1147 suapte
298 1107 420 1134 natura
445 1102 535 1134 Deus
560 1107 609 1134 est
627 1127 634 1138 ,
663 1112 701 1134 ac
727 1112 787 1146 per
812 1112 871 1134 eos
897 1099 1057 1133 iurabant
1082 1100 1140 1144 qui
1168 1111 1286 1145 reapse
1313 1099 1359 1131 dii
1388 1111 1458 1132 non
1484 1105 1592 1132 erant.
1622 1100 1701 1131 Erat
1729 1099 1832 1144 igitur

153 1163 236 1191 tune
256 1158 366 1192 fidelis
385 1165 417 1192 et
436 1170 618 1203 germanus
631 1184 638 1195 ,
659 1165 692 1191 et
711 1157 754 1191 ab
775 1157 989 1191 idololatriae
1009 1158 1150 1191 crimine
1171 1157 1318 1195 alienus,
1341 1157 1494 1202 quisquis
1514 1168 1574 1202 per
1595 1156 1698 1189 alium
1717 1167 1832 1201 quem-

153 1215 237 1249 libet
256 1217 364 1249 Deum
390 1227 459 1249 non
486 1215 638 1253 iurabat,
660 1215 719 1249 sed
746 1214 805 1248 ubi
832 1214 1054 1248 iureiurando
1073 1226 1160 1259 opus
1187 1221 1276 1253 erat,
1300 1226 1427 1248 nomen
1453 1215 1523 1248 veri
1551 1214 1751 1248 naturaliter
1770 1215 1830 1247 Dei

153 1272 406 1318 interponebat.
436 1273 489 1306 Ab
508 1273 570 1307 illo
589 1274 692 1318 igitur
712 1278 793 1306 tune
812 1273 948 1318 vigente
974 1284 1054 1307 usu.
1078 1272 1214 1305 fidelem
1234 1284 1313 1306 were
1332 1273 1587 1317 genuinumque
1614 1271 1830 1305 adoratorem

154 1329 308 1375 designat
334 1329 467 1364 dicens:
490 1329 689 1363 laudabitur
716 1330 828 1363 omnis
854 1330 912 1374 qui
940 1341 1001 1375 per
1027 1330 1135 1362 Deum
1162 1329 1262 1362 iarat.

795 1426 1024 1465 PSALMUS
1052 1427 1175 1464 LXIII
1183 1458 1189 1464 .

406 1510 544 1540 Exaudi,
561 1511 659 1540 Deus,
674 1513 847 1535 orationem
863 1519 963 1535 meam
979 1519 1047 1535 eum
1066 1516 1095 1535 te
1112 1514 1274 1539 deprecor,
1291 1519 1309 1534 a
1326 1512 1437 1534 timore
1455 1512 1573 1534 inimici
1868 1525 1876 1539 5
1905 1524 1915 1533 η

809 1557 895 1584 eripe
911 1558 1049 1580 animam
1065 1563 1173 1579 meam.
1870 1547 1906 1567 (ir,
1921 1551 1943 1572 p·
1959 1549 2004 1567 371-

247 1601 356 1644 Dictio
379 1624 394 1641 «
416 1610 538 1644 exaudi
565 1622 620 1645 me
639 1622 716 1644 eum
743 1611 910 1656 deprecor
933 1625 948 1642 υ
975 1612 1114 1656 ponitur
1140 1622 1205 1656 pro
1227 1625 1243 1641 «
1265 1611 1387 1644 exaudi
1414 1622 1467 1644 me
1494 1622 1564 1644 non
1589 1610 1745 1644 silentem
1771 1609 1830 1643 sed

152 1674 321 1702 orantem.
347 1682 362 1699 »
384 1670 470 1702 Nam
489 1669 523 1702 in
543 1669 740 1703 huiusmodi
761 1681 877 1702 rerum
897 1669 1065 1703 adiunctis
1091 1670 1281 1715 pernitiosa
1300 1681 1353 1702 res
1372 1675 1421 1702 est
1440 1669 1625 1702 silentium.
1646 1668 1706 1701 Vel
1726 1667 1826 1701 dicit:

152 1727 219 1759 cito
245 1726 367 1759 exaudi
394 1738 468 1764 me,
492 1733 593 1771 atque
613 1727 647 1759 in
668 1727 742 1772 ipso
760 1728 926 1760 orationis
951 1733 1140 1760 momento.
1163 1726 1274 1760 Veluti
1300 1726 1387 1760 illud
1408 1727 1438 1759 ἐ
1463 1726 1575 1760 adhuc
1594 1732 1626 1759 te
1645 1726 1827 1770 loquente,
1870 1748 1877 1753 -
1895 1745 1920 1765 μ,
1938 1745 2015 1765 ΗΜ,
2031 1748 2049 1765 9,

151 1782 282 1816 dicam:
304 1795 381 1817 ecce
407 1784 540 1817 adsum.
569 1785 698 1817 Videsis
725 1791 837 1818 autem
864 1796 967 1829 quam
993 1791 1148 1818 accurata
1174 1785 1240 1818 sint
1266 1796 1408 1830 precum
1434 1783 1556 1818 verba:
1578 1795 1647 1817 non
1674 1784 1759 1816 dixit
1785 1782 1827 1816 ab

154 1841 291 1873 inimico
317 1842 411 1886 eripe
438 1842 587 1875 animam
612 1853 741 1879 meam,
769 1841 828 1875 sed
855 1853 872 1875 a
899 1843 1021 1875 timore
1048 1843 1188 1875 inimici.
1218 1844 1294 1875 Non
1321 1843 1416 1875 timet
1442 1842 1648 1880 certamina,
1674 1853 1744 1875 non
1770 1840 1831 1874 de—

152 1905 311 1943 preeatur
338 1910 505 1943 pugnarn,
530 1910 598 1932 non
619 1899 702 1944 fugit
723 1899 982 1937 adversitatem;
1005 1899 1153 1944 postulat
1173 1900 1287 1944 potius
1305 1905 1343 1932 ut
1362 1911 1379 1932 a
1400 1900 1470 1932 Deo
1496 1898 1698 1936 roboretur,
1722 1910 1763 1931 ne
1789 1899 1831 1931 ti-

152 1956 239 1989 mori
267 1955 478 1989 succumbat.
508 1956 545 1989 Id
566 1957 656 1989 enim
677 1956 915 1990 demonstrant
940 1955 1062 1990 verba:
1086 1968 1103 1990 a
1130 1958 1253 1990 timore
1276 1957 1402 1989 inimici
1423 1957 1517 2002 eripe
1536 1957 1681 1990 animam
1702 1967 1826 1989 meam.

151 2013 403 2046 Fortitudinem
430 2014 539 2058 poscit
564 2014 693 2052 Deum,
718 2020 755 2047 ut
781 2014 1014 2047 adversarium
1041 2025 1182 2059 prorsus
1207 2020 1359 2047 sternere
1384 2020 1498 2058 queat.

357 2078 569 2101 lumnam-unt
586 2086 693 2102 areum
710 2086 775 2102 rem
792 2086 947 2106 amm-nm,
964 2081 999 2102 ut
1016 2080 1170 2108 sagittent
1185 2080 1219 2102 in
1237 2079 1365 2102 occultis
1382 2079 1626 2102 immaculatum.
1869 2090 1889 2105 v.
1905 2088 1924 2106 ¹..

248 2129 330 2161 Rem
352 2140 503 2161 amaram
522 2128 669 2174 appellat
692 2129 898 2162 calumniam
925 2136 1042 2163 contra
1070 2130 1240 2163 insontem
1260 2135 1293 2162 et
1312 2128 1586 2162 immaculatum:
1610 2140 1687 2161 nam
1707 2134 1739 2161 et
1759 2129 1830 2161 cui-

152 2184 235 2219 libet
262 2186 485 2224 calumniari,
508 2187 686 2231 indignum
714 2193 783 2224 est;
804 2187 893 2220 iusto
913 2193 1043 2224 autem,
1067 2187 1178 2220 multo
1198 2187 1352 2231 gravius:
1373 2198 1476 2231 quem
1496 2187 1531 2220 in
1550 2187 1707 2223 occulto,
1729 2186 1763 2219 id
1781 2192 1829 2220 est

151 2243 313 2279 latenter,
331 2245 508 2288 sagittant;
523 2245 601 2289 quia
622 2255 689 2276 non
707 2244 835 2277 audent
853 2243 990 2289 publice
1007 2244 1041 2277 in
1060 2243 1159 2277 illum
1177 2244 1304 2277 invehi.
1325 2245 1402 2277 Non
1420 2245 1510 2277 enim
1529 2243 1719 2277 visibilibus
1738 2255 1832 2289 proe-

152 2301 278 2335 liantur
305 2301 380 2334 telis
405 2303 462 2346 qui
492 2308 626 2335 terrena
653 2302 808 2347 sapiunt,
831 2313 942 2347 neque
969 2302 1097 2346 sagittis
1123 2301 1236 2347 ligneo
1262 2301 1394 2335 calamo
1419 2301 1549 2339 infixis,
1571 2301 1631 2335 sed
1657 2304 1753 2335 arcus
1780 2302 1830 2335 in-

151 2366 221 2393 star
247 2371 342 2392 suam
368 2359 533 2393 malitiam
561 2359 793 2398 intendentes,
817 2360 939 2393 amaris
959 2359 1035 2392 telis
1054 2365 1087 2393 et
1106 2360 1256 2404 nequitia
1283 2360 1454 2393 instructis
1479 2366 1675 2393 sanctorum
1702 2360 1831 2392 animas

151 2416 345 2450 vulnerant.

842 2483 882 2507 Et
899 2491 959 2507 non
978 2484 1144 2507 timebunt.
1868 2494 1888 2508 x.
1905 2491 1922 2508 5.

246 2532 356 2571 Quem
383 2533 546 2565 timeant?
573 2532 862 2579 Quandoquidem
888 2533 979 2566 haud
1007 2538 1183 2571 metuunt,
1213 2533 1344 2577 inquit,
1373 2538 1605 2577 protectorem
1630 2538 1828 2565 sanctorum

150 2589 279 2626 Deum:
301 2590 408 2623 immo
426 2600 505 2622 eum
524 2590 666 2624 fortasse
686 2590 790 2625 latere
809 2602 844 2624 se
863 2597 1000 2636 putant,
1023 2590 1175 2623 dicentes
1196 2590 1225 2622 ⁸:
1248 2601 1317 2623 non
1337 2588 1467 2623 videbit
1486 2589 1671 2627 Dominus,
1695 2599 1757 2622 nec
1776 2590 1828 2622 in-
1868 2605 1875 2611 ·
1896 2601 1930 2622 Ps.
1947 2601 2023 2623 xcm.
2039 2604 2057 2622 7.

151 2645 281 2692 telliget
306 2647 395 2680 Deus
422 2646 536 2681 Iacob.

667 2713 888 2736 firmaverunt
905 2714 965 2736 sibi
983 2718 1154 2735 sermonem
1170 2717 1315 2739 nequam.
1867 2718 1886 2733 v.
1902 2715 1921 2734 c.

245 2762 333 2796 Mala
359 2763 450 2795 enim
463 2789 470 2797 .
493 2769 529 2796 ut
549 2764 743 2808 saepissime
762 2764 828 2796 iam
847 2763 934 2802 dixi.
957 2770 1035 2797 sunt
1058 2763 1244 2808 impiorum
1264 2761 1403 2795 consilia
1416 2787 1423 2798 ,
1443 2762 1501 2806 qui
1520 2772 1623 2795 omne
1642 2772 1749 2806 genus
1768 2772 1826 2794 ne—

149 2822 277 2867 quitiae
303 2822 549 2866 excogitantes,
573 2827 760 2855 amatorem
786 2822 920 2855 virtutis
946 2823 1054 2855 Deum
1081 2819 1274 2854 offendunt.

1680 2887 1711 2910 so
