2205 3177
801 157 834 179 m
860 156 1012 179 PSALMUM
1039 158 1144 180 van.
1745 147 1813 181 253

133 222 287 267 loquitur
311 221 412 254 isaias
432 221 442 229 '
455 246 462 258 ,
485 221 530 253 ita
550 226 586 253 ut
606 231 665 265 pes
683 231 822 265 quoque
841 220 913 253 eius
932 221 1096 265 sanguine
1115 221 1355 267 intingeretur.
1384 222 1555 255 Historico
1575 227 1688 254 autem
1707 222 1815 266 magis
1856 235 1863 242 ·
1879 233 1907 253 is.
1923 233 2000 254 inn.
2016 236 2034 253 3.

133 289 231 313 more
250 278 325 312 heic
344 289 459 311 sermo
487 277 543 315 fit,
567 283 599 310 et
619 275 702 310 belli
721 276 886 322 ducisque
913 277 1045 310 instruit
1068 277 1226 322 figuram.
1256 279 1341 312 Nam
1361 279 1419 323 qui
1439 279 1472 312 in
1492 277 1586 312 bello
1606 278 1815 324 proeliisque

134 337 282 370 victores
308 334 415 373 fiunt,
438 335 632 368 cadentium
659 333 840 367 cruoribus
859 333 983 378 pedem
1002 335 1179 379 inquinant
1202 335 1286 368 dum
1306 343 1462 369 mortuos
1481 335 1696 369 conculcant.
1724 337 1816 380 Ergo

135 404 227 427 nunc
253 393 382 438 pariter
407 392 491 425 dum
518 392 673 425 omnium
698 392 809 424 Deum
835 397 1067 435 repraesentat
1093 403 1153 425 ceu
1182 392 1307 425 fortem
1326 393 1473 437 aliquem
1500 393 1613 426 hostes
1639 392 1817 426 debellan-

137 457 224 488 tem,
249 455 280 483 et
308 450 481 483 immerito
507 460 690 494 oppressos
716 447 939 485 liberantem,
964 449 1126 493 graphice
1146 450 1251 494 pingit
1273 450 1477 494 sanguinum
1505 451 1613 485 rivos.
1635 457 1667 483 et
1691 450 1817 483 calcata

136 508 301 542 cadavera
329 508 400 541 siue
418 507 552 540 honore
576 506 721 551 sepulcri
750 507 920 551 proiecta,
944 512 975 539 et
1003 517 1126 539 canum
1153 507 1330 540 voracitati
1357 508 1521 552 exposita.
1550 508 1607 541 Ait
1626 508 1758 552 itaque:
1781 514 1818 541 tu

137 565 369 612 periclitantes
388 564 516 602 salvas,
541 564 655 596 hostes
674 563 857 608 profligas,
879 564 923 597 ita
944 569 979 596 ut
1001 575 1060 608 pes
1080 569 1157 596 tuus
1182 565 1345 609 sanguine
1372 566 1538 609 tingatur,
1564 566 1712 609 tingatur
1737 566 1817 598 item

137 634 260 656 canum
279 628 420 655 tuorum
438 621 553 665 lingua
573 620 736 665 sanguine
758 620 885 654 hostili.
914 621 1023 653 Sumit
1042 632 1160 654 rursus
1179 632 1196 654 a
1215 632 1252 654 re
1272 621 1407 654 notoria
1427 622 1641 666 exemplum:
1662 633 1741 655 nam
1761 633 1818 667 pe-

136 691 258 714 corum
278 690 398 725 greges
417 678 624 712 comitantur
642 688 778 723 semper
804 689 922 715 canes.
945 678 1003 722 qui
1032 677 1212 711 latratibus
1238 677 1480 723 morsibusque
1504 679 1591 712 feras
1611 678 1814 712 absterrent.

137 737 271 771 Adsunt
298 738 425 782 pariter
450 734 660 781 spiritalibus
686 736 873 768 Servatoris
899 735 1061 780 gregibus
1086 736 1170 769 sacri
1198 747 1235 769 ac
1259 737 1496 781 sapientissimi
1524 748 1639 773 canes,
1660 737 1717 781 qui
1744 736 1818 770 elo-

136 796 275 840 quentia
295 806 353 827 sua
366 820 373 831 ‚
394 794 490 838 quasi
509 792 718 837 quibusdam
737 792 915 826 latratibus
935 800 1111 826 extraneas
1130 792 1249 826 beluas
1269 800 1383 827 arcent
1405 794 1464 837 il}-
1495 794 1599 827 Canes
1617 795 1730 838 itaque
1748 795 1818 828 Do-
1857 809 1894 827 m.
1911 813 1932 833 ρ.
1947 810 1992 828 sse.

137 853 220 885 mini
241 849 321 885 dicit
342 849 580 884 intellectualis
598 849 698 883 ovilis
717 850 893 887 custodes,
915 856 1050 883 sanctos
1070 850 1244 895 apostolos
1262 857 1291 883 et
1314 851 1511 895 episcopos.
1533 861 1681 895 quorum
1704 851 1819 895 lingua

137 909 392 956 propemodum
419 908 623 954 spiritalium
650 908 868 941 inimicorum
895 908 1095 953 sanguinem
1122 915 1245 952 gustat.
1276 909 1329 941 Ait
1356 909 1459 952 igitur
1486 908 1560 942 fore
1586 914 1622 941 ut
1648 908 1819 952 quodam—

137 967 244 1001 modo
269 972 454 1000 enecentur
474 965 553 999 mali
573 965 778 1003 daemones,
800 966 1037 1010 apostolorum
1057 977 1140 999 voce
1165 965 1208 998 ab
1227 967 1322 1010 ipso,
1343 966 1378 999 id
1406 973 1453 999 est
1474 967 1564 1001 Deo.
1589 966 1715 998 adiuta.
1744 966 1819 999 Hoc

136 1025 218 1058 item
244 1030 294 1058 est
320 1023 613 1069 metaphoricum:
635 1034 783 1067 namque
802 1022 958 1056 hostibus
977 1022 1181 1056 interfectis.
1206 1022 1432 1056 occidentium
1460 1034 1599 1068 quoque
1618 1034 1715 1056 canes
1741 1034 1820 1056 sana

136 1083 275 1128 guinem
295 1082 446 1115 hostium
465 1079 639 1117 lambunt.
661 1086 691 1113 et
719 1092 863 1126 corpora
885 1080 1096 1125 discerpunt.
1119 1080 1282 1125 Alioquin
1303 1092 1403 1114 vero.
1426 1093 1485 1126 pes
1503 1081 1625 1114 Christi
1645 1087 1694 1114 est
1713 1080 1818 1114 homo

137 1139 180 1173 de
205 1140 309 1173 Maria
336 1145 453 1177 natus,
474 1139 533 1183 qui
560 1139 593 1171 in
621 1139 777 1183 passione
796 1149 854 1174 sua
875 1139 999 1171 tinctus
1018 1144 1066 1170 est
1087 1139 1261 1183 sanguine.
1291 1138 1419 1171 Canum
1447 1149 1548 1176 vero,
1570 1138 1603 1171 id
1630 1144 1679 1171 est
1705 1139 1818 1183 impu-

138 1208 258 1231 rorum
284 1196 520 1233 ethnicorum,
545 1195 661 1240 lingua
687 1194 944 1229 immaculatum
971 1196 1171 1240 sanguinem
1198 1197 1342 1240 gustavit
1370 1198 1436 1237 ¹12),
1461 1202 1644 1241 postquam
1670 1193 1773 1228 iidem
1799 1207 1817 1229 a

137 1253 279 1288 diaholo
305 1260 531 1287 recesserunt.

492 1319 532 1341 ln
549 1318 686 1342 ecelesiis
702 1319 875 1341 benedicite
893 1319 957 1341 Deo
974 1319 1099 1342 domino
1116 1319 1154 1341 de
1172 1319 1312 1341 fontibus
1329 1319 1463 1342 Israhel.
1858 1331 1876 1345 t,
1893 1329 1924 1346 27.

236 1370 359 1403 Fontes
379 1369 536 1402 Israhelis
552 1369 714 1403 videntur
732 1368 820 1402 beati
840 1369 1047 1415 prophetae,
1066 1375 1096 1402 et
1117 1375 1194 1402 ante
1212 1369 1275 1402 hos
1293 1369 1359 1403 lex.
1381 1371 1436 1402 Ait
1453 1381 1553 1414 ergo,
1569 1369 1662 1403 haud
1680 1370 1818 1405 aliunde

137 1433 298 1473 oportere
318 1437 381 1460 nos
399 1427 526 1465 Deum.
546 1438 649 1471 quam
670 1438 711 1460 ex
730 1427 856 1460 horum
875 1427 1072 1471 magisterio
1099 1426 1311 1463 haurientes.
1332 1427 1486 1460 laudare.
1516 1427 1554 1460 ld
1572 1439 1655 1460 vero
1681 1435 1815 1466 monet,

138 1490 281 1530 propter
296 1484 429 1517 diversa
442 1482 694 1517 haereticorum
709 1484 845 1529 scripta.
860 1485 1016 1528 Namque
1031 1495 1070 1517 ex
1086 1483 1253 1529 legalibus
1269 1484 1545 1529 propheticisque
1559 1485 1736 1530 scripturis
1750 1485 1819 1520 lau-

136 1541 238 1575 datur
252 1542 419 1574 Dominus
437 1539 480 1574 ab
497 1541 536 1574 iis
553 1541 614 1586 qui
631 1540 746 1574 valent
764 1553 804 1575 ex
822 1542 904 1586 ipsis
921 1541 1038 1574 salutis
1056 1541 1209 1575 fontibus
1228 1553 1306 1575 cum
1321 1542 1446 1587 gaudio
1464 1553 1587 1587 aquam
1604 1542 1741 1576 haurire
1753 1543 1814 1588 (3).

631 1607 684 1630 lbi
700 1607 868 1631 Beniamin
886 1608 993 1630 iunior
1009 1609 1042 1630 in
1060 1609 1175 1630 mentis
1190 1614 1322 1631 excessu.
1857 1619 1876 1632 1.
1893 1616 1924 1633 25.

232 1657 378 1693 Ubinam
397 1658 503 1692 vero‘?
528 1659 562 1691 in
583 1658 753 1695 ecclesiis,
775 1658 828 1691 vel
849 1659 883 1692 in
903 1659 1024 1692 mediis
1044 1658 1283 1704 psallentibus.
1313 1660 1394 1700 Quis
1413 1671 1519 1705 porro
1537 1660 1730 1698 Beniamin,
1753 1660 1817 1693 nisi

138 1716 256 1750 beatus
282 1716 406 1749 Paulus
430 1716 489 1760 qui
516 1715 578 1749 fuit
604 1715 647 1749 de
667 1716 853 1749 Beniamini
881 1715 997 1750 tribu‘?
1024 1717 1142 1750 Iunior
1159 1716 1318 1762 quidem,
1341 1718 1420 1762 quia
1440 1718 1503 1763 ipsi
1531 1724 1706 1763 postremo
1733 1728 1817 1762 apo-

137 1774 306 1808 stolorum
333 1774 497 1807 Dominus
523 1775 694 1818 apparuit.
726 1774 761 1806 ln
788 1775 911 1807 mentis
938 1781 1052 1808 autem
1078 1786 1236 1809 excessu.
1259 1774 1306 1808 ob
1332 1787 1431 1808 suum
1458 1776 1492 1807 in
1519 1776 1658 1808 tertium
1684 1774 1817 1807 caelum

137 1837 292 1876 raptum,
313 1837 345 1864 et
372 1837 514 1876 propter
540 1830 789 1864 revelationum
816 1830 1081 1865 sublimitatem:
1105 1838 1207 1877 prout
1234 1832 1373 1877 ipsemet
1404 1833 1447 1865 ait
1468 1833 1499 1865 't
1524 1833 1594 1865 sive
1620 1838 1734 1865 mente
1759 1844 1818 1865 ex·
1857 1841 2048 1862 *11.cor.v.1³.

138 1889 292 1922 cedimus
309 1889 398 1925 Deo,
420 1888 490 1921 sive
510 1886 615 1921 sobrii
643 1899 761 1920 sumus
780 1887 891 1921 vobis.
920 1889 1003 1921 Tum
1024 1889 1172 1933 denique.
1191 1890 1271 1934 quia
1290 1889 1496 1922 diviniorem
1518 1889 1582 1934 ipsi
1609 1890 1750 1933 contigit
1768 1888 1819 1922 fa-

138 1957 215 1979 cere
241 1946 513 1979 conversionem.
543 1944 640 1978 Unde
665 1951 699 1978 et
725 1945 811 1978 illud
837 1957 958 1979 verum
984 1947 1109 1979 evasit:
1134 1958 1233 1979 mane
1261 1947 1437 1983 comedet,
1462 1953 1493 1980 et
1520 1958 1661 1992 vespere
1687 1946 1817 1979 dividet

137 2014 248 2037 escam
269 2003 292 2035 ⁶.
320 2004 405 2036 Nam
431 2003 489 2047 qui
517 2001 788 2048 persequebatur
812 2002 1006 2038 ecclesiam.
1028 2002 1123 2037 brevi
1152 2010 1228 2049 post
1255 2003 1335 2037 fidei
1362 2004 1568 2049 exangelista
1596 2004 1670 2037 fuit.
1855 2000 1938 2047 ἐξω]-
1954 1999 2031 2021 XUX·

717 2067 883 2095 Principes
899 2068 997 2091 lunae
1013 2069 1104 2091 duces
1121 2076 1238 2091 eorum.
1855 2076 1876 2091 s.
1892 2074 1925 2092 23.

234 2118 457 2163 Reliquorum
483 2118 584 2151 etiam
612 2118 763 2151 meminit
792 2118 1033 2163 magistrorum
1060 2119 1221 2152 eeclesiae
1248 2124 1279 2152 et
1307 2119 1565 2164 apostolorum,
1587 2120 1645 2164 qui
1666 2130 1705 2152 ex
1725 2119 1819 2152 omni

139 2188 247 2222 prope
266 2176 423 2209 Israhelis
443 2174 535 2208 tribu
554 2175 677 2208 delecti
703 2175 841 2208 fuerunt
860 2181 898 2208 ut
916 2176 1134 2209 oecumenica
1162 2182 1271 2209 essent
1291 2176 1471 2210 luminaria
1484 2203 1491 2211 .
1513 2177 1627 2221 aitque.
1647 2177 1817 2221 principes

137 2233 310 2279 ducesque
330 2233 547 2278 psallentium
567 2238 717 2267 creatos:
738 2244 778 2265 ex
800 2232 901 2266 Iudae
921 2232 1030 2267 tribu.
1051 2233 1156 2266 veluti
1178 2234 1298 2267 fratres
1318 2234 1453 2267 Domini
1476 2246 1513 2267 ac
1533 2235 1630 2267 Levis
1649 2234 1718 2266 sive
1738 2234 1816 2266 Mat-

139 2291 276 2328 thaeus;
300 2302 339 2323 ex
367 2288 458 2322 tribu
485 2288 669 2323 Zabulonis
687 2296 717 2323 et
738 2289 991 2335 Nephthalimi,
1014 2296 1049 2323 ut
1070 2291 1188 2324 Petrus
1214 2297 1314 2336 atque
1340 2291 1514 2326 Andreas,
1535 2298 1567 2324 et
1593 2290 1759 2324 Zebedaei
1778 2290 1816 2323 li-
1855 2304 1892 2323 m.
1908 2308 1929 2329 p.
1946 2305 1991 2323 τιατ.

138 2347 212 2382 beri
225 2374 232 2382 .
254 2360 290 2381 ac
310 2348 486 2392 Philippus
499 2373 506 2383 ,
529 2358 616 2392 pago
635 2347 812 2380 Bethsaide
833 2348 992 2386 oriundi;
1015 2347 1157 2381 lacobus
1176 2348 1319 2394 Alphaei
1338 2349 1381 2382 de
1401 2349 1681 2394 Capharnaumo:
1701 2349 1817 2382 Simon

138 2405 288 2439 Zelotes.
310 2405 368 2449 qui
396 2415 584 2437 cananaeus
609 2405 777 2438 vocitatus
795 2411 857 2438 est.
887 2406 979 2439 Haec
1004 2406 1119 2439 omnia
1139 2412 1217 2439 sunt
1236 2406 1403 2439 Galilaeae
1421 2406 1604 2451 oppidula:
1627 2406 1684 2439 ubi
1704 2405 1816 2439 Zabu-

138 2463 197 2496 lon
216 2469 249 2495 et
267 2462 529 2507 Nephthalimus
547 2468 675 2495 sortem
695 2474 791 2495 suam
812 2463 899 2496 nacti
920 2463 1066 2496 fuerant.
1095 2464 1154 2497 Rei
1175 2463 1275 2497 huius
1294 2469 1394 2497 testes
1413 2463 1501 2498 duo.
1523 2463 1608 2497 alter
1628 2464 1814 2509 propheta,

139 2519 225 2553 alter
249 2532 283 2553 ex
294 2520 476 2564 angelista:
498 2519 556 2552 ille
582 2519 798 2564 praedicens,
818 2521 873 2554 hic
900 2527 1037 2554 testans.
1067 2520 1298 2561 Quamobrem
1318 2533 1357 2554 ex
1378 2521 1475 2554 dictis
1502 2520 1660 2554 tribubus
1680 2521 1713 2554 hi
1734 2532 1818 2566 apo-

139 2576 216 2610 stoli
243 2582 499 2621 processerunt,
520 2576 578 2621 qui
607 2576 775 2622 priucipes
800 2577 972 2622 ducesque
997 2578 1216 2611 ecclesiarum
1243 2584 1321 2611 sunt
1347 2578 1533 2611 constituti.

238 2688 273 2716 (t)
292 2684 422 2711 socordes
441 2689 536 2711 contra
556 2689 582 2711 et
601 2686 684 2719 inepti
705 2686 824 2721 episcopi
843 2686 878 2713 ab
893 2687 961 2713 lsaia
975 2687 1046 2712 Lvt.
1067 2689 1105 2712 10.
1122 2685 1266 2712 dicuntur:
1282 2686 1487 2721 speculatores,
1503 2694 1586 2713 canes
1606 2688 1677 2713 muti
1695 2695 1749 2713 mm
1771 2694 1818 2713 va-

139 2730 225 2756 lentes
245 2730 365 2755 latrare.
388 2730 507 2756 Funesto
525 2733 593 2756 tunc.
613 2729 757 2756 abutentes
776 2731 886 2758 silentio
906 2731 963 2766 lupi
983 2739 1091 2765 gregem
1111 2730 1212 2757 Christi
1233 2730 1401 2765 discerpunt.

238 2777 273 2805 (2)
292 2773 428 2800 Nimirum
450 2773 477 2800 111
497 2778 669 2801 sacrosancta
689 2774 868 2808 eucharistia,
888 2783 957 2810 quae
975 2774 1057 2801 simul
1078 2782 1140 2801 cum
1161 2774 1296 2808 baptismo
1316 2774 1460 2810 neophytis
1480 2774 1605 2801 dabatur.

238 2820 272 2849 (3)
294 2819 324 2844 ln
343 2818 394 2845 hoc
413 2818 570 2852 praesertim
590 2822 616 2845 et
635 2826 690 2852 seq.
712 2818 844 2845 versiculo
864 2823 1020 2853 congruunt
1039 2818 1094 2845 fere
1113 2826 1177 2845 cuin
1196 2818 1297 2854 Cyrillo
1316 2826 1386 2853 quae
1406 2819 1549 2846 Athanasii
1567 2827 1625 2846 esse
1645 2818 1786 2846 dicuntur.
