2205 3177
136 428 185 444 ’μ
213 426 251 445 lli
285 430 312 445 ι’,

174 1457 209 1473 Ιι”.
224 1460 246 1479 μ
267 1457 307 1474 ,ΙΨ

131 1506 307 1527 ·f.x1»‹t,.xit!.

118 1978 123 1983 '
142 1975 222 1995 Manli.
239 1975 274 1995 [V.

118 2372 178 2390 ’μὴ
205 2372 253 2392 ΗΠ
279 2376 308 2391 zi.

355 170 418 202 *liii
859 176 886 197 S.
916 174 1041 197 Cx'nth
1069 173 1289 196 Ati-:xaxlian
1316 172 1523 195 Exrtaxxrlo

353 245 506 276 «annium
533 246 721 274 creatorem
741 245 770 271 ct
793 237 957 271 artificem
970 263 977 273 .
1002 237 1167 270 facturam
1187 249 1259 270 csse
1279 238 1371 270 aiunt
1385 263 1393 273 ,
1415 242 1517 281 atque
1536 247 1576 270 ex
1596 247 1665 269 non
1684 237 1878 271 extantibus
1897 237 1939 271 ad
1960 239 2036 272 exi-

353 301 508 333 <tentiam
538 296 752 342 perductum.
783 295 847 328 Alii
867 295 911 327 (le
930 300 1047 327 sancto
1068 295 1194 339 Spiritu
1215 294 1297 327 falsa
1325 294 1481 331 tradunt,
1502 294 1615 338 ipsum
1633 304 1772 338 quoque
1791 306 1863 328 rem
1883 302 2032 330 creatam

353 357 502 389 dicentes
523 356 589 393 tlt:
612 354 725 397 ignem
753 353 795 385 ita
822 358 923 396 atquc
949 351 1135 384 xindictam
1161 353 1194 384 in
1222 352 1331 397 capita
1358 363 1416 384 sua
1443 351 1663 384 attrahentes.
1692 351 1783 390 Quid
1801 363 1884 397 ergo
1910 353 1953 385 de
1978 354 2032 387 his

354 413 523 458 psalmista
546 411 582 442 '2³
609 408 814 451 submerge,
839 409 1002 446 Domine,
1027 414 1057 441 ct
1086 408 1202 441 divido
1228 408 1361 453 linguas
1384 408 1544 443 illorum.
1568 408 1647 452 quia
1674 407 1753 440 facti
1780 415 1857 441 sunt
1882 410 2034 443 veritatis

352 474 578 502 accusatores.
600 473 630 499 et
660 465 824 499 mendacii
846 466 994 510 patroni.
1024 466 1080 499 Est
1103 466 1215 510 itaque
1236 464 1456 498 turbulentus
1475 475 1588 497 sermo
1607 475 1748 501 eorum,
1769 465 1826 509 qui
1848 476 1864 498 a
1890 467 2034 500 veritate

352 537 420 559 non
449 524 599 557 fulcitur.

691 588 757 610 Non
777 588 901 610 timebis
918 595 935 609 n
954 589 1066 610 timore
1083 589 1250 614 noenu-no,
1265 594 1283 610 n
1302 587 1421 615 sagitta
1439 586 1564 609 volante
1580 587 1613 609 in
1631 587 1693 609 ulie.

446 638 533 679 Quid
563 638 666 670 hocce
692 637 766 670 cst?
793 638 868 670 Duo
887 648 1011 681 genera
1039 637 1129 669 noxii
1147 636 1345 669 moliminis
1371 647 1444 669 esse
1470 637 1608 669 scimus.
1637 637 1724 669 Nam
1741 635 1795 668 vel
1816 635 1904 669 clam
1923 642 1957 669 et
1975 647 2036 670 oc-

350 696 456 730 culte.
479 708 515 729 ac
534 695 640 729 veluti
662 701 760 727 nocte
781 701 811 727 et
833 693 983 727 tenebris
1004 694 1146 726 latentes
1166 692 1323 726 nonnulli
1343 692 1470 738 quibus
1489 692 1612 726 xolunt
1631 693 1773 737 laqueos
1793 692 1954 732 tendunt,
1977 693 2035 727 do-

350 754 469 799 losque
489 759 643 786 struunt:
662 752 713 785 vel
737 752 846 796 palam
868 758 899 784 et
920 758 1094 795 tamquam
1114 752 1147 783 in
1168 750 1223 783 die
1243 749 1449 796 publiceque
1467 749 1502 783 id
1522 757 1639 795 agunt.
1660 750 1719 784 Vel
1741 750 1874 784 timoris
1892 750 2034 795 quidem

350 812 506 843 nocturni
528 810 698 843 vocabulo
719 815 886 842 secretum
907 808 1098 853 periculum
1119 807 1292 852 designat,
1314 807 1547 852 latentemque
1566 808 1601 840 in
1620 813 1720 840 nocte
1740 813 1773 840 ct
1793 806 1941 841 tene-bris
1960 819 2034 841 ma-

350 869 481 902 litiam:
511 869 666 913 sagittam
695 878 777 899 xero
802 867 836 899 in
865 866 920 899 die
946 865 1121 898 volantem
1147 864 1227 898 dicit
1256 865 1476 910 conspicuam
1502 871 1536 898 et
1562 863 1737 909 publicam
1764 864 2031 909 adgressionem.

916 931 944 953 ,ἱ
962 938 1033 953 casu
1052 932 1080 953 et
1099 930 1261 953 daemonio
1278 930 1465 953 meridiano.

445 983 669 1015 Meridianuni
697 981 918 1014 daemonium
946 980 1096 1026 appellat
1122 980 1267 1014 acidiam
1294 992 1353 1014 seu
1379 980 1641 1025 negligentiam.
1663 991 1751 1025 quae
1777 979 1953 1014 nonnullis
1972 979 2036 1014 ali-

348 1039 488 1084 quando
514 1039 662 1084 obrepit.
693 1040 733 1072 Et
761 1038 865 1083 paulo
891 1043 980 1083 post.
1010 1038 1132 1071 Casum
1159 1037 1318 1071 nonnulli
1338 1038 1518 1083 patiuntur
1537 1048 1615 1070 cum
1634 1048 1731 1070 mens
1753 1037 1908 1082 ipsorum
1932 1036 2035 1071 volu-

349 1097 430 1141 ptati
458 1095 665 1133 succumbit,
690 1108 766 1129 cum
793 1107 853 1128 cor
881 1094 1021 1128 labascit
1048 1101 1149 1140 atque
1177 1093 1219 1128 ad
1246 1094 1356 1127 carnis
1382 1093 1629 1127 delectationes
1654 1093 1871 1131 devolvitur,
1893 1105 1971 1127 cum
1990 1093 2033 1127 ad

349 1153 523 1197 religionis
548 1164 653 1198 opera
682 1159 814 1197 torpet,
837 1158 867 1185 et
895 1152 1031 1184 virtutis
1051 1151 1203 1184 studium
1223 1151 1378 1196 negligit.
1409 1150 1474 1183 Sed
1502 1157 1581 1184 tunc
1600 1151 1702 1184 etiam
1720 1150 1827 1184 salvat
1844 1151 1959 1189 Deus;
1978 1163 2037 1186 re-

350 1210 451 1242 trahit
479 1211 569 1243 enim
597 1221 614 1243 a
641 1222 718 1243 casu
747 1216 847 1254 atque
875 1208 1001 1245 acidia,
1024 1208 1057 1241 id
1085 1214 1135 1241 est
1161 1208 1353 1242 meridiano
1379 1207 1575 1241 daemonio.

959 1273 1080 1296 Cadent
1097 1281 1115 1296 a
1132 1274 1234 1296 latere
1251 1275 1305 1296 tuo
1320 1274 1421 1296 milia.

445 1325 544 1357 Latus
571 1324 635 1357 boc
665 1325 740 1357 loco
766 1324 846 1357 dicit
874 1329 1006 1369 partem
1033 1323 1202 1356 sinistram
1224 1334 1283 1356 seu
1303 1321 1496 1368 obliquam.
1525 1323 1664 1356 Etiamsi
1691 1323 1804 1368 itaque
1825 1322 1925 1356 multi
1944 1323 2031 1362 sint,

348 1382 476 1425 inquit.
500 1393 712 1426 numeroque
739 1381 841 1426 longe
868 1381 985 1426 plures
1010 1381 1031 1413 ii
1057 1380 1116 1425 qui
1144 1380 1321 1425 religiosos
1347 1391 1427 1425 erga
1454 1381 1563 1414 Deum
1590 1380 1780 1418 invadunt,
1809 1380 2034 1415 nibilominus

348 1451 465 1473 cernes
483 1451 542 1473 eos
563 1439 640 1473 binc
661 1446 691 1473 et
714 1440 792 1473 inde
813 1439 989 1477 cadentes,
1012 1444 1115 1472 temet
1135 1450 1218 1472 vero
1237 1438 1440 1472 mirabiliter
1459 1449 1477 1472 a
1496 1444 1611 1471 tutore
1630 1443 1690 1471 tuo
1709 1449 1747 1471 ac
1765 1437 1947 1472 defensore
1965 1450 2034 1472 ser—

349 1504 476 1530 x‘atum.
507 1498 661 1542 Namque
681 1503 715 1529 ut
738 1498 831 1530 aiunt
858 1508 972 1530 sacrae
998 1496 1132 1529 litterae
1153 1496 1183 1533 ',
1207 1507 1311 1529 manu
1333 1495 1468 1529 occulta
1487 1494 1629 1529 dimicat
1647 1496 1737 1528 Deus
1756 1501 1875 1529 contra
1894 1495 2035 1530 Amalec

348 1555 439 1588 omni
468 1561 636 1600 tempore.
666 1556 784 1599 Neque
810 1555 935 1587 desinit
963 1553 1175 1587 amatoribus
1201 1554 1270 1586 suis
1296 1553 1386 1587 ferre
1413 1553 1570 1586 salutem.

593 1621 750 1647 Quoniam
768 1623 802 1643 tu
820 1620 953 1643 nomine
969 1627 1036 1647 spes
1053 1626 1130 1642 mea.
1147 1620 1345 1642 Altissimum
1362 1619 1494 1646 posuisti
1512 1619 1672 1648 refugium
1689 1620 1788 1641 tuum.

446 1670 800 1704 Animadvertendum
827 1677 895 1707 est,
924 1670 1118 1715 praedictos
1144 1669 1332 1703 versiculos
1359 1668 1457 1702 aliter
1483 1680 1500 1701 a
1527 1667 1733 1713 quibusdam
1759 1667 1925 1713 intelligi,
1954 1678 2034 1713 per-

347 1740 443 1761 x'erse
463 1729 624 1761 nimirum
644 1734 677 1761 et
696 1728 832 1761 vitiose:
855 1728 981 1761 etenim
1002 1727 1081 1761 illos
1100 1727 1143 1760 ad
1163 1727 1268 1772 ipsius
1294 1737 1477 1772 personam
1498 1725 1621 1758 Christi
1640 1725 1810 1763 referunt,
1833 1724 2035 1770 copulantes

348 1796 419 1818 uno
438 1797 537 1818 sensu
557 1797 595 1818 ac
614 1785 781 1818 dicentes:
803 1786 883 1829 quia
903 1791 939 1818 tu
959 1785 1104 1817 Domine
1123 1795 1200 1829 spes
1219 1795 1310 1821 mea,
1331 1783 1547 1816 Altissimum
1568 1783 1708 1828 posuisti
1728 1782 1900 1827 resugium
1920 1788 2030 1816 tuum.

348 1843 387 1875 Et
407 1842 510 1887 paulo
532 1849 619 1887 post.
643 1843 747 1875 Aiunt
766 1841 938 1875 Christum
958 1841 1127 1886 refugium
1147 1852 1246 1874 suum
1267 1840 1394 1874 habere
1414 1841 1523 1873 Deum
1544 1839 1765 1877 altissimum,
1786 1839 1944 1873 videlicet
1965 1850 2035 1873 cae-

350 1900 469 1933 lestem
490 1906 620 1945 patrem
644 1900 702 1943 42).
733 1900 843 1932 Huius
862 1898 1107 1944 intelligentiae
1127 1904 1246 1932 auctor
1265 1898 1332 1931 illis
1351 1899 1490 1931 Satanas
1510 1896 1571 1930 fuit
1585 1923 1592 1935 ,
1616 1897 1675 1941 qui
1697 1896 1799 1929 talem
1819 1908 1938 1942 reapse
1956 1908 2036 1930 ver-

349 1957 462 1990 siculis
488 1967 626 1990 sensum
653 1955 826 1991 attribuit,
852 1956 886 1988 id
912 1955 1006 1999 quod
1034 1967 1074 1988 ex
1100 1955 1295 2000 evangelica
1321 1955 1490 2000 scriptura
1517 1965 1765 1998 cognoscemus
1790 1954 1813 1986 '.
1842 1955 1929 1987 Nam
1954 1965 2034 1987 cum

347 2014 517 2047 Christum
546 2014 703 2049 tcutaxit.
726 2013 901 2046 transtulit
927 2024 1030 2057 super
1056 2012 1174 2058 templi
1203 2012 1445 2058 pinnaculum,
1469 2012 1600 2056 aitque:
1623 2011 1650 2044 si
1670 2010 1762 2044 filius
1780 2011 1839 2044 Dei
1859 2021 1913 2049 cS,
1938 2011 2035 2045 mitte

348 2077 379 2103 te
406 2071 484 2103 binc
503 2070 678 2103 deorsum.
708 2071 878 2114 Scriptum
898 2076 947 2103 est
967 2070 1075 2102 enim:
1099 2069 1228 2115 angelis
1251 2070 1320 2102 suis
1347 2068 1524 2102 mandavit
1544 2068 1587 2101 de
1609 2074 1657 2104 te,
1679 2073 1715 2100 ut
1736 2074 1768 2100 te
1787 2067 1980 2101 custodiant
1998 2068 2033 2101 in

346 2127 507 2161 omnibus
533 2128 595 2160 tiis
623 2129 700 2160 tuis.
730 2127 964 2160 Calumniator
989 2128 1079 2160 enim
1107 2133 1138 2160 ct
1166 2127 1328 2160 seductor
1353 2137 1460 2170 quum
1487 2126 1528 2159 sit
1555 2126 1692 2158 Satanas
1709 2151 1716 2163 ,
1744 2136 1833 2170 quae
1858 2124 1902 2158 de
1931 2124 2033 2158 nobis

347 2192 441 2218 erant
469 2185 575 2221 dicta,
597 2186 659 2229 ipsi
682 2185 953 2217 accommodavit
974 2184 1097 2232 Christi
1117 2185 1272 2217 omnium
1293 2190 1450 2217 nostrum
1470 2183 1658 2216 Servatoris
1686 2193 1864 2228 personae.
1886 2183 2032 2216 Verum—

348 2247 458 2275 tamen
486 2254 548 2275 nos
575 2241 667 2275 baud
686 2241 785 2274 illum
805 2253 942 2274 sensum
962 2242 1019 2286 qui
1041 2242 1182 2274 Satanae
1203 2241 1314 2286 placet
1338 2247 1520 2274 sectemur.
1550 2239 1651 2280 Quod
1671 2240 1696 2272 si
1717 2240 1761 2272 ita
1790 2239 2035 2272 intellexerunt

348 2300 484 2337 Ariani,
508 2300 552 2333 nil
581 2300 706 2332 mirum
734 2305 800 2335 est:
825 2299 956 2343 parenti
984 2299 1075 2331 enim
1097 2304 1156 2331 tuo
1176 2298 1428 2342 obsequuntur.
1457 2299 1565 2330 Porro
1585 2297 1731 2330 mendax
1751 2302 1803 2330 est
1821 2297 1979 2334 Satanas,
2000 2301 2035 2329 et

350 2357 471 2389 xeritas
492 2358 525 2390 in
545 2368 586 2389 eo
605 2368 674 2389 non
694 2356 835 2393 mansit,
861 2361 964 2400 prout.
984 2356 1173 2388 Servatoris
1193 2356 1234 2388 ait
1255 2355 1435 2388 oraculum
1455 2355 1480 2388 ⁶.
1503 2356 1542 2387 Et
1562 2355 1677 2400 paucis
1697 2354 1919 2399 interpositis.
1946 2355 2033 2387 Nam

348 2414 373 2446 si
394 2414 447 2449 id,
468 2421 570 2459 prout
596 2414 658 2459 ipsi
686 2419 824 2459 putant,
846 2424 966 2446 verum
986 2413 1045 2450 sit,
1068 2424 1131 2445 nos
1151 2419 1262 2445 autem
1283 2424 1378 2457 spem
1403 2418 1555 2445 nostram
1583 2412 1724 2445 fecimus
1744 2412 1874 2456 ipsum,
1896 2411 1955 2456 qui
1974 2422 2034 2456 pa—

349 2472 429 2503 riter
449 2472 619 2515 refugium
645 2482 743 2503 suum
771 2470 873 2503 habet
902 2476 1053 2515 patrem:
1076 2470 1229 2514 sequitur
1256 2476 1292 2502 ut
1318 2469 1361 2502 ad
1381 2471 1457 2514 opis
1476 2470 1687 2514 indigentem
1706 2469 1980 2514 confugerimus,
2000 2474 2035 2502 et

347 2534 554 2561 servatorem
582 2540 660 2561 cum
688 2529 905 2562 nominemus
924 2529 982 2573 qui
1004 2527 1047 2560 ab
1067 2527 1135 2560 alio
1155 2533 1323 2560 servatur.
1348 2528 1475 2560 Verum
1495 2528 1674 2561 enimvero
1695 2538 1763 2560 non
1788 2528 1832 2560 ita
1859 2537 1913 2560 res
1933 2525 2035 2572 plane

444 2609 479 2635 sl„
499 2607 662 2639 Pei-potuum
682 2605 784 2641 (Kyrillo
803 2606 907 2632 bellum
928 2605 981 2632 suit
999 2609 1093 2632 contra
1116 2605 1231 2631 Arianos
1251 2608 1276 2631 et
1296 2605 1573 2632 Pneumatomacbos.

445 2653 469 2676 (2
500 2651 612 2685 Impiam
634 2651 703 2677 hanc
724 2659 816 2685 reapse
835 2650 950 2677 davidici
970 2650 1096 2677 versiculi
1123 2649 1375 2684 interpretationem
1400 2650 1495 2676 scribit
1516 2649 1651 2676 Eusebius
1675 2648 1852 2675 caesariensis
1875 2648 1902 2674 in
1923 2655 1974 2675 suo
1993 2647 2029 2675 ad

347 2694 419 2720 hunc
440 2695 572 2728 psalmum
593 2697 789 2722 conmentario
810 2704 834 2730 p.
856 2699 916 2722 596.
939 2703 994 2730 seq.
1018 2696 1049 2721 Et
1069 2694 1180 2729 quidem
1201 2702 1230 2720 ex
1251 2693 1324 2719 d1ct0
1344 2695 1425 2720 etiam
1446 2694 1480 2720 ad
1501 2694 1620 2728 psalmos
1640 2694 1838 2720 commentario
1857 2694 1970 2720 arianus
1988 2692 2033 2719 in-

345 2738 434 2764 notuit
457 2738 599 2767 Eusebius:
621 2740 656 2765 ita
677 2744 705 2765 ut
726 2744 783 2773 post
808 2740 947 2767 connitam
968 2739 1027 2765 eius
1049 2739 1138 2772 operis
1158 2737 1321 2770 editionem,
1343 2738 1396 2763 jain
1418 2738 1453 2763 sit
1472 2738 1595 2770 inutilis,
1617 2740 1649 2763 A.
1671 2737 1803 2764 Zacharia
1828 2736 1933 2769 iudice,
1953 2735 2032 2763 docta

347 2782 393 2808 illa
413 2782 551 2815 apolossia,
571 2791 652 2817 quam
673 2783 737 2809 olim
760 2788 897 2817 paraverat
918 2791 965 2817 pro
985 2782 1085 2809 tuenda
1104 2782 1212 2808 Eusebii
1231 2781 1390 2808 orthodoxia
1412 2783 1455 2807 Fr.
1473 2782 1598 2808 Stavolus
1612 2782 1639 2808 S.
1658 2783 1696 2813 1.‚
1716 2781 1750 2808 de
1769 2781 1848 2808 cuius
1867 2780 1971 2807 inedito
1985 2787 2032 2807 co-

347 2825 406 2852 dice
426 2825 534 2852 locutus
552 2833 601 2854 eno
620 2834 680 2853 sum
700 2827 728 2853 in
749 2835 806 2853 mea
827 2827 949 2853 chronici
969 2826 1108 2853 eusebiani
1129 2825 1249 2852 editione
1269 2825 1467 2852 mediolanensi
1489 2825 1577 2860 praef.
1599 2833 1624 2860 p.
1647 2825 1698 2852 ult.
1847 2816 1853 2821 ⁷
