2205 3177
592 240 624 264 m
650 241 830 264 EPISTOLAM
855 240 898 261 An
925 239 1090 261 Hernicos
1117 239 1189 262 cap,
1216 241 1238 261 1.
1266 239 1301 261 11.
1744 227 1788 260 73

107 307 216 342 ctrina
236 312 285 339 est
298 331 305 344 ‚
327 311 438 339 erecta
459 312 572 339 mente
592 305 757 341 adtende,
777 302 956 348 quomodo
978 314 1040 336 nos
1063 303 1431 336 communicaxerimus
1454 301 1609 346 sanguini
1629 307 1663 334 et
1682 301 1787 334 carni.

108 365 346 408 Heterogenea
372 363 513 408 quidem
540 369 590 396 cst
616 362 728 395 anima
754 360 910 405 sanguini
936 365 969 392 et
995 360 1107 397 carni;
1130 359 1188 392 scd
1216 366 1328 393 tamen
1355 360 1389 392 in
1415 371 1524 392 unum
1550 359 1727 392 hominem
1751 370 1790 391 ex

109 428 254 465 utraque
278 432 314 453 re
335 419 461 453 fuimus
480 420 669 465 compacti,
693 417 813 463 pulcro
840 417 1003 449 creatoris
1023 417 1129 449 nostri
1157 416 1320 453 artificio.
1343 415 1628 450 concurrentibus
1648 417 1680 449 iu
1706 415 1792 449 inef—

111 476 252 511 fabilem
271 477 445 522 quandam
464 478 627 510 unionem
648 474 750 507 rebus
777 476 899 507 natura
925 473 1116 506 contrariis.
1146 473 1220 505 ‘vin'
1234 499 1241 508 .
1263 474 1348 506 sicut
1368 474 1411 505 ait
1438 474 1537 506 lsaias
1557 474 1567 482 '
1581 499 1588 509 ,
1613 473 1793 505 metiamur

111 546 214 568 manu
242 546 383 579 aquam,
405 541 436 567 ct
464 534 595 567 caelum
615 532 749 577 palmo,
771 537 802 564 ct
823 531 1019 564 universam
1045 536 1170 562 tcrram
1191 530 1347 574 pugillo?
1372 530 1446 563 Vin·
1468 536 1501 563 ut
1524 542 1561 563 ca
1581 541 1668 574 quac
1687 541 1791 574 supra

111 602 174 624 nos
199 597 299 630 sunt,
328 603 369 625 ex
396 589 498 624 rebus
524 589 648 623 nostris
674 588 949 632 cognoscamus?
976 587 1094 631 Agesis
1121 587 1224 631 igitur
1252 585 1348 619 brcxi
1375 587 1532 631 exemplo
1560 593 1792 632 proponentes

111 655 323 682 constantem
342 661 382 683 ex
401 649 512 682 anima
531 653 565 680 et
583 657 729 691 corpore
748 646 941 681 hominem.
964 650 1114 678 mentem
1139 650 1254 689 postca
1280 644 1522 677 transferamus
1542 645 1584 677 ad
1603 644 1788 678 Christum.

111 707 232 739 Veram
262 707 383 740 factam
409 716 480 739 esse
506 705 670 737 unionem
701 703 869 741 dicimus,
899 700 1013 736 Verbo
1039 702 1288 735 humanitatem
1316 701 1530 735 adsumente.
1561 703 1668 735 Porro
1697 702 1792 746 quod

110 763 262 797 Verbum
280 763 374 799 fecit,
392 763 491 796 etiam
510 767 667 795 nostrum
686 761 953 804 uniuscuiusque
971 760 1152 806 proprium
1172 759 1434 804 quodammodo
1453 759 1519 792 dici
1539 765 1662 804 potest.
1683 760 1794 804 Atque.

111 819 177 854 hoc
196 820 378 865 significari
404 819 471 852 illis
496 818 612 852 oerbis
638 824 739 864 puto,
762 818 858 863 quod
876 817 1027 851 Verbum
1055 818 1096 850 sit
1116 817 1245 851 factum
1270 828 1350 850 caro
1375 817 1406 853 ’ς
1433 828 1502 850 uon
1522 828 1584 861 per
1602 828 1683 850 coni
1693 818 1796 850 ersio-

112 889 191 910 nem
217 883 274 910 aut
299 878 595 914 immutationem:
619 882 667 909 est
695 876 787 909 enim
814 874 1087 909 incomestibilis
1114 875 1231 908 divina
1250 880 1392 908 natura:
1420 874 1480 907 sed
1507 885 1544 907 ea
1571 875 1703 907 ratione
1729 886 1796 918 qua

112 934 199 967 solct
225 933 338 966 divina
358 934 527 979 scriptura
548 939 658 967 totum
678 933 888 978 quandoque
915 933 1093 966 hominem
1115 944 1176 977 per
1195 931 1303 966 solam
1324 943 1461 965 carnem
1486 931 1669 969 denotare,
1690 932 1796 965 veluti

110 997 159 1023 est
187 990 292 1023 illud:
318 1004 332 1020 «
355 990 530 1024 effundam
557 991 600 1023 de
627 991 754 1036 Spiritu
781 1002 858 1024 meo
885 1001 988 1035 super
1014 1001 1154 1023 omnem
1181 1001 1318 1023 carnem
1347 989 1371 1022 '.
1398 1004 1413 1019 »
1439 990 1547 1022 Unum
1575 989 1688 1034 itaque
1715 1001 1798 1023 con-

112 1046 249 1080 fitemur
276 1047 403 1085 titium,
425 1049 580 1092 genitum
606 1048 747 1093 quidem
773 1047 938 1080 divinitus
958 1059 998 1081 ex
1026 1053 1141 1093 patre,
1163 1053 1333 1092 quatenus
1358 1046 1563 1091 intelligitur
1588 1052 1620 1079 et
1645 1052 1694 1079 est
1714 1047 1798 1080 Ver-

110 1103 217 1141 bum,
246 1104 305 1137 sed
332 1111 432 1150 partu
459 1106 561 1138 etiam
587 1105 719 1139 editum
745 1117 785 1138 ex
812 1105 959 1138 muliere
985 1104 1174 1138 secuudum
1205 1116 1357 1138 carnem.
1387 1105 1439 1137 Sic
1465 1104 1555 1138 enim
1583 1103 1799 1149 reputabitur

110 1162 267 1206 sanguini
287 1168 320 1195 et
339 1164 431 1196 carni
459 1163 616 1196 similiter
644 1169 745 1207 atque
773 1174 836 1195 nos
862 1163 1150 1197 communicasse,
1173 1168 1209 1195 ut
1231 1168 1341 1195 morte
1361 1174 1420 1194 sua
1440 1160 1619 1195 diabolum
1645 1160 1800 1195 debella-

113 1225 181 1256 ret,
203 1220 298 1252 cuius
317 1220 445 1253 invidia
465 1232 559 1253 mors
580 1221 613 1253 in
632 1220 802 1253 mundum
820 1220 988 1253 inu-nixu.
1011 1221 1097 1253 Nam
1113 1220 1237 1253 Christi
1258 1231 1352 1252 mors
1371 1218 1467 1252 radix
1485 1219 1590 1252 ‘veluti
1610 1220 1698 1252 vitae
1717 1219 1797 1255 fuit,

111 1276 330 1320 corruptelae
355 1276 564 1314 destructio,
587 1278 714 1322 peccati
741 1278 1000 1313 exterminium,
1024 1278 1092 1310 irae
1118 1276 1207 1309 linis.
1237 1276 1419 1309 Maleclicto
1445 1282 1478 1309 et
1504 1277 1606 1310 morti
1627 1288 1689 1321 per
1709 1275 1799 1310 Ada-

114 1344 206 1365 mum
235 1333 360 1366 addicti
388 1334 534 1371 fuimus:
556 1335 668 1368 soluta
688 1341 736 1368 est
758 1346 819 1379 per
838 1334 1011 1367 Christum
1039 1335 1140 1378 primi
1169 1334 1356 1378 peccatoris
1380 1333 1492 1378 culpa.
1522 1334 1689 1378 Apparuit
1710 1334 1799 1366 enim

112 1390 261 1422 hominis
281 1397 401 1424 natura
420 1392 455 1424 in
475 1392 609 1424 Christo
629 1403 730 1429 sana;
754 1398 854 1436 atque
875 1391 958 1424 haec
977 1392 1201 1435 impeccantia
1222 1398 1332 1424 terrac
1353 1391 1481 1423 incolas
1501 1402 1619 1424 omncs
1641 1391 1796 1424 salvarit.

690 1456 754 1478 Per·
771 1457 876 1478 omnia
894 1456 1051 1478 fratribus
1067 1456 1215 1478 similari.

209 1504 423 1538 Assimilatus
450 1512 500 1539 est
528 1518 589 1551 per
614 1507 729 1539 onmia
757 1505 939 1543 fratribus,
961 1511 1130 1550 quatenus
1156 1506 1244 1539 servi
1270 1506 1414 1539 formam
1443 1518 1577 1540 sumere
1600 1518 1717 1552 passus
1736 1513 1797 1540 est.

110 1559 163 1592 Sic
189 1561 280 1593 euim
307 1562 414 1595 factus
434 1569 483 1596 est
510 1562 600 1596 filius
627 1563 793 1599 hominis.
817 1562 924 1596 factus
949 1563 1030 1596 item
1057 1562 1162 1596 frater
1191 1562 1330 1596 illorum
1352 1563 1472 1608 quide
1491 1564 1620 1597 semiue
1642 1563 1800 1598 Abrahae

113 1627 209 1658 sunt,
232 1621 266 1654 id
292 1627 342 1654 est
368 1632 408 1653 ex
436 1621 602 1666 sanguiue
625 1627 659 1654 ct
686 1632 800 1654 carne.

617 1687 661 1710 Ut
678 1688 854 1710 misericors
870 1687 959 1710 fieret
975 1690 1004 1710 et
1024 1687 1125 1710 fidelis
1143 1688 1296 1714 pontifex.

208 1736 283 1781 Ipse
310 1736 418 1770 factus
445 1743 496 1770 est
528 1737 684 1781 pontifex
711 1735 901 1770 secundum
931 1737 1191 1770 humanitatem.
1220 1738 1261 1770 Et
1293 1749 1503 1783 quamquam
1533 1739 1605 1784 ipse
1634 1744 1802 1784 quatenus

112 1793 202 1826 Deus
222 1793 386 1828 sacrificia
411 1793 454 1827 ab
474 1793 637 1827 omnibus
658 1794 797 1839 recipit,
820 1800 969 1827 attamen
989 1794 1080 1828 idem
1100 1794 1289 1828 secundum
1311 1805 1447 1828 carnem
1468 1796 1603 1829 victima
1623 1802 1690 1831 est:
1711 1796 1800 1841 ipse,

114 1852 270 1895 inquam,
292 1851 351 1895 qui
378 1852 525 1896 peccatis
544 1852 671 1884 nostris
690 1852 852 1896 ignoscit,
876 1852 1065 1885 secundum
1092 1851 1228 1886 deitatis
1255 1859 1472 1897 potestatem.
1504 1853 1599 1887 Unus
1624 1859 1673 1887 est
1699 1854 1803 1899 igitur

113 1907 276 1941 dominus
304 1909 395 1941 lesus
419 1909 585 1942 Christus.
614 1929 636 1933 —
663 1909 764 1942 Haud
790 1909 837 1942 ob
860 1910 968 1955 ipsam
995 1909 1135 1954 quidem
1154 1908 1257 1943 Verbi
1283 1916 1459 1946 naturam,
1482 1909 1680 1955 pontificem
1700 1922 1803 1944 voca-

115 1971 187 1997 tum
209 1965 394 2010 (dicimus)
417 1972 519 2011 atque
538 1966 602 1999 alia
630 1966 828 2000 huiusmodi
857 1967 995 2000 nomina
1015 1966 1142 2004 indita,
1164 1967 1223 2000 sed
1251 1973 1395 2013 propter
1415 1968 1654 2001 oeconomiam
1674 1968 1708 2000 iu
1728 1979 1802 2001 car-

114 2034 173 2060 ne,
195 2029 227 2056 et
248 2030 389 2057 naturae
411 2030 546 2057 nostrae
565 2036 775 2058 mensuram.
806 2025 877 2069 Age
903 2036 987 2058 vero
1013 2025 1100 2058 illud
1121 2026 1271 2070 primum
1291 2025 1488 2064 videamus,
1508 2026 1649 2070 quinam
1669 2026 1696 2058 is
1715 2032 1802 2058 esset

113 2081 171 2124 qui
199 2092 276 2114 cum
297 2087 408 2125 posset
430 2082 570 2126 angelos
589 2081 870 2127 adprehendere,
892 2083 919 2115 si
945 2082 1010 2115 hoc
1030 2082 1195 2128 expedire
1213 2083 1413 2120 iudicasset,
1438 2094 1507 2116 nou
1530 2089 1645 2116 tamen
1664 2094 1722 2116 eos
1742 2082 1803 2116 ad-

115 2138 317 2183 prehendit,
342 2140 401 2173 sed
428 2138 588 2173 Abrahae
616 2141 758 2174 semen?
787 2141 892 2185 Igitur
911 2141 938 2174 si
963 2140 1052 2174 sorte
1079 2141 1237 2174 nonnulli
1266 2141 1459 2174 existimant
1485 2140 1568 2174 haec
1594 2140 1637 2174 de
1663 2140 1803 2173 homine

114 2197 288 2229 communi
315 2197 403 2236 dici;
425 2197 605 2242 quomodo
633 2198 707 2231 fieri
735 2204 869 2244 poterat
898 2204 933 2231 ut
960 2199 987 2231 is
1006 2199 1065 2243 qui
1086 2198 1241 2232 nondum
1267 2199 1402 2243 genitus
1429 2204 1501 2231 crat
1528 2209 1589 2231 nec
1615 2196 1798 2235 existebat,

115 2259 312 2287 sanctorum
339 2255 541 2300 angelorum
568 2261 725 2289 naturam
751 2255 1044 2301 adprehenderet,
1066 2256 1235 2301 siquidem
1256 2255 1320 2289 hoc
1341 2256 1476 2289 efficere
1502 2255 1631 2289 xellet?
1658 2256 1698 2288 Et
1722 2256 1801 2300 quia

116 2308 151 2341 id
171 2320 240 2342 non
260 2310 394 2350 fecerit,
416 2323 531 2346 semen
553 2314 666 2358 potius
685 2312 844 2347 Abrahae
865 2312 1164 2359 adprehendet-et?
1191 2313 1329 2358 Alioqui
1349 2319 1382 2346 et
1401 2313 1489 2346 illud
1508 2313 1697 2346 necessario
1716 2319 1801 2358 puto

117 2367 479 2407 animadvertendum,
501 2370 604 2404 stulte
623 2372 768 2404 omnino
787 2371 853 2404 dici
875 2371 1051 2404 hominem
1071 2371 1319 2404 humanitatem
1339 2371 1611 2416 adprehendere.
1642 2371 1802 2414 Sequitur

117 2424 221 2468 igitur
241 2431 276 2458 ut
296 2427 354 2470 qui
380 2433 429 2460 est
449 2433 543 2461 extra
562 2428 711 2462 hominis
732 2435 890 2462 naturam
910 2430 999 2462 Deus
1012 2456 1019 2465 ,
1041 2441 1157 2463 semen
1178 2428 1337 2462 Abrahae
1357 2428 1638 2474 adprehenderit.
1669 2428 1721 2460 Sic
1741 2439 1801 2461 au-

117 2488 186 2516 tem
205 2494 331 2528 corpus
350 2496 489 2518 sumens
508 2486 696 2520 animatum
723 2498 761 2521 ac
788 2494 901 2520 mente
928 2487 1124 2532 praeditum
1150 2486 1193 2520 de
1219 2493 1333 2520 sancta
1359 2487 1461 2520 Maria
1490 2486 1646 2531 deipara,
1670 2485 1802 2518 assimi-

118 2540 206 2573 latus
229 2546 279 2573 est
305 2552 366 2586 per
392 2542 506 2575 omnia
528 2541 710 2582 fratribus,
731 2545 766 2578 id
785 2551 835 2578 est
856 2544 968 2578 nobis.
996 2546 1090 2578 Tunc
1110 2545 1218 2578 sactus
1237 2551 1286 2578 est
1307 2556 1385 2589 erga
1407 2555 1470 2577 nos
1493 2543 1687 2577 misericors
1714 2554 1802 2588 pon-

118 2598 215 2635 tifex,
238 2605 268 2631 et
298 2605 474 2644 praeterea
500 2599 623 2633 fidelis.
652 2602 838 2641 Quomodo
865 2609 979 2636 autem
1006 2604 1048 2635 sit
1068 2602 1195 2640 factus,
1220 2602 1404 2635 dicendum
1432 2607 1600 2646 superest.
1628 2601 1705 2634 Non
1730 2606 1802 2634 erat

116 2667 200 2700 ergo
225 2657 421 2690 misericors
441 2663 518 2691 ante
536 2658 637 2691 etiam
663 2670 768 2703 quam
793 2666 952 2693 naturam
975 2667 1126 2694 nostram
1148 2659 1367 2692 adsumeret?
1396 2669 1464 2691 non
1484 2664 1556 2692 erat
1575 2656 1688 2690 bonus
1714 2664 1802 2691 tam-

116 2725 220 2758 quam
240 2726 279 2747 ex
301 2721 398 2760 patre
418 2714 536 2749 bono?
561 2715 620 2749 sed
641 2723 823 2761 postquam
844 2717 951 2751 factus
970 2725 1018 2751 est
1040 2718 1162 2752 homo.
1186 2723 1266 2750 tuuc
1285 2717 1389 2749 evasit
1410 2716 1628 2750 misericors?
1654 2715 1803 2750 Profecit

117 2782 199 2815 ergo
219 2773 277 2805 Dei
306 2773 411 2817 patris
429 2771 600 2810 Verbum.
624 2784 727 2817 seque
747 2774 822 2818 ipso
848 2775 969 2808 melius
995 2776 1119 2813 evasit,
1142 2785 1212 2819 quo
1239 2779 1396 2818 tempore
1422 2784 1537 2806 semen
1557 2771 1715 2806 Abrahae
1741 2772 1802 2806 ad·-

119 2829 312 2872 prehendit.
343 2831 450 2875 Igitur
476 2830 571 2875 quod
597 2836 695 2864 antea
721 2842 791 2864 non
820 2830 945 2867 fuerat,
970 2832 1095 2865 sactum
1122 2836 1188 2867 est,
1211 2837 1243 2864 et
1270 2830 1453 2864 utilitatem
1479 2831 1593 2876 potius
1619 2842 1660 2864 ex
1680 2830 1802 2863 huma-

118 2887 221 2920 nitate
241 2894 377 2921 nactum
398 2894 460 2921 est.
485 2888 670 2928 Quomodo
689 2900 772 2933 ergo
792 2889 997 2922 immutabili
1017 2896 1137 2923 natura
1158 2895 1229 2922 erat
1243 2915 1251 2925 ,
1273 2889 1298 2921 si
1319 2888 1413 2933 quod
1434 2899 1502 2922 nou
1523 2888 1650 2926 fuerat,
1675 2887 1801 2921 factum

1654 2956 1684 2980 10

1828 486 1836 495 ·
1851 485 1878 504 ls,
1895 485 1939 505 XL.
1958 488 1987 505 12.

1828 713 1866 734 (ir.
1881 719 1903 739 p.
1924 716 1966 734 tta.

1831 826 1984 848 ’Ῑιι1ι.Ι,Ιἰ.

1832 1001 1840 1009 *
1857 998 1928 1020 lohel.
1944 1000 1970 1020 ll.
1986 1004 2018 1020 25.

1834 1458 1890 1479 (ΖΑΓ.
1906 1458 1932 1478 tt.
1951 1461 1981 1478 ιτ.
