2205 3177
195 1950 200 1954 '
218 1945 297 1965 'ttatttr
313 1945 340 1965 Vl
361 1951 378 1964 t«.

312 2121 331 2134 x,
349 2118 377 2135 18.

317 2578 334 2590 x.
353 2574 373 2591 Ιν

421 148 488 180 :2:38
922 158 949 179 s.
979 158 1103 180 crium
1132 157 1350 180 ALEXANMUNJ
1379 158 1582 180 exrmxario

422 220 569 254 llictihus
588 220 756 253 dolorem.
786 221 891 265 Aquis
917 222 1044 265 pariter
1070 228 1242 266 comparat
1271 227 1527 267 persecutorum
1552 222 1711 257 iniurias,
1735 223 1804 255 six'e
1830 223 1995 256 immanes
2022 222 2086 255 im-

422 285 517 322 petus
544 283 573 309 ct
604 276 834 310 intolerandos
861 278 1024 310 incursus.
1056 278 1107 310 Est
1136 279 1225 311 enim
1254 277 1478 311 intolerabilis
1509 278 1697 311 iluxialiuui
1729 290 1892 323 aquarum
1920 280 2081 313 incursio.

927 343 1104 369 lmposntntt
1122 344 1343 366 tribulano-ws-
1359 344 1448 365 ‹lor-so
1467 346 1580 365 noran-0.

517 390 658 424 l'hinam
685 392 782 436 periti
809 392 953 425 athletae
978 393 1085 426 xirius
1115 392 1344 436 dignoscitur.
1372 393 1432 425 nisi
1461 393 1594 425 indictis
1625 391 1865 425 certaminibus
1889 399 1919 425 et
1948 393 2083 426 coronis

421 448 626 493 propositis?
647 447 788 481 [binam
809 449 904 481 miles
923 450 1142 493 exploratur?
1159 461 1272 483 nonne
1292 462 1368 483 eum
1389 450 1521 483 occasio
1541 449 1583 482 ad
1605 449 1771 494 proelium
1792 450 1910 482 vocar?
1930 450 1981 482 Sic
2000 462 2083 494 ergo

423 505 543 537 sortem
569 516 707 549 quoquc
734 505 906 549 religionis
932 517 1030 539 ierac
1049 513 1234 540 amatorem
1256 506 1391 539 labores
1417 505 1661 551 comprobant.
1686 513 1715 539 et
1737 507 1938 539 tentationes
1958 508 2083 541 faciunt

341 576 378 593 :s
418 561 596 595 illustrem.
625 563 709 595 Nam
729 563 817 595 Deus
841 562 980 607 quidem
1001 564 1044 597 ita
1064 564 1096 596 in
1117 564 1277 609 laqueum
1305 564 1503 599 induxerat.
1528 570 1564 596 ut
1584 563 1676 596 haud
1702 564 1772 608 ipse
1793 564 2011 596 tentationem
2032 564 2084 596 in-

416 624 579 654 strueret.
601 619 658 652 scd
687 620 806 652 tentari
834 621 945 664 potius
972 622 1202 665 permitteret:
1227 627 1259 653 ut
1281 622 1338 665 qui
1359 621 1509 665 germani
1537 626 1645 653 essent
1673 625 1866 666 appareret,
1888 626 1923 653 ut
1944 621 2084 654 immar-

419 675 606 709 cessibilem
632 687 795 710 coronam
822 678 1025 722 acciperent.

913 743 1100 766 lloloenusm
1119 744 1289 766 medullam
1308 744 1442 766 offen-mn
1458 744 1518 765 tibi
1534 745 1590 766 ele.

514 791 734 837 lntelligcnda
760 799 834 825 sunt
863 793 1061 837 spiritaliter
1086 794 1220 829 omnia.
1243 799 1309 825 tani
1340 792 1536 826 holocausta
1562 804 1664 837 quam
1684 791 1788 825 boves
1813 797 1844 824 et
1872 791 1975 829 hirci,
1996 803 2084 836 quos

417 859 451 880 >e
477 847 673 882 oblaturum
701 850 881 894 promittit.
911 849 1015 882 Simul
1040 861 1123 883 vero
1149 857 1179 883 et
1208 851 1350 883 arietum
1371 849 1409 882 tit
1427 848 1570 883 oblatio.
1599 849 1730 883 Arietes
1755 854 1868 882 autem
1894 854 1971 881 sunt
1990 860 2084 882 com-
2129 870 2135 877 ,

417 906 584 939 motiones
610 907 840 951 impetusque,
864 908 922 951 qui
942 919 959 940 a
980 914 1075 952 parte
1095 908 1198 940 animi
1218 907 1377 940 irascibili
1397 908 1555 945 veniunt;
1579 907 1632 940 vel
1652 908 1753 940 etiam
1772 906 2008 951 intelliguntur
2026 917 2085 940 eo-

419 963 612 1005 gitationes.
633 975 719 1008 quae
745 964 831 996 (luce
858 965 989 998 ratione
1015 971 1133 998 contra
1159 966 1331 1010 passiones
1356 976 1464 998 cornu
1490 964 1595 997 veluti
1621 963 1795 997 dimicant.
1824 965 1949 997 Bovem
1968 964 2084 998 isma-

418 1025 480 1052 etat
497 1046 504 1054 ,
533 1021 589 1064 qui
618 1031 651 1053 se
677 1021 787 1065 ipsum
814 1021 959 1054 hostiam
985 1023 1155 1056 viventem
1183 1034 1243 1067 per
1268 1034 1327 1055 sua
1354 1033 1458 1068 opera
1485 1021 1597 1055 offert.
1627 1020 1738 1055 Habet
1762 1027 1874 1054 autem
1899 1020 2084 1065 quamdam

418 1088 492 1109 cum
515 1082 650 1111 terreno
670 1089 815 1123 corpore
834 1079 1026 1124 analogiam
1046 1078 1128 1117 hos,
1150 1091 1258 1124 quum
1277 1081 1318 1113 sit
1338 1079 1460 1113 animal
1482 1085 1591 1112 terrae
1610 1078 1772 1112 colendae
1792 1078 1965 1111 idoneum.
1991 1079 2083 1112 Hirci

418 1134 579 1167 denotant
601 1137 824 1179 paenitentiae
844 1148 968 1181 opera.
989 1137 1068 1182 quia
1088 1148 1152 1182 pro
1171 1143 1309 1182 peccato
1329 1136 1574 1170 offerebantur.
1597 1137 1773 1169 Postremo
1793 1135 1994 1180 thymiama,
2016 1136 2085 1170 fra-

418 1203 517 1234 grans-
543 1198 590 1225 est
619 1203 783 1237 purarum
810 1194 1001 1227 animarum
1027 1194 1128 1227 odor.

1014 1259 1141 1287 Venite,
1157 1260 1279 1286 audite,
1296 1261 1325 1281 et
1343 1260 1490 1282 narrabo.

514 1307 649 1340 Veteres
675 1306 831 1341 historias
857 1307 949 1341 haud
968 1308 1033 1341 hoc
1053 1309 1130 1342 loco
1149 1314 1415 1346 commemorat,
1437 1319 1498 1341 nec
1523 1307 1700 1353 quomodo
1719 1319 1758 1341 ex
1777 1307 1934 1352 Aegypto
1959 1306 2086 1342 libera-

416 1370 469 1395 tus
497 1375 557 1408 per
583 1370 736 1409 tempora
756 1364 881 1398 Israhel
903 1365 1023 1399 fuerit:
1046 1365 1237 1399 doctrinam
1257 1371 1370 1399 autem
1390 1365 1493 1398 tradit
1512 1365 1605 1399 haud
1625 1365 1811 1399 secundum
1835 1365 1977 1409 legalem
1998 1365 2085 1398 litte-

418 1432 509 1456 ram:
533 1420 590 1453 sed
616 1422 711 1465 quasi
737 1422 805 1454 iam
831 1433 960 1455 novum
987 1422 1213 1467 praedicasset
1239 1422 1377 1459 foedus,
1401 1434 1488 1455 nova
1515 1423 1702 1456 Servatoris
1727 1423 1834 1456 nostri
1856 1422 2000 1455 miratur
2025 1420 2086 1455 be-

417 1476 556 1514 neficia.
577 1489 664 1522 quae
690 1479 844 1511 omnium
870 1485 1024 1513 nostrum
1053 1479 1230 1513 animabus
1256 1479 1413 1514 eontulit.

765 1543 813 1565 Aul
831 1544 931 1570 ipsum
948 1550 1001 1567 ore
1018 1550 1083 1567 meo
1100 1545 1245 1572 clamavi,
1261 1547 1292 1567 et
1308 1544 1443 1567 exaltavi
1461 1545 1516 1566 suh
1534 1544 1647 1574 lingua
1663 1550 1739 1566 mea.

514 1591 602 1631 Quid
628 1592 689 1629 sit,
711 1591 853 1625 clamavi
880 1599 912 1625 et
938 1593 1081 1626 exaltavi
1108 1593 1171 1627 sub
1197 1594 1312 1639 lingua
1338 1605 1432 1633 mea,
1454 1605 1588 1627 necesse
1607 1600 1657 1627 est
1676 1593 1791 1627 subtili
1816 1592 2087 1628 consideratione

419 1659 636 1692 cognoscere.
665 1649 829 1682 Nonnulli
856 1650 946 1683 enim
972 1650 1055 1684 dum
1082 1658 1202 1689 orant,
1231 1651 1397 1684 iudaicam
1424 1652 1600 1684 imitantur
1627 1651 1814 1688 malitiam,
1842 1657 1873 1684 et
1900 1651 2087 1696 impiorum

418 1705 673 1739 Pharisaeorum
701 1706 916 1740 aemulantur
941 1708 1151 1746 iactantiam,
1173 1709 1238 1741 alta
1264 1719 1454 1753 magnaque
1473 1720 1556 1741 voce
1576 1714 1720 1741 utentes
1750 1708 1949 1741 Existimant
1974 1708 2084 1747 enim,

418 1761 463 1795 ob
489 1763 630 1795 multam
657 1774 751 1796 suam
780 1769 815 1796 ut
841 1764 977 1797 videtur
1002 1766 1188 1799 inscitiam.
1209 1765 1303 1810 quod
1324 1765 1386 1798 nisi
1406 1758 1518 1798 ralide
1539 1765 1777 1803 clamaverint,
1800 1766 1890 1799 Deus
1909 1764 2088 1799 auditurus

419 1830 486 1851 non
506 1819 559 1852 sit.
589 1820 730 1864 Oportet
758 1820 889 1865 itaque,
913 1822 992 1866 quia
1011 1823 1101 1855 Deus
1120 1833 1183 1855 nos
1201 1833 1338 1861 omnes,
1360 1823 1467 1855 immo
1486 1828 1517 1855 et
1540 1822 1653 1855 cordis
1672 1834 1811 1861 arcana,
1833 1823 1948 1860 novit,
1971 1821 2088 1856 solita-

420 1876 479 1908 tim
499 1882 528 1909 et
550 1876 636 1909 clam
664 1877 775 1921 ipsum
801 1889 918 1911 orare:
941 1878 1063 1912 clamet
1082 1885 1194 1912 autem
1213 1891 1309 1912 mens
1329 1879 1371 1912 ad
1390 1880 1498 1912 Deum
1517 1891 1557 1913 ex
1576 1878 1688 1912 x-alida
1715 1891 1856 1924 precum
1881 1880 2085 1913 intensione.

419 1934 467 1967 Ita
488 1945 549 1966 nos
569 1935 639 1979 ipse
657 1945 757 1967 orare
775 1934 892 1969 docuit
911 1936 1068 1970 Servator
1088 1937 1203 1970 dicens
1224 1938 1251 1970 'z
1277 1944 1311 1971 tu
1333 1943 1444 1970 autem
1465 1948 1572 1982 quum
1592 1938 1759 1975 oraveris,
1781 1943 1814 1970 et
1832 1937 1975 1982 reliqua.
1997 1937 2088 1977 Quid

417 2002 499 2035 ergo
518 1990 700 2035 significat.
723 1991 764 2024 ad
785 1992 895 2037 ipsum
914 1992 1079 2026 clamavi?
1098 1994 1298 2027 Interiorem
1317 1994 1390 2027 heic
1409 1995 1646 2039 intensumque
1664 1994 1849 2028 clamorem
1867 1994 1964 2032 dicit,
1984 2005 2088 2039 quem

418 2047 540 2081 ardens
566 2059 625 2081 cor
652 2048 818 2093 pariebat.

658 2113 864 2141 Iniquitatem
880 2115 906 2136 si
923 2115 1110 2141 aspiciebam
1128 2116 1161 2138 in
1178 2117 1267 2138 eorde
1284 2123 1364 2143 meo,
1381 2123 1441 2138 non
1458 2117 1605 2139 exaudiat
1624 2123 1671 2138 me
1687 2116 1848 2139 Dominus.

514 2162 632 2195 Pulcra
659 2169 852 2196 sanctorum
882 2163 1020 2198 fiducia!
1043 2176 1164 2210 puram
1192 2166 1282 2198 enim
1309 2164 1436 2199 habent
1455 2165 1607 2210 qualibet
1630 2166 1806 2210 iniquitate
1832 2166 2084 2199 conscientiam.

369 2235 379 2248 ι,
420 2238 441 2243 -
462 2220 587 2252 lterum
608 2231 723 2253 eoram
744 2221 813 2253 Deo
832 2221 1017 2265 gloriatur,
1041 2222 1135 2267 quod
1155 2234 1277 2267 nempe
1296 2229 1389 2256 extra
1409 2234 1546 2255 omnem
1566 2223 1780 2268 iniquitatem
1800 2223 1919 2260 fuerin
1941 2223 2088 2268 ideoque

420 2287 455 2309 se
481 2276 676 2309 exauditum
705 2278 745 2310 iri
772 2277 925 2311 conlidit.
956 2279 1177 2322 Symmachus
1202 2285 1314 2313 tamen
1340 2281 1405 2313 sic:
1430 2294 1442 2309 α
1470 2281 1664 2313 iniustitiam
1691 2281 1716 2313 si
1744 2280 1895 2325 praevidi
1921 2280 1955 2313 in
1982 2279 2088 2313 corde

417 2345 511 2369 meo.
534 2346 601 2367 non
621 2335 775 2367 exaudiat
796 2335 973 2368 Dominus.
1000 2350 1013 2366 »
1036 2337 1067 2369 Si
1095 2336 1177 2369 dum
1194 2333 1364 2381 'precarer
1384 2349 1447 2382 pro
1468 2337 1623 2370 libertate
1642 2343 1672 2370 et
1694 2337 1920 2382 postliminio,
1943 2338 2087 2382 cogitavi

418 2391 517 2423 simul
545 2392 698 2435 iniquum
720 2391 847 2436 aliquid
867 2403 966 2436 agere
988 2398 1062 2437 post
1081 2392 1246 2431 reditum,
1270 2405 1312 2427 ne
1331 2394 1482 2427 diwinam
1502 2395 1682 2439 impetrem
1702 2394 1958 2439 benignitatem.
1986 2393 2087 2434 Quod

419 2453 529 2480 autem
550 2459 617 2481 non
637 2445 802 2487 mentiar,
825 2448 911 2482 sacta
939 2455 1115 2483 testantur.
1146 2451 1220 2484 Non
1240 2450 1323 2483 dixit
1344 2452 1473 2495 aspexi,
1498 2452 1555 2484 sed
1577 2451 1793 2496 aspiciebam.
1823 2452 1918 2485 Prius
1936 2450 2088 2485 vocabu-

420 2504 491 2536 lum
516 2504 640 2539 malam
666 2504 779 2539 brevis
805 2508 969 2552 temporis
996 2508 1235 2552 cogitationem
1262 2508 1446 2552 significan
1467 2509 1630 2548 alterum,
1652 2508 1888 2542 diuturnioris.

802 2572 988 2595 Benedictus
1005 2572 1103 2600 Deus,
1119 2574 1172 2599 qui
1192 2579 1251 2595 non
1270 2573 1386 2599 renum
1404 2575 1577 2596 orationem
1594 2581 1702 2596 meam.

514 2619 638 2652 Purum
667 2632 719 2653 me
744 2621 938 2654 huiusmodi
966 2622 1226 2666 cogitationibus
1253 2634 1414 2659 cerneus,
1439 2624 1611 2657 donorum
1637 2636 1777 2657 suorum
1805 2624 1901 2669 copia
1928 2623 2086 2668 dignatus

420 2680 479 2706 cst.
511 2676 569 2707 llis
588 2676 684 2709 dietis
705 2678 838 2722 piorum
866 2678 1008 2715 chorus.
1032 2679 1161 2722 hymno
1180 2680 1353 2713 concludit
1373 2692 1582 2714 sermonem:
1605 2692 1729 2726 purum
1750 2679 1905 2714 habentis
1923 2691 1983 2713 cor
2000 2691 2085 2725 pura

420 2732 529 2763 oratio
556 2734 689 2777 repulsa
709 2746 777 2768 non
799 2735 872 2768 fuit.
900 2737 1131 2770 Misericordia
1152 2736 1194 2770 ab
1213 2738 1367 2771 oratione
1388 2750 1455 2771 non
1476 2737 1587 2771 abest:
1614 2750 1758 2783 namque
1783 2750 1847 2784 ego
1872 2737 2005 2771 orando
2023 2738 2085 2770 mi-

421 2788 638 2822 sericordiam
666 2802 681 2823 a
708 2792 779 2824 Deo
807 2793 954 2837 postulo.
