2205 3177
241 881 295 898 tia.
312 878 338 899 n.
356 882 374 899 7.

200 1680 249 1700 .,,,

184 2021 191 2029 ·
210 2020 288 2046 [pta—³.

262 422 376 441 ‹if-ts

254 1680 322 1701 Ant

235 1385 272 1405 ΕΓ.
287 1390 308 1407 17.
328 1389 369 1405 111.

297 1412 302 1417 κ
338 1416 360 1425 ,,.

348 1685 368 1700 S.

305 2021 332 2041 11.
353 2032 365 2041 ι.

426 168 469 199 72
930 176 957 198 s.
984 176 1110 199 crium
1136 178 1354 201 ALEXANDMNI
1382 179 1584 204 nerAxnio

424 252 526 285 quam
553 240 772 274 humanatus,
794 240 827 272 in
853 250 911 273 sua
937 239 1145 275 sublimitate
1169 244 1367 287 permansit.
1398 243 1466 276 lam
1492 245 1570 289 quia
1597 256 1673 278 eum
1699 247 1822 281 iustitia
1849 257 1984 294 regnat,
2007 252 2084 287 ideo

421 305 520 343 capto
540 296 696 341 exemplo
715 308 732 329 a
753 298 895 330 terrenis
914 297 1051 342 regibus
1066 305 1236 345 sceptrum
1254 306 1385 345 gestare
1404 301 1531 339 solitis,
1552 313 1742 337 sermonem
1761 304 1895 351 figurat.
1918 308 1972 342 Est
1990 312 2080 344 enim

420 356 513 399 regni
542 353 692 386 ndicium
719 355 824 398 virga.

1034 421 1203 448 Propterea
1223 423 1310 445 unxi!
1332 425 1359 445 te
1378 423 1469 445 Reum.

512 467 612 501 Vides
637 468 743 501 Deum
769 479 785 501 a
813 470 883 502 Deo
909 471 1009 515 ungi:
1037 471 1175 516 quando
1201 473 1292 504 enim
1319 471 1493 505 hominem
1520 484 1555 505 se
1578 471 1670 511 iecit,
1696 485 1835 508 manens
1859 477 2080 512 nihilominus

416 526 448 558 id
468 525 562 570 quod
582 531 653 558 crat
667 551 674 561 .
699 532 779 558 tunc
799 527 899 560 etiam
919 539 1016 561 more
1036 534 1153 561 nostro
1174 528 1371 562 humanitus
1391 536 1511 562 unctus
1532 530 1591 563 fuit
1612 531 1654 563 ad
1675 531 1914 575 apostolatum.
1936 535 2079 579 Ungitur

413 585 483 616 eius
503 583 693 615 humanitas
718 583 834 616 divino
853 585 998 629 Spiritu.
1021 597 1131 630 neque
1158 592 1330 630 tamquam
1358 587 1391 619 in
1417 587 1617 632 simpliciter
1642 588 1859 628 hominibus,
1880 591 1971 625 velut
1998 604 2079 637 pro-

414 640 524 685 phetis
550 646 582 672 et
609 640 826 685 patriarchis,
849 648 1023 686 operatur.
1054 643 1175 675 Unctio
1201 648 1313 675 autem
1340 650 1408 681 cst,
1432 650 1500 677 tota
1525 645 1681 689 ungentis
1707 647 1909 690 praesentia.
1936 648 2079 693 Ungitur

412 708 494 730 xero
515 696 604 729 tilius
627 708 705 730 cum
724 697 757 730 in
778 698 945 731 mundum
964 705 1014 732 cst
1039 698 1272 736 introductus.
1296 699 1330 731 id
1349 706 1397 733 est
1416 700 1556 745 quando
1575 707 1621 734 est
1643 702 1848 735 incarnatus.
1877 703 1968 737 Tunc
1990 707 2078 738 enirn

411 755 674 787 communicavit
698 761 888 791 creaturae.
911 767 1032 800 nempe
1060 767 1130 788 rem
1157 761 1304 789 creatam
1324 756 1387 790 sibi
1406 758 1591 802 copulans,
1613 770 1811 804 ungensque
1833 759 2078 795 humanitatem

411 811 551 847 deitate.
572 812 616 845 ita
639 818 674 844 ut
698 812 812 845 feccrit
840 824 879 845 ex
906 811 1075 845 ambobus
1100 824 1220 845 unum.

880 876 1026 899 Minuisti
1043 884 1113 899 eum
1129 877 1223 904 paulo
1240 878 1343 900 minus
1359 879 1399 900 ab
1415 879 1538 907 angelis
1554 882 1612 902 etc.

504 926 686 966 Quomodo
711 926 876 959 minuitur
900 925 987 958 infra
1015 926 1154 971 angelos
1179 927 1238 971 qui
1265 926 1308 959 ab
1335 927 1386 960 his
1412 927 1601 961 adoratur?
1628 930 1690 962 nisi
1719 930 1796 974 quia
1823 930 1949 964 dimisit
1974 942 2008 964 se
2035 931 2077 965 ad

408 982 588 1015 modulum
614 983 852 1021 humanitatis,
874 988 907 1015 et
930 983 1066 1016 mortali
1090 994 1236 1028 corpore
1261 983 1461 1028 adsumpto,
1484 985 1519 1017 in
1545 996 1586 1017 eo
1609 992 1729 1030 sponte
1749 998 1866 1031 passus
1891 993 1959 1026 est;
1982 999 2077 1022 mox-

406 1050 473 1083 que
497 1050 663 1084 supernae
687 1039 814 1083 gloriae
839 1040 1051 1073 ornamentis
1074 1046 1257 1073 coronatus
1276 1039 1322 1073 ob
1341 1052 1436 1074 suam
1455 1042 1646 1086 passionem
1668 1042 1727 1075 fuit
1741 1068 1748 1080 ,
1769 1054 1835 1088 qua
1854 1050 2001 1077 mortem
2019 1056 2078 1078 ex—

407 1097 523 1133 tinxit,
546 1096 760 1141 corruptelae
784 1097 853 1129 vim
878 1096 1024 1134 retudit,
1045 1103 1214 1142 quatenus
1238 1097 1309 1142 ipse
1336 1098 1575 1131 immortalitas
1601 1105 1651 1132 est
1675 1111 1713 1132 ac
1738 1101 1818 1133 vita.
1848 1100 1969 1145 Angeli
1994 1113 2078 1135 vero

404 1159 541 1187 eatenus
565 1159 641 1186 sunt
663 1154 876 1199 superiores.
898 1159 1066 1199 quatenus
1085 1160 1180 1187 extra
1203 1165 1341 1187 carnem
1367 1161 1464 1193 sunt,
1488 1162 1521 1188 et
1540 1156 1642 1188 morti
1666 1158 1875 1201 superiores:
1900 1168 1988 1201 quae
2005 1158 2077 1192 duo

405 1211 495 1245 tilius
522 1217 680 1256 expertus
704 1218 753 1244 est
778 1218 920 1256 propter
942 1217 1165 1256 spontaneam
1191 1212 1469 1246 exinanitionem.
1499 1213 1562 1246 Sed
1582 1214 1639 1258 qui
1660 1213 1841 1258 paululum
1864 1213 1951 1247 infra
1975 1225 2078 1259 ange-

407 1268 456 1301 los
480 1274 622 1313 propter
646 1268 865 1301 humanitatis
884 1268 1065 1301 modulum
1091 1269 1243 1302 minutus
1262 1269 1345 1307 fuit,
1367 1270 1400 1301 in
1427 1269 1561 1303 deitatis
1585 1269 1791 1303 sublimitate
1818 1269 1861 1303 ab
1879 1270 1932 1303 his
1954 1270 2078 1304 adora-

406 1331 479 1360 tur.
502 1324 664 1370 sedetque
693 1325 726 1358 in
754 1325 897 1363 throno,
919 1336 1023 1370 quem
1050 1325 1100 1358 illi
1126 1327 1345 1359 circumstant
1368 1337 1447 1359 cum
1470 1333 1609 1360 aeterno
1632 1327 1763 1371 hymno
1785 1341 1800 1357 «
1822 1328 1988 1360 virtutum
2008 1328 2079 1361 Do-

405 1383 536 1416 minum
563 1383 673 1427 ipsum
698 1382 922 1428 appellantes.
951 1383 1008 1420 Et,
1032 1389 1067 1416 tu
1094 1383 1208 1419 initio,
1230 1383 1395 1421 Domine,
1418 1388 1544 1416 terram
1564 1383 1713 1416 fundasti
1735 1384 1758 1416 ¹.
1784 1398 1799 1414 »
1821 1384 1873 1417 Sic
1891 1384 1992 1417 etiam
2012 1384 2078 1418 hoc

404 1439 480 1472 loco
506 1439 646 1484 quidam
674 1445 826 1473 testatur.
857 1438 952 1484 [Oui
975 1451 1099 1472 nomen
1125 1440 1232 1475 celat,
1261 1452 1370 1484 neque
1396 1439 1524 1473 diserte
1549 1440 1602 1472 ait
1628 1439 1812 1473 cuiusnam
1839 1439 2076 1473 testimonium

403 1496 470 1532 sie.
497 1498 558 1529 sed
583 1496 621 1529 id
646 1505 828 1542 tamquam
854 1505 973 1529 notum
999 1497 1318 1543 pervulgatumque
1342 1496 1452 1533 vitat,
1479 1497 1696 1530 demonstrat
1722 1510 1756 1530 se
1777 1506 1909 1543 putare
1935 1498 2078 1531 lectores

403 1554 594 1587 admodum
621 1566 690 1587 esse
712 1554 843 1600 peritos
869 1554 1167 1600 scripturarum.1
1196 1553 1306 1587 Verba
1335 1560 1447 1587 autem
1472 1569 1486 1584 «
1509 1554 1592 1598 quid
1619 1560 1668 1587 est
1695 1554 1800 1587 homo
1823 1569 1838 1585 »
1864 1560 1896 1587 et
1922 1554 2073 1599 reliqua,

402 1613 530 1645 etiarnsi
549 1612 591 1646 de
611 1613 784 1645 communi
805 1612 1015 1645 humanitate
1033 1611 1212 1649 dicuntur,
1232 1617 1379 1644 attamen
1400 1611 1622 1656 principalius
1641 1611 1776 1644 Christo
1795 1611 1983 1644 secundum
2003 1622 2075 1644 car-

402 1681 478 1702 nem
506 1670 720 1703 convenient.
749 1670 903 1713 Namque
930 1668 985 1702 illa
1010 1682 1024 1699 «
1047 1669 1161 1702 omnia
1188 1667 1359 1701 subiecisti
1386 1667 1450 1700 sub
1477 1667 1623 1712 pedibus
1648 1669 1720 1700 eius
1748 1668 1756 1677 '
1782 1682 1796 1698 »
1823 1668 1936 1712 ipsum
1962 1668 2076 1714 potius

401 1732 555 1771 spectant
581 1738 684 1771 quam
705 1738 778 1759 nos.
808 1727 912 1759 Filius
935 1727 1024 1759 enim
1045 1726 1104 1759 Dei
1125 1736 1187 1758 nos
1205 1726 1264 1770 qui
1291 1725 1375 1758 nihil
1395 1736 1530 1758 eramus
1556 1725 1721 1763 visitavit,
1744 1731 1968 1769 naturamque
1995 1736 2075 1758 nos-

401 1789 486 1816 tram
515 1783 694 1816 adsumens
720 1783 852 1828 sibique
877 1783 1061 1828 copulans,
1083 1782 1244 1816 omnibus
1269 1782 1507 1815 sublimiorem
1533 1793 1568 1814 se
1595 1781 1684 1814 fecit.

1039 1848 1165 1870 Honore
1181 1849 1336 1870 coronasti
1353 1854 1433 1870 eum.

496 1899 678 1932 Coronavit
701 1905 814 1932 autem
840 1910 903 1932 nos
927 1897 1035 1943 gloria
1055 1905 1085 1931 et
1107 1898 1259 1935 honore;
1279 1903 1448 1942 quatenus
1467 1908 1574 1942 quum
1594 1897 1666 1942 ipse
1685 1897 1726 1929 sit
1746 1896 1944 1929 naturaliter
1963 1896 2071 1934 Deus,

401 1961 542 2002 propter
569 1967 631 1989 nos
656 1967 690 1988 se
716 1956 909 1993 imminuit,
939 1962 975 1988 ut
1001 1966 1064 1988 nos
1090 1966 1193 2000 supra
1221 1960 1373 1988 nostram
1400 1961 1558 1987 naturam
1585 1954 1708 1986 divites
1738 1952 1897 1986 fieremus
1921 1953 1957 1985 in
1982 1953 2070 1997 ipso.

404 2028 419 2044 «
449 2014 567 2047 Secum
593 2013 684 2046 enim
707 2024 769 2045 nos
794 2013 1026 2050 resuscitant,
1056 2012 1201 2056 fecitque
1231 2012 1265 2044 in
1295 2009 1496 2044 caelestibus
1523 2010 1707 2044 consedere
1738 2022 1815 2043 cum
1839 2009 1972 2043 Christo
2000 2009 2023 2042 '.
2053 2024 2068 2040 n

400 2072 532 2105 Etenim
550 2083 590 2104 eo
610 2070 830 2107 consedente,
853 2070 895 2103 ad
921 2071 1114 2103 universam
1136 2069 1284 2103 hominis
1302 2075 1460 2102 naturam
1479 2068 1641 2113 gaudium
1661 2068 1825 2101 dimanat.
1853 2067 1990 2112 Quippe
2007 2078 2071 2101 nos

400 2129 465 2162 hoc
486 2128 592 2162 modo
611 2139 651 2161 ex
677 2129 782 2172 ipsius
801 2133 1000 2172 paupertate
1025 2126 1147 2160 divites
1166 2127 1352 2164 evasimus,
1375 2137 1393 2159 a
1419 2124 1545 2170 quibus
1568 2126 1639 2170 ipse
1657 2125 1804 2158 xicissim
1829 2124 1937 2169 gloria
1956 2130 1988 2157 et
2007 2124 2072 2158 ho-

399 2197 483 2219 nore
508 2192 708 2221 coronatur,
730 2196 936 2229 quamquam
958 2184 1088 2229 gloriae
1115 2185 1155 2217 sit
1181 2183 1343 2217 dominus
1366 2190 1466 2229 atque
1485 2184 1588 2216 Deus.
1617 2184 1700 2215 Nam
1720 2183 1778 2226 qui
1797 2181 2010 2215 dehonestati
2029 2193 2070 2214 ex

399 2243 519 2276 Adami
539 2243 805 2287 transgressione
832 2242 975 2280 fuimus,
998 2248 1140 2287 propter
1168 2241 1338 2274 Christum
1366 2252 1429 2286 pro
1455 2239 1555 2274 nobis
1581 2238 1799 2273 obedientem
1828 2238 1972 2277 factum,
1994 2238 2071 2283 glo·-

400 2300 485 2333 riam
511 2310 626 2333 sumus
653 2299 839 2332 consecuti.

811 2362 893 2388 Quia
912 2363 1001 2388 pueri
1019 2363 1323 2385 communicaverunt
1341 2363 1429 2385 carni
1447 2363 1477 2384 et
1494 2361 1654 2388 sanguini.

493 2414 556 2447 Sed
583 2414 673 2447 enim
700 2414 727 2446 is
752 2413 809 2457 qui
836 2411 992 2445 similiter
1017 2413 1230 2457 participaxit
1258 2410 1436 2444 nobiscum
1463 2411 1617 2455 sanguini
1637 2416 1669 2443 et
1689 2410 1799 2447 carni,
1821 2409 1978 2443 credetur
1997 2408 2070 2442 for-

401 2478 484 2505 tasse
511 2472 656 2505 alienam
675 2482 693 2504 a
712 2476 826 2503 nostra
853 2474 1010 2502 naturam
1036 2468 1175 2501 habere.
1204 2469 1321 2512 Neque
1340 2468 1431 2500 enim
1450 2467 1619 2512 quispiam
1646 2467 1773 2500 diceret
1792 2477 1981 2511 congruere
2004 2464 2070 2499 ho-

399 2530 481 2562 mini
508 2529 751 2562 humanitatem
774 2527 989 2573 participare.
1019 2527 1105 2559 Nam
1124 2525 1218 2570 quod
1238 2525 1438 2558 naturaliter
1456 2526 1532 2569 quis
1551 2524 1671 2563 habet,
1692 2523 1871 2569 quomodo
1891 2521 2068 2568 putabitur

400 2586 593 2625 adsumere,
613 2598 676 2620 ceu
693 2586 720 2619 si
738 2585 888 2619 alienum
906 2583 949 2617 ab
968 2595 1009 2616 eo
1027 2581 1136 2616 esset?
1155 2582 1243 2622 Quid
1261 2593 1344 2626 ergo
1361 2588 1411 2615 est
1434 2596 1448 2612 (ι
1470 2582 1626 2615 similiter
1643 2581 1858 2627 participavit
1875 2579 2027 2613 eisdem?
2046 2592 2063 2609 »

401 2643 462 2674 nisi
488 2643 573 2676 illud
600 2643 720 2688 plane,
741 2641 836 2688 quod
862 2641 968 2675 homo
994 2641 1043 2673 uti
1070 2652 1132 2673 nos
1158 2639 1265 2672 factus
1290 2646 1340 2673 est
1366 2651 1442 2672 cum
1464 2640 1627 2684 sanguine
1653 2645 1685 2672 et
1712 2650 1832 2676 carne,
1854 2647 1998 2682 corpore
2022 2633 2066 2667 de

399 2705 511 2731 sancta
536 2700 666 2744 xirgine
684 2705 842 2744 sumpto,
863 2697 956 2731 haud
976 2697 1142 2735 exanimi,
1165 2703 1201 2730 ut
1226 2695 1432 2741 quibusdam
1452 2696 1629 2729 haereticis
1648 2696 1758 2729 visum
1785 2701 1853 2733 est,
1875 2693 1934 2727 sed
1953 2692 2063 2725 anima

400 2755 555 2788 rationali
581 2758 741 2791 animato.
769 2757 880 2801 Atque
906 2756 951 2789 ita
976 2754 1143 2800 processit
1167 2753 1274 2787 homo
1299 2765 1339 2786 ex
1365 2753 1530 2791 muliere,
1557 2752 1648 2786 haud
1674 2753 1832 2786 desinens
1857 2760 1928 2784 esse
1952 2748 2062 2785 Deus,

401 2812 458 2845 sed
485 2813 518 2845 in
544 2814 651 2847 carnis
669 2815 769 2848 etiam
789 2813 1026 2859 adsumptione
1051 2812 1143 2846 idern
1168 2812 1226 2856 qui
1253 2817 1325 2844 erat
1351 2822 1566 2856 permanens.
1595 2811 1680 2850 Quia
1705 2820 1787 2843 vero
1814 2808 1895 2841 haec
1915 2805 1980 2839 alta
1999 2804 2063 2838 do-
