2205 3177
435 204 499 237 1ἱὶ
938 211 966 231 S.
994 208 1120 231 cvrum]
1147 208 1368 231 ALEXANDlttxt
1394 208 1599 231 EerAsATm

430 276 582 311 emicedi.
606 274 683 308 Alio
702 273 842 307 demum
861 284 960 305 sensu
973 298 980 307 .
1003 273 1099 318 copia
1119 271 1279 305 bonitatis
1299 273 1356 305 Dei
1377 270 1613 305 absconditam
1632 270 1733 305 habet
1755 272 1953 310 utilitatem:
1969 279 1999 307 et
2020 285 2101 307 non-

431 334 514 367 ‹lum
533 335 575 377 gl}
593 332 670 364 satis
689 330 780 363 clarc
799 329 952 364 xidetur,
969 329 1028 362 scd
1048 336 1190 362 ventura
1211 329 1342 363 saecula
1362 334 1533 374 expectat,
1552 334 1585 361 ut
1602 335 1675 361 tum
1689 328 1835 373 denique
1850 329 2098 364 manifestetur.

549 397 736 420 Benedictus
753 395 917 421 nonninus,
934 395 1081 421 quoniam
1097 394 1275 417 mirificavit
1293 394 1538 416 miseriem-utam
1554 400 1640 416 sumn
1658 395 1692 416 in
1709 395 1835 417 civitate
1851 396 1983 418 munim.

524 448 625 480 Suam
652 445 695 479 ad
722 446 829 478 Deum
856 455 991 490 precem
1020 443 1112 477 bono
1139 444 1303 477 conclusit
1333 444 1417 479 line.
1441 445 1548 477 llcum
1569 442 1826 481 benedicendo,
1847 445 1904 489 qui
1932 444 2019 478 bene
2039 446 2103 490 ipsi

429 506 564 538 fecerat.
595 504 656 536 Per
675 514 730 536 me.
748 503 858 537 euim.
880 502 989 546 inquit
1003 527 1010 538 .
1032 502 1122 535 Deus
1141 500 1250 546 gloria
1270 507 1317 534 est
1339 507 1475 539 auctum
1496 501 1575 545 quia
1598 501 1785 533 innumeris
1811 507 1928 534 contra
1948 513 2003 535 me
2022 513 2104 535 con-

426 560 645 606 surgentibus
672 559 789 596 bottis,
811 570 1022 604 magnaeque
1040 560 1146 591 instar
1167 557 1261 591 urbis
1286 559 1435 591 animam
1455 569 1566 591 meam
1586 569 1781 603 expugnare
1801 558 2022 595 conantibus,
2044 559 2106 592 ‹le-

427 619 542 652 fensor
567 629 664 651 meus
682 623 780 663 septo
800 628 852 649 me
872 616 1105 651 circumdans.
1127 617 1248 648 miram
1276 615 1453 648 ostendisti
1474 614 1745 648 misericordiam
1765 621 1877 653 tuam;
1899 615 1989 649 haud
2009 627 2105 650 secus

428 687 480 709 me
511 685 718 708 conservans
748 685 852 719 quam
881 673 996 707 valido
1022 684 1124 706 muro
1150 672 1316 705 munitam
1347 672 1529 705 cixitatem.
1559 672 1616 705 vel
1645 673 1760 717 potius
1785 672 1929 706 civitatis
1954 673 2105 707 munitae

426 733 566 766 nomine
593 731 702 765 filium
729 742 829 763 suum
856 731 945 764 Deus
970 729 1110 763 denotat
1128 755 1135 765 .
1163 729 1221 773 qui
1250 727 1429 762 abscondit
1455 736 1588 763 sanctos
1614 740 1652 763 ac
1677 728 1782 762 veluti
1809 729 1920 775 operit
1945 728 2105 764 taberna-

426 790 522 825 culo.
544 795 637 823 extra
665 788 846 821 homiuum
867 787 1052 821 tumultum
1072 793 1104 819 ct
1124 786 1321 831 linguarum
1345 785 1663 820 contradictionem.
1686 786 1747 819 vel
1767 786 1869 820 etiam
1889 785 2030 821 sortasse
2048 797 2104 820 ec-

425 847 562 881 clesiam
589 858 686 880 suam
707 845 857 891 appellat
878 851 1074 878 sauctorum
1094 844 1283 880 cixitatem.
1306 844 1446 877 Satanae.
1464 843 1765 889 inexpugnabilem
1785 849 1817 877 et
1838 855 2025 889 numquam
2051 855 2104 878 ca—

426 904 606 950 piendam,
629 915 811 948 magnum,
839 908 969 939 tutum,
992 907 1023 934 et
1051 901 1351 946 inexpugnabilem
1379 912 1529 934 murum.
1559 902 1644 934 Nam
1671 908 1791 946 portae
1816 901 1915 935 inseri
1941 901 2105 936 adversus

424 973 499 995 eam
526 973 594 995 nou
622 960 833 1007 praexaleut.
862 960 1105 992 Verumtamen
1132 958 1365 991 misericordia
1385 957 1477 991 haud
1497 963 1590 991 extra
1616 964 1767 992 sanctam
1792 959 1962 993 civitatem
1980 958 2101 998 datur,

423 1019 483 1053 sed
510 1021 598 1053 intra
625 1030 698 1052 eam
727 1016 945 1051 manentibus
965 1017 1032 1062 (2):
1054 1017 1183 1062 quippe
1208 1017 1286 1061 quia
1313 1017 1347 1049 iu
1373 1016 1445 1061 ipsa
1471 1015 1601 1049 dictum
1620 1022 1669 1049 est
1688 1016 1783 1049 illam
1806 1016 1994 1050 mirificari.
2021 1017 2104 1051 Erat

424 1088 502 1110 sane
523 1077 651 1109 munita
672 1076 779 1108 muris
799 1075 934 1111 cixitas.
950 1073 1200 1120 imperturbata
1216 1072 1353 1106 Daxidis
1373 1073 1503 1111 anima;
1518 1072 1577 1106 sed
1596 1073 1688 1107 enim
1706 1073 1984 1119 impassibilitatis
2000 1085 2103 1108 muro

423 1134 614 1168 destructo.
634 1133 761 1166 inimici
781 1133 854 1165 cius
873 1143 951 1165 cum
967 1130 1133 1165 Bersabea
1154 1130 1196 1164 ad
1210 1130 1375 1164 Dax'idem
1396 1136 1631 1176 penetrarunt.
1651 1131 1752 1164 Cuius
1771 1131 1820 1164 rei
1838 1142 1937 1165 causa
1954 1132 1989 1165 in
2007 1131 2103 1177 quin-

421 1191 622 1237 quagesimo
649 1190 783 1236 psalmo
809 1195 885 1223 orat
911 1190 1098 1223 Dominum
1125 1194 1161 1221 ut
1188 1186 1411 1221 aedificentur
1436 1188 1526 1220 muri
1552 1187 1768 1221 Hierusalem
1788 1187 1848 1233 (3).

1062 1284 1291 1322 PSALMUS
1319 1285 1463 1321 XXXI.

668 1371 813 1394 Psalmus
831 1371 945 1393 Davitli
963 1370 1208 1399 intelligentiae.
1224 1369 1316 1392 Beati
1333 1375 1466 1396 quorum
1483 1369 1611 1392 remissa
1627 1371 1701 1392 sunt
1718 1370 1857 1396 peccata!

516 1421 631 1454 Multis
656 1422 726 1454 suis
751 1420 1029 1454 commemoratis
1054 1418 1163 1452 David
1190 1419 1378 1457 aerumnis,
1400 1429 1484 1463 quas
1510 1418 1736 1464 paenitentiae
1761 1424 1917 1464 tempore
1941 1418 2099 1465 pertulit,

421 1479 539 1513 beatos
565 1478 646 1512 dicit
666 1490 725 1512 eos
744 1479 803 1523 qui
825 1476 953 1523 absque
973 1477 1043 1511 ulla
1062 1477 1241 1510 vexatione
1266 1476 1402 1509 veniam
1428 1476 1656 1521 impetrarunt
1674 1486 1737 1521 per
1760 1477 2026 1522 regenerationis
2050 1476 2105 1511 la-

422 1549 561 1571 xacrum
582 1537 642 1582 (i).
666 1536 914 1581 intelligentiae
942 1542 1055 1569 autem
1082 1534 1279 1568 inscribitur
1305 1534 1475 1579 psalmus,
1497 1535 1575 1579 quia
1602 1534 1665 1568 hac
1692 1536 1838 1568 maxime
1864 1534 2018 1580 indigent
2036 1535 2104 1570 ho-

421 1596 546 1633 mines,
568 1595 626 1640 qui
654 1606 730 1628 cum
758 1595 825 1627 sint
851 1593 952 1627 valde
971 1593 1013 1625 ad
1033 1593 1206 1638 passiones
1229 1592 1398 1628 inclinati,
1423 1592 1518 1636 equis
1543 1598 1576 1625 et
1602 1592 1704 1625 mulis
1723 1592 1894 1627 assimilati
1914 1599 2004 1626 sunt.
2032 1593 2100 1627 Aut

421 1653 461 1687 ad
482 1652 809 1697 iiitelligentiam'(5)
826 1652 1003 1687 hortatur,
1025 1651 1104 1695 quia
1123 1650 1230 1683 multa
1251 1649 1401 1695 psalmus
1421 1648 1524 1683 habet
1542 1649 1737 1689 recondita,
1756 1648 1857 1695 atque.
1876 1649 2102 1696 intelligentia

422 1721 510 1756 opus
536 1715 585 1742 est
611 1709 748 1754 legenti.

812 1774 928 1797 nemus
946 1774 994 1796 vii·
1010 1774 1060 1796 cui
1078 1773 1230 1796 Dominus
1246 1774 1405 1799 peceatum
1422 1778 1483 1794 non
1501 1773 1714 1800 imputaverit.

516 1825 626 1857 Tertia
652 1830 701 1857 est
728 1824 810 1857 haec
837 1824 1050 1869 peccantium
1077 1822 1209 1861 classis,
1230 1833 1380 1867 quorum
1408 1828 1501 1855 actus
1527 1833 1596 1855 non
1622 1828 1671 1855 est
1696 1821 1896 1861 laudabilis,
1918 1822 1977 1856 sed
2003 1833 2100 1857 mens

421 1881 606 1926 inculpata.
635 1882 767 1914 Primus
794 1892 876 1925 ergo
903 1880 1110 1917 versiculus,
1139 1885 1303 1924 congruet
1330 1879 1448 1923 utique
1473 1879 1513 1913 iis
1538 1879 1596 1924 qui
1624 1891 1685 1925 per
1710 1885 1865 1913 sanctum
1890 1878 2099 1925 baptismum

421 1938 629 1972 reconciliati
657 1938 770 1975 suere;
792 1949 940 1983 namque
959 1937 1083 1971 horum
1104 1937 1244 1970 remissa
1263 1942 1338 1969 suut
1361 1942 1509 1981 peccata.
1538 1936 1714 1970 Secundus
1732 1942 1846 1970 autem
1864 1936 1923 1975 iis,
1943 1937 2003 1982 qui
2023 1948 2101 1982 pae-

419 1996 526 2029 nitere
553 1996 692 2033 volunt;
714 2007 862 2040 namque
881 1995 1007 2029 horum
1027 1995 1231 2040 operiuntur
1257 1994 1377 2039 culpae
1397 2005 1414 2027 a
1435 1994 1656 2038 paenitentia,
1681 2005 1766 2039 quas
1791 1994 1897 2028 veluti
1922 1993 2098 2028 oblivione

419 2053 535 2087 obruit
562 2054 731 2099 benignus
751 2054 860 2090 Deus,
886 2054 929 2088 ita
949 2059 984 2086 ut
1006 2052 1090 2085 nolit
1119 2051 1247 2085 (liutius
1273 2063 1329 2085 eas
1355 2052 1493 2084 intueri.
1521 2053 1607 2085 Nam
1633 2051 1852 2097 peccantibus
1877 2057 1954 2097 post
1979 2051 2099 2085 remis-

419 2112 568 2149 sionem.
592 2122 809 2156 nequaquam
830 2111 972 2143 alteram
992 2110 1245 2147 remissionem,
1268 2109 1325 2142 sed
1346 2109 1562 2154 opertionem
1583 2116 1800 2154 peccatorum
1818 2108 1968 2143 exhibet.
1989 2110 2100 2143 Poste·

418 2168 568 2202 rioribus
587 2169 679 2202 euim
699 2167 798 2201 bonis
817 2167 965 2204 actibus,
987 2168 1123 2213 operire
1142 2167 1279 2212 praevia
1299 2173 1435 2212 peccata
1454 2166 1609 2202 concedit
1630 2166 1689 2212 (6).
1711 2167 1842 2200 Tertius
1860 2166 2000 2200 demum
2018 2177 2098 2201 xer-

420 2225 546 2259 siculus
573 2226 729 2271 congruit
757 2225 978 2270 peccantibus
1003 2224 1164 2270 quidem,
1186 2224 1246 2257 sed
1273 2223 1400 2269 absque
1427 2224 1596 2257 malitiosa
1622 2235 1796 2269 pravaque
1821 2224 2010 2258 voluntate.

724 2290 771 2313 Tu
789 2298 820 2313 es
838 2292 997 2321 refugium
1013 2297 1114 2313 meum
1130 2298 1148 2313 a
1167 2290 1374 2313 tribulatione
1390 2296 1470 2316 quae
1488 2290 1721 2317 comprehendit
1737 2297 1795 2313 me.

513 2340 620 2374 Valde
645 2342 787 2374 interest
817 2352 886 2373 non
918 2352 1128 2385 magnopere
1154 2339 1218 2373 sibi
1244 2339 1439 2375 confidere,
1467 2339 1527 2373 sed
1553 2351 1634 2373 eum
1659 2351 1843 2384 agnoscere
1872 2339 2008 2385 potius,
2036 2340 2096 2385 qui

515 2431 549 2460 fl]
570 2427 636 2455 Cod.
659 2428 741 2455 habet
760 2429 840 2459 03⁷2,
859 2429 915 2460 st‘c,-
934 2427 981 2453 sed
1001 2426 1143 2453 videbatur
1161 2425 1364 2453 emendandum
1385 2428 1465 2458 οὔπω,
1485 2426 1618 2453 nondum.

514 2476 549 2504 (2)
570 2473 716 2507 Egregium
735 2472 831 2508 Cyriui
853 2471 1040 2499 testimonium
1060 2471 1093 2498 de
1112 2471 1272 2497 necessitate
1292 2471 1493 2497 communionis
1513 2479 1575 2497 cum
1595 2470 1708 2498 eeclesia
1729 2470 1878 2504 catholiea,
1893 2478 1946 2505 qua
1965 2477 2048 2505 super
2064 2477 2094 2498 re

419 2517 475 2543 noti
495 2521 560 2543 sunt
578 2516 696 2547 mandes
714 2516 902 2551 verissimique
917 2516 944 2542 S.
961 2515 1122 2551 Hieronymi
1144 2514 1250 2542 sonitus
1267 2515 1296 2541 in
1310 2514 1421 2549 epistola
1442 2514 1475 2541 ad
1494 2516 1652 2543 Damasum.
1668 2515 1857 2550 Opportunius
1876 2519 1967 2542 autem
1982 2513 2011 2541 id
2025 2515 2094 2541 seri-

418 2560 458 2586 bit
477 2560 656 2587 Alexandriae
676 2560 811 2596 cyrillus,
832 2568 885 2595 qua
905 2560 935 2586 in
953 2559 1021 2586 urbe
1040 2559 1127 2585 variae
1147 2557 1341 2593 grassabantur
1361 2558 1492 2585 haereses.
1513 2560 1603 2593 Atque
1622 2559 1659 2585 ita
1678 2558 1743 2586 facit
1761 2559 1842 2585 etiam
1861 2558 1889 2585 S.
1909 2557 2093 2592 sophronius,

418 2612 431 2629 a
453 2603 530 2631 nobis
551 2604 655 2637 editus,
677 2605 704 2630 in
726 2612 774 2631 sua
796 2603 973 2631 alexandrina
994 2602 1183 2630 lucubratione
1203 2601 1236 2628 de
1255 2602 1394 2630 miraculis
1413 2602 1459 2628 SS.
1480 2602 1543 2638 Cyri
1563 2606 1589 2629 et
1608 2602 1752 2636 Iohannis,
1768 2602 1797 2630 id
1815 2606 1856 2630 est
1874 2602 1968 2631 mirac.
1991 2604 2032 2629 12.
2048 2604 2091 2630 36.

420 2651 461 2674 37.
483 2653 524 2675 38.
547 2652 589 2676 39.

517 2698 547 2724 13,
571 2694 763 2721 Animadverte
783 2701 893 2721 sensnm
914 2693 1061 2728 pulchrum
1082 2692 1278 2726 anagogicum,
1294 2699 1374 2726 quem
1389 2692 1507 2727 (tyrillus
1522 2696 1625 2727 repetet
1643 2692 1712 2719 infra
1732 2700 1782 2719 suo
1801 2692 1875 2724 loco;
1891 2692 1958 2727 quin
1976 2698 2045 2726 opus
2058 2691 2093 2718 sit

418 2736 548 2770 suspicari
569 2737 616 2763 illo
635 2737 695 2763 loeo
714 2737 747 2764 de
767 2737 935 2772 temporibus
955 2736 1119 2771 captivitatis
1137 2735 1330 2771 babylonicae,
1351 2735 1423 2769 quod
1441 2736 1569 2766 nonnulli
1589 2735 1703 2763 faciunt.

516 2784 547 2811 (43
573 2781 737 2808 Athanasius
756 2790 863 2816 quoque
877 2782 938 2808 aliis
950 2781 1037 2807 verbis
1057 2780 1225 2807 demonstrat
1238 2787 1266 2806 se
1280 2779 1308 2805 in
1328 2779 1378 2806 hoc
1398 2780 1554 2814 psalmistae
1568 2780 1627 2807 loco
1641 2787 1788 2815 agnoscere
1806 2779 1934 2815 baptismi
1952 2778 2090 2806 virtutem.

514 2827 547 2855 (5,
570 2823 639 2850 Aliis
659 2824 766 2851 videtur
781 2825 912 2859 psalmas
932 2827 980 2859 qui
999 2825 1051 2851 (lat
1071 2823 1301 2858 intelliqente'mn,
1320 2822 1349 2849 id
1369 2827 1408 2850 est
1427 2822 1618 2851 didascalieus.

518 2870 546 2898 [G.
570 2868 667 2894 Recole
689 2868 795 2903 Eulogii
816 2868 1001 2903 fragmentum
1021 2867 1094 2903 apud
1111 2875 1163 2894 nos
1182 2875 1208 2902 p.
1229 2874 1269 2901 gr.
1293 2869 1350 2893 104.
1371 2866 1435 2894 adn.
1455 2869 1481 2893 2.
