2205 3177
640 150 672 171 IN
698 148 880 171 EPISTOLAM
906 148 948 170 AD
975 147 1127 170 ROMANOS
1153 148 1225 170 CAP.
1255 148 1377 170 Vl-vll.
1817 139 1853 171 ll

162 218 197 250 in
223 214 358 248 Christo
380 212 496 246 nullos
522 211 643 246 habuit
666 219 781 246 motus
803 212 855 245 lex
883 211 1031 257 peccati,
1052 211 1132 255 quia
1153 211 1330 245 humanati
1351 210 1456 246 Verbi
1477 212 1604 245 virtute
1626 218 1660 245 et
1682 223 1788 257 opera
1814 224 1860 246 se-

163 271 328 314 dabatum
350 270 593 308 nihilominus,
610 272 635 304 si
657 271 768 304 carnis
787 276 908 302 natura
926 279 989 313 per
1007 279 1041 301 se
1058 269 1130 313 ipsa
1149 269 1407 309 consideretur,
1428 282 1467 304 ea
1486 269 1540 303 vel
1562 270 1595 303 in
1613 269 1748 303 Christo
1767 269 1859 304 haud

163 328 226 362 alia
249 339 353 373 quam
381 328 416 360 in
441 327 542 361 nobis
567 328 813 374 comperietur.
843 325 1003 359 Crucifixi
1029 326 1144 371 itaque
1171 337 1250 368 cum
1272 338 1314 360 eo
1338 327 1484 365 fuimus,
1511 339 1582 372 quo
1607 333 1762 372 tempore
1780 338 1861 361 caro

159 385 233 419 elus
261 384 423 419 crucifixa
452 385 537 421 fuit,
566 398 655 431 quae
680 385 876 418 universam
903 382 1168 428 quodammodo
1197 384 1231 416 in
1262 396 1296 417 se
1324 390 1486 417 naturam
1514 384 1734 419 continebat:
1763 386 1861 419 sicuti

160 443 262 476 etiam
282 444 317 476 in
341 443 493 481 Adamo‚
514 455 585 489 quo
612 449 767 487 tempore
787 442 814 473 is
839 440 1118 480 maledictionem
1141 440 1305 479 incurrit,
1332 447 1453 475 natura
1472 443 1629 475 universa
1654 442 1862 476 maledictio-

160 501 212 534 nis
230 500 395 545 morbum
414 501 597 535 contraxit.
619 501 671 533 Sic.
690 499 781 533 enim
800 504 831 531 et
854 499 1111 531 consurrexisse
1131 510 1193 531 nos
1212 509 1291 530 cum
1310 498 1447 532 Christo
1466 499 1630 537 dicimus,
1652 506 1684 533 et
1706 500 1740 532 in
1760 499 1862 533 caelis

160 550 352 592 considere.
382 560 521 593 Etiamsi
548 559 639 591 enim
658 557 789 591 excedit
815 562 971 589 nostram
991 556 1228 589 conditionem
1250 550 1340 589 Deus
1369 557 1588 595 Emmanuel,
1611 564 1759 591 attamen
1782 558 1861 602 quia

160 623 315 650 versatus
340 623 389 650 est
417 617 509 663 apud
537 628 616 653 nos,
646 621 822 659 tamquam
848 625 889 647 ex
916 613 1018 648 nobis
1041 626 1147 651 unus,
1180 619 1298 658 postea
1327 614 1515 647 resurrexit
1540 621 1573 647 et
1601 615 1756 648 considet
1783 627 1862 649 cum

159 675 232 708 Deo
255 682 364 720 patre.
386 675 494 720 Igitur
517 673 617 707 simul
639 671 822 706 crucifixus
843 678 892 705 est.
912 677 1010 705 vetus
1029 671 1153 705 homo:
1177 671 1290 704 soluta
1310 677 1359 704 est
1382 671 1474 704 enim
1494 683 1555 716 per
1574 674 1863 706 resurrectionem

162 733 294 777 priscae
320 733 412 765 illius
437 731 689 765 maledictionis
715 722 784 768 vis,
813 730 1100 774 destructumque
1127 728 1188 762 fuit
1218 740 1345 774 corpus
1373 730 1501 774 peccati
1518 755 1525 767 ,
1555 741 1624 763 non
1652 736 1765 763 tamen
1790 732 1863 776 ipsa

161 801 260 829 caro,
282 790 341 824 sed
360 790 539 834 congenita
557 788 607 822 illi
631 787 847 834 perturbatio
864 799 933 821 uun
962 788 1122 826 saexitia‚
1150 798 1238 832 quae
1262 798 1399 832 semper
1422 793 1573 820 mentem
1597 787 1639 819 ad
1665 789 1776 833 turpia
1800 789 1862 821 im-

162 848 277 893 pellit,
303 859 452 881 coenoso
471 846 579 880 veluti
602 846 687 880 linio
709 847 855 879 terrenis
876 844 1115 891 voluptatibus
1139 845 1324 878 inretitam.
1347 845 1448 885 Quod
1469 851 1584 878 autem
1608 851 1640 878 et
1662 844 1728 878 hoc
1752 846 1863 890 ipsum

161 906 195 938 in
218 905 367 945 humana
390 910 513 937 natura
532 915 594 949 per
615 904 790 937 Christum
811 909 1007 939 correctum
1032 903 1152 939 fuerit,
1172 903 1250 947 quis
1271 901 1467 936 dubitabit?
1487 901 1623 935 dicente
1643 902 1757 947 palam
1779 904 1862 936 Pau-

161 963 214 996 lo:
242 961 337 1007 quod
357 968 429 995 erat
453 963 488 995 in
510 962 583 1007 lege
610 961 842 1007 impossibile,
864 967 896 995 et
917 962 1028 995 carnis
1048 973 1148 995 causa
1175 960 1372 999 infirmum,
1402 961 1492 994 Deus
1519 960 1629 994 tilium
1653 972 1753 994 suum
1781 961 1863 993 mit-

161 1027 235 1053 tens
255 1021 288 1053 in
310 1019 573 1054 similitudinem
599 1021 712 1053 carnis
740 1021 886 1066 peccati,
915 1026 947 1053 et
976 1019 1023 1053 ob
1050 1025 1249 1065 peccatum,
1276 1019 1452 1052 damnavit
1478 1019 1512 1051 in
1540 1030 1641 1052 carne
1668 1025 1860 1064 peccatum.

160 1076 269 1110 Viden
297 1078 401 1123 igitur
428 1077 608 1122 quomodo
633 1079 760 1123 peccati
788 1089 914 1123 corpus
934 1077 1148 1110 destructum
1169 1076 1293 1110 fuerit?
1321 1078 1509 1109 Damnatus
1527 1082 1577 1109 est
1596 1077 1687 1110 enim
1705 1077 1740 1109 iu
1761 1087 1863 1110 carne

160 1134 319 1167 stimulus
341 1135 487 1180 peccati:
505 1141 537 1168 et
558 1141 737 1180 peccatum
756 1134 896 1179 quidem
919 1135 1032 1180 primo
1051 1135 1087 1167 in
1106 1134 1242 1167 Christo
1261 1132 1510 1167 mortificatum
1530 1133 1610 1172 fuit,
1632 1145 1713 1167 mox
1734 1133 1776 1167 ab
1796 1134 1863 1168 hoc

161 1197 192 1225 et
217 1203 281 1237 per
307 1192 398 1226 hunc
422 1193 457 1226 in
481 1204 545 1227 nos
569 1194 677 1238 gratia
702 1193 912 1238 pertransiit.

537 1257 588 1280 An
606 1259 778 1286 ignoratis,
796 1259 930 1280 fratres}
947 1257 1127 1280 §cientibus
1143 1258 1227 1279 enim
1242 1257 1345 1286 legem
1362 1256 1484 1284 loquor.

260 1309 404 1341 Prorsus
430 1309 464 1341 in
491 1307 627 1342 lubrico
653 1309 781 1341 versari
808 1308 1041 1345 demonstrat,
1071 1308 1097 1339 si
1123 1308 1199 1352 quis
1223 1306 1288 1340 sub
1315 1307 1390 1352 lege
1415 1318 1556 1341 manere
1579 1309 1718 1353 satagit:
1748 1308 1864 1341 horta-

162 1370 290 1410 turque
317 1371 353 1398 ut
379 1372 449 1399 tota
475 1366 593 1410 potius
616 1368 733 1398 mente
756 1365 902 1410 gratiam
927 1376 988 1409 per
1012 1363 1118 1398 fidem
1143 1371 1363 1410 exoptemus,
1392 1365 1428 1398 id
1450 1371 1500 1399 est
1524 1367 1559 1399 in
1583 1366 1719 1399 Christo
1744 1365 1863 1400 iustifi-

161 1423 351 1460 cationem,
372 1425 513 1467 quicum
534 1433 612 1455 esse
632 1421 854 1467 consepultos
876 1432 935 1455 eos
957 1423 1017 1466 qui
1040 1422 1201 1467 baptizati
1225 1429 1304 1456 sunt
1330 1422 1532 1462 confirmat;
1554 1430 1590 1457 ut
1611 1430 1751 1469 peccato
1770 1435 1863 1457 mor-

161 1479 227 1516 tui,
251 1479 324 1512 Deo
347 1479 463 1512 vivant
487 1479 523 1512 in
549 1480 689 1512 iustitia.
714 1480 827 1519 Quare
855 1485 889 1512 et
912 1480 1070 1524 superius
1097 1478 1225 1513 aiebat:
1252 1491 1323 1513 non
1342 1481 1460 1525 itaque
1480 1488 1601 1526 regnet
1625 1488 1803 1527 peccatum
1828 1482 1863 1515 in

160 1548 307 1582 corpore
323 1543 440 1570 vestro
458 1537 618 1577 mortali,
639 1538 686 1571 ita
703 1543 742 1571 ut
760 1538 862 1571 huius
881 1537 1128 1584 cupiditatibus
1145 1537 1404 1583 obsequamini;
1424 1550 1537 1585 neque
1555 1539 1745 1574 exhibeatis
1762 1551 1866 1574 mem-

1902 1088 1939 1108 Gr.
1955 1094 1977 1115 ρ.
1997 1091 2026 1109 14.

1898 1262 1954 1283 Cir.
1973 1262 2021 1283 Vll.
2040 1264 2047 1281 1

159 1593 221 1628 bra
248 1601 379 1634 vestra,
401 1606 497 1630 arma
516 1596 702 1630 iniustitiae
723 1602 881 1642 peccato:
903 1595 964 1629 sed
988 1595 1148 1630 exhibete
1170 1607 1231 1630 vos
1256 1597 1330 1631 Deo
1355 1603 1533 1643 tamquam
1552 1609 1571 1632 e
1592 1599 1741 1632 mortuis
1763 1610 1864 1632 revo—
1898 1618 1901 1620 -

159 1658 273 1692 catos,
293 1659 476 1699 vestraque
495 1653 653 1688 membra
676 1665 771 1688 arma
796 1654 942 1688 iustitiae
965 1654 1051 1688 Deo.
1081 1654 1217 1700 Quippe
1238 1655 1344 1688 vestri
1364 1655 1509 1689 ulterius
1530 1667 1601 1689 non
1625 1656 1865 1690 dominabitur

160 1717 358 1756 peccatum:
388 1723 459 1745 non
485 1712 577 1745 enim
597 1713 664 1745 iam
686 1712 750 1745 sub
774 1712 850 1758 lege
869 1713 970 1752 estis,
999 1712 1060 1746 sed
1082 1712 1148 1746 sub
1172 1714 1294 1759 gratia.
1323 1713 1456 1747 Videsis
1479 1714 1595 1759 itaque
1617 1714 1799 1759 quomodo
1821 1713 1864 1748 ab

161 1767 286 1803 umbra
307 1769 392 1815 legis
418 1770 596 1804 discedere
619 1769 734 1809 iubet,
764 1776 866 1815 atque
891 1770 934 1804 ad
959 1770 1084 1804 Christi
1105 1772 1221 1817 potius
1245 1772 1390 1817 gratiam
1415 1771 1674 1817 transmigrare.
1700 1772 1863 1805 Ceterum

162 1836 233 1859 non
256 1827 439 1871 ignorabat
465 1828 651 1873 inspiratus
672 1829 746 1865 wir,
775 1827 965 1862 nonnullos
990 1840 1132 1874 prorsus
1158 1829 1233 1863 fore
1252 1829 1425 1869 dicturos,
1454 1830 1525 1863 sive
1545 1841 1663 1863 secum
1686 1836 1863 1875 reputatu-

162 1894 237 1922 ros,
260 1883 355 1928 quod
378 1885 526 1919 maiores
547 1886 656 1919 nostri
677 1898 695 1920 a
715 1892 807 1920 recta
823 1887 878 1919 via
898 1887 1037 1932 vitaque
1058 1888 1279 1926 recesserint3
1300 1887 1388 1921 nihil
1411 1888 1502 1922 enim
1521 1899 1580 1922 eos
1602 1888 1688 1925 iuvit
1709 1889 1761 1921 lex
1775 1914 1782 1925 ,
1807 1900 1865 1922 va-

163 1950 276 1985 naque
302 1941 364 1975 suit
391 1941 571 1977 hebraicae
596 1945 685 1977 vitae
717 1944 890 1989 gloriatio.
919 1945 1054 1979 Etenim
1082 1946 1110 1978 si
1136 1944 1328 1979 absurdum
1357 1952 1408 1980 est
1433 1952 1554 1992 optare
1580 1947 1671 1980 vitae
1697 1946 1863 1993 sublege

163 1998 315 2044 agendae
333 2000 587 2037 conditionem.
611 2013 720 2047 quum
746 2008 861 2036 tamen
885 2002 969 2037 haec
990 2002 1095 2037 fuerit
1113 2004 1309 2049 priscorum
1331 2004 1472 2038 vivendi
1488 2005 1604 2042 ratio,
1626 2004 1710 2049 quid
1732 2006 1765 2037 ni
1784 2016 1864 2038 xere

163 2056 296 2090 dicetur
320 2069 379 2091 eos
401 2069 419 2092 a
441 2064 536 2092 recto
556 2060 701 2093 consilio
720 2059 902 2094 deviasse?
922 2061 1105 2095 Contendit
1124 2072 1209 2107 ergo
1229 2061 1408 2107 apostolus
1429 2062 1554 2096 Christi
1581 2062 1715 2096 adsecla
1728 2088 1735 2100 ‚
1758 2063 1864 2095 simu—

164 2113 279 2159 latque
305 2116 457 2161 egregie,
480 2116 573 2151 idem
597 2129 632 2152 se
658 2118 772 2152 dicere
797 2118 887 2153 velle
910 2119 1006 2164 quod
1025 2120 1048 2152 ii
1073 2120 1133 2165 qui
1154 2119 1219 2153 sub
1245 2120 1321 2166 lege
1340 2120 1490 2166 deguut;
1513 2121 1573 2154 sed
1596 2122 1642 2154 ita
1666 2132 1863 2154 sermonem

163 2178 295 2211 versat,
318 2179 356 2207 ut
379 2174 602 2209 iudicandum
625 2176 686 2215 sit,
708 2177 995 2223 quandoquidem
1021 2177 1064 2212 ad
1091 2176 1197 2212 fidem
1220 2185 1356 2224 tempus
1378 2179 1518 2219 invitat,
1541 2179 1635 2213 haud
1658 2179 1726 2212 iam
1745 2180 1780 2212 in
1805 2190 1862 2212 an-

163 2230 267 2275 tiquis
293 2230 415 2265 ritibus
437 2234 656 2278 pertinaciter
681 2246 753 2268 esse
779 2234 1003 2269 manendum.
1032 2231 1165 2270 Idcirco
1193 2237 1257 2270 ait:
1286 2247 1329 2270 an
1355 2237 1542 2281 ignoratis,
1565 2237 1704 2275 fratres,
1730 2237 1863 2270 scienti-

162 2286 228 2321 bus
252 2289 345 2322 enim
370 2289 482 2335 legem
508 2291 654 2337 loquor,
683 2293 779 2338 quod
807 2293 861 2327 lex
889 2294 1090 2327 dominatur
1115 2294 1249 2328 homini
1274 2294 1443 2340 quamdiu
1469 2295 1578 2329 vivit?
1601 2295 1659 2328 Est
1687 2296 1779 2327 enim
1807 2294 1864 2328 hic

163 2347 365 2381 universalis
386 2346 462 2381 finis
484 2359 562 2382 cum
581 2351 694 2384 omnis
713 2350 814 2397 legis,
837 2358 911 2385 tum
934 2363 1055 2386 eorum
1075 2353 1135 2398 qui
1159 2351 1224 2386 sub
1243 2352 1318 2398 lege
1340 2359 1432 2386 sunt.
1455 2354 1542 2386 Nam
1561 2352 1692 2386 cunctis
1716 2352 1775 2396 qui
1798 2350 1863 2385 sub

162 2416 283 2449 regum
303 2412 440 2451 sceptro
461 2405 610 2452 degunt,
630 2408 801 2443 definiunt
819 2409 912 2455 leges
935 2410 1020 2456 quid
1039 2410 1213 2456 agendum
1232 2411 1293 2448 sit.
1314 2411 1444 2456 quidve
1464 2422 1578 2444 secus:
1599 2409 1659 2443 sed
1683 2409 1775 2454 leges
1794 2410 1863 2442 vita

162 2462 313 2497 hominis
339 2463 504 2510 incolumi
526 2465 661 2510 vigent:
682 2477 764 2500 nam
781 2474 820 2501 ut
838 2458 1002 2514 quisque,
1023 2469 1083 2514 qui
1103 2467 1168 2502 sub
1188 2469 1264 2513 lege
1287 2475 1379 2507 erat,
1404 2467 1623 2513 corporalem
1642 2467 1748 2500 vitam
1766 2466 1862 2500 dese-

162 2521 223 2559 rit,
250 2532 315 2555 uua
338 2533 416 2555 cuni
435 2522 503 2555 vita
528 2522 643 2567 legum
662 2535 802 2570 quoque
821 2526 1007 2571 imperium
1027 2525 1156 2560 abiicit.
1185 2527 1307 2560 Statim
1326 2538 1364 2560 ac
1384 2527 1477 2559 enim
1499 2536 1639 2571 peccare
1658 2525 1860 2563 cessaverit,

162 2579 218 2613 lex
243 2590 383 2624 quoque
405 2591 487 2624 erga
512 2580 626 2625 ipsum
653 2592 745 2615 cassa
770 2583 906 2617 evadet.
927 2585 1014 2618 Vere
1040 2585 1156 2629 itaque
1182 2584 1315 2618 dictum
1341 2590 1409 2623 est,
1437 2583 1550 2628 legem
1574 2582 1706 2616 tamdiu
1728 2581 1860 2615 homini

160 2636 352 2675 dominari,
372 2637 539 2683 quamdiu
558 2638 612 2671 hic
632 2639 667 2672 in
687 2640 772 2673 xix-is
791 2648 961 2675 versatur.
982 2642 1164 2687 Ceteroqui
1183 2643 1324 2687 quinam
1344 2641 1386 2675 sit
1406 2641 1508 2674 huius
1526 2640 1695 2674 sermonis
1715 2651 1858 2686 scopus,

160 2694 349 2729 edisserere
367 2707 455 2746 opus
474 2701 536 2729 est.
560 2696 636 2730 Duo
655 2697 755 2730 simul
776 2699 912 2743 egregia
933 2699 1045 2734 affert.
1066 2701 1137 2734 Nos
1155 2700 1266 2735 enim,
1288 2700 1351 2737 ait,
1368 2699 1428 2743 qui
1446 2698 1583 2732 Christo
1602 2699 1637 2731 in
1655 2697 1861 2744 baptismate
1911 2720 1926 2732 ,,

161 2754 353 2800 consepulti
374 2754 518 2792 suimus,
540 2760 573 2788 et
594 2761 732 2800 peccato
752 2757 878 2789 mortui
891 2783 899 2796 ‚
920 2764 1015 2792 extra
1040 2759 1124 2803 legis
1150 2764 1357 2803 potestatem
1377 2757 1602 2796 excessimus,
1627 2757 1662 2790 in
1688 2756 1791 2790 aliam
1810 2757 1860 2790 vi-

162 2816 232 2845 tam
251 2810 502 2845 transformati:
525 2812 585 2857 qui
604 2824 688 2846 vero
706 2819 785 2847 ante
802 2813 926 2848 Christi
945 2814 1134 2849 adveutum
1155 2814 1312 2855 fuerunt,
1340 2813 1500 2848 nondum
1519 2815 1555 2848 in
1572 2814 1649 2861 ipso
1669 2813 1860 2861 spiritalem
