2205 3177
140 303 146 309 ³
160 300 177 320 ll
197 300 247 321 l'clr
266 300 284 320 ll
303 302 331 319 17.

139 873 146 879 “
160 872 213 891 Pro»
235 871 293 891 xxti
313 874 329 889 tr

264 991 282 1003 xi
301 988 330 1004 le».

278 2078 286 2090 ἲ
311 2076 331 2092 :iv

197 2100 233 2118 cr.
248 2105 270 2125 p.
288 2090 331 2119 ‘it-3.

145 2194 151 2200 ¹
167 2192 193 2212 P*
217 2192 288 2212 lell
313 2196 331 2211 ⁷.

281 2592 334 2609 SR.

145 2649 152 2656 ·
169 2646 235 2667 prov.
250 2646 279 2667 111
305 2649 334 2666 tt.

370 156 439 190 265
876 164 904 187 s.
933 163 1060 187 cmeLi
1087 164 1308 186 ,tu-:xaxnmxi
1337 164 1542 187 excannio

371 231 479 277 angeli
494 257 501 266 .
523 230 581 275 qui
607 229 806 274 dignitatem
832 240 927 261 suani
948 240 1017 261 non
1037 228 1271 265 retinuerunt.
1291 227 1418 273 quibus
1441 228 1552 273 caligo
1579 228 1799 264 tenebrarum
1820 231 1852 264 in
1874 237 2051 265 aeternum

372 295 540 323 reservata
560 293 606 319 cst
625 287 648 319 ‘.
666 287 794 319 Rursus
813 286 901 331 aspis
919 292 950 319 et
972 284 1165 323 basiliscus,
1184 297 1245 319 nec
1264 297 1334 319 non
1354 285 1409 319 leo
1428 286 1621 331 dracoquc,
1640 287 1782 332 intelligi
1800 295 1931 333 queunt
1950 290 2052 323 etiam

370 345 418 379 illi
445 346 502 389 qui
530 343 659 376 diaboli
687 341 922 376 voluntatibus
947 342 1091 387 obsequi
1118 343 1246 380 solent.
1269 343 1410 388 eiusque
1429 344 1689 389 perversitatem
1711 345 1904 383 imitantur,
1927 347 2050 382 amari.

369 402 526 437 violenti.
549 401 744 446 asperrimi.
767 407 798 433 ct
819 412 837 434 a
857 401 964 434 saevis
984 400 1094 434 beluis
1120 400 1211 434 baud
1238 401 1454 438 differentes.
1478 402 1689 447 serpentium
1715 414 1855 448 quoque
1879 415 2051 438 venenum

371 471 450 504 prae
476 470 511 491 sc
538 457 694 491 sci-entes.
724 458 763 490 Et
789 458 815 490 si
843 457 951 502 placet
970 484 977 494 ,
1006 465 1180 503 serpentes
1206 470 1244 492 ac
1271 457 1448 492 basiliscos
1473 459 1627 503 intellige
1652 459 1838 505 impiarum
1865 460 2050 495 haereseon

370 518 419 549 inx
429 521 575 549 entorcs.

921 580 1077 606 Quoniam
1093 581 1236 609 cognovit
1255 587 1365 603 nomen
1383 587 1496 604 meum.

463 630 625 670 Quisnam
652 641 735 663 vcro
761 635 827 667 cst,
849 630 907 674 qui
935 641 1060 664 nomen
1087 631 1159 663 cius
1183 630 1360 675 agnoscit?
1386 631 1519 676 Nempe
1545 632 1573 664 is
1597 632 1657 676 qui
1684 630 1783 664 illum
1808 630 1922 665 solum
1948 630 2050 669 colit,

367 687 480 721 solum
507 687 646 723 adorat.
668 686 872 731 nullumque
894 694 1028 732 practer
1046 688 1159 733 ipsum
1178 688 1289 720 Deum
1308 688 1424 721 novit:
1447 688 1507 732 qui
1534 699 1621 733 pura
1647 689 1855 722 conscientia
1875 687 1974 721 illum
1992 699 2052 722 ve-

367 751 524 780 neratur.
549 750 581 777 ct
600 744 694 777 omni
715 743 930 778 idololatriae
957 745 1098 777 crimine
1124 745 1255 778 alienus
1274 751 1341 778 cst:
1366 744 1425 790 qui
1452 744 1564 778 docile
1584 745 1634 778 illi
1653 746 1777 779 mentis
1796 745 1925 779 collum
1946 743 2053 778 subii-

366 803 427 835 cit:
450 802 507 846 qui
534 801 686 834 ciusdem
712 800 947 834 voluntatibus
973 800 1194 846 obsequitur:
1219 801 1274 835 liic
1300 801 1442 835 demum
1463 813 1588 835 nomen
1609 802 1681 835 eius
1701 802 1866 847 agnoscit.
1896 803 1967 835 lam
1990 812 2052 835 no-

369 870 447 892 mcn
475 870 552 892 cum
580 858 694 895 audis,
718 858 864 901 gloriam
891 859 1015 903 cogita.
1044 859 1215 904 Scriptum
1234 865 1284 892 est
1303 859 1396 892 enim
1417 859 1447 891 'z
1471 858 1594 892 melius
1619 865 1670 893 est
1695 858 1828 892 bonum
1848 870 1992 897 nomen,
2017 858 2052 892 id

369 923 417 951 cst
445 916 573 961 gloria.
596 927 700 961 quam
726 926 809 960 opes
835 915 976 949 multae.

900 980 1114 1011 Longitmliue
1131 981 1254 1005 ‹tien-um
1271 981 1398 1009 replebo
1415 981 1519 1005 illum.

463 1032 651 1071 Quemnam
678 1035 792 1064 autem
819 1030 1032 1076 repleturum
1052 1042 1087 1064 se
1107 1031 1254 1076 spondet
1272 1031 1408 1066 dierum
1427 1030 1666 1076 longitudine?
1692 1033 1916 1065 Revertamur
1935 1030 1978 1064 ad
1999 1037 2052 1065 to-

369 1089 435 1121 tius
454 1088 574 1133 psalmi
595 1088 741 1121 initium.
763 1088 819 1121 Ait
838 1087 903 1120 ibi:
925 1089 984 1133 qui
1004 1087 1133 1122 habitat
1152 1089 1186 1122 in
1206 1088 1378 1122 adiutorio
1396 1088 1579 1127 Altissimi‚
1600 1089 1635 1122 in
1655 1090 1869 1135 protectione
1887 1088 1948 1122 Dei
1968 1088 2051 1122 caeli

369 1145 652 1179 commorabitur.
682 1146 714 1177 Si
740 1146 816 1190 quis
843 1146 956 1190 itaque
982 1145 1046 1179 sub
1072 1146 1237 1179 Altissimi
1263 1146 1437 1191 praesidio
1463 1152 1531 1185 est,
1552 1152 1585 1180 et
1611 1147 1671 1180 Dei
1697 1146 1782 1181 caeli
1807 1145 1912 1180 tutela
1938 1151 2052 1192 prote·

368 1204 476 1247 gitur,
498 1203 552 1236 liic
578 1202 713 1236 dicrum
733 1202 955 1235 multitudine
974 1202 1228 1242 cumulabitur,
1250 1202 1450 1248 videbitque
1469 1203 1617 1237 salutare
1635 1204 1714 1243 Dei,
1734 1203 1770 1237 id
1795 1208 1846 1237 est
1871 1202 2015 1236 salutem
2034 1214 2052 1236 a

369 1261 503 1294 Christo
529 1261 702 1294 collatam.
732 1260 903 1293 Promittit
921 1271 1005 1305 ergo
1025 1260 1219 1294 amantibus
1237 1261 1351 1306 ipsum
1369 1260 1521 1294 futuram
1547 1266 1721 1294 aeternam
1745 1261 1871 1300 vitam,
1894 1258 2050 1298 beatam,

370 1318 707 1363 tranquillissimam,
729 1317 941 1351 incolumem
966 1323 1000 1351 et
1025 1316 1069 1351 ad
1095 1317 1229 1353 infinita
1254 1318 1389 1352 saecuta
1415 1317 1689 1364 producendam.

464 1406 635 1440 Dilrimas
660 1419 699 1453 p.
730 1407 799 1440 >222
816 1432 823 1445 ‚
852 1415 1027 1452 quantum
1055 1406 1185 1453 Cyrillo
1211 1406 1287 1440 iure
1312 1406 1445 1453 optimo
1474 1417 1695 1441 accessuram
1721 1405 1767 1439 sit
1793 1418 1840 1439 ex
1864 1405 2055 1452 anonymis

369 1464 468 1511 apud
487 1464 690 1498 sordet-ium
707 1463 949 1510 fragmentis,
973 1472 1006 1496 et
1031 1476 1078 1496 ezr
1105 1463 1149 1497 iis
1175 1463 1300 1509 qulbus
1322 1464 1415 1497 idem
1442 1463 1627 1498 Corderius
1653 1463 1810 1497 alienam
1835 1475 1961 1497 nomen
1987 1462 2056 1496 im-

365 1522 500 1569 posuit,
523 1534 545 1556 a
570 1522 708 1568 psalmo
728 1522 805 1555 XCI
809 1546 816 1555 .
839 1521 890 1554 ad
905 1522 1025 1555 XCVI.
1054 1521 1143 1555 Heio
1161 1533 1245 1568 ergo
1263 1521 1406 1555 nonnisi
1425 1533 1517 1567 quae
1533 1529 1614 1555 sunt
1633 1532 1722 1554 nova
1743 1520 1843 1567 apud
1866 1532 1928 1554 nos
1939 1519 2054 1567 frag-

368 1588 505 1616 menta,
529 1579 640 1613 latine
666 1578 1024 1626 repraesentabimus.

865 1671 918 1694 Ps.
936 1671 1020 1694 xcl.
1038 1671 1196 1699 Insipiens
1212 1678 1274 1695 non
1292 1660 1454 1702 intelliget
1470 1672 1557 1695 haec·

465 1723 564 1757 Haud
591 1723 690 1757 facile
715 1722 877 1757 omnibus
896 1723 1015 1757 datum
1036 1729 1103 1762 est,
1127 1729 1197 1756 tam
1216 1722 1432 1768 profundum
1450 1734 1489 1756 ac
1507 1728 1762 1756 sacrosanctum
1780 1721 1904 1756 Christi
1926 1725 2055 1766 myste-

370 1782 459 1815 rium
486 1792 584 1826 posse
610 1792 839 1826 cognoscere:
864 1780 924 1814 sed
950 1782 989 1814 iis
1016 1781 1130 1826 potius
1155 1780 1282 1825 quibus
1307 1781 1380 1826 ipse
1408 1786 1505 1825 pater
1530 1779 1746 1814 revelaverit.

712 1846 861 1869 Plantati
878 1847 912 1868 in
930 1846 1018 1869 domo
1035 1845 1180 1873 Domini,
1195 1847 1229 1868 in
1246 1846 1340 1868 atriis
1356 1845 1415 1868 Dei
1433 1845 1533 1868 nostri
1549 1845 1715 1868 florebunt.

465 1895 614 1928 Domum
640 1895 778 1929 Domini
797 1901 830 1928 et
849 1896 951 1934 atria,
970 1901 1102 1929 sanctas
1128 1895 1286 1928 ccclesias
1305 1906 1377 1928 esse
1397 1895 1462 1933 ait,
1484 1895 1519 1928 in
1545 1893 1672 1939 quibus
1698 1892 1841 1938 plantati
1868 1904 1930 1938 per
1948 1890 2053 1925 fidem

372 1952 521 1986 fructum
541 1952 702 1985 adferunt
721 1953 755 1985 in
775 1953 948 1997 patientia.
978 1952 1120 1986 Florent
1139 1953 1302 1985 nimirum
1321 1953 1355 1985 in
1375 1952 1444 1985 suis
1462 1951 1588 1996 singuli
1608 1951 1771 1985 ecclesiis.
1799 1951 1887 1984 Nam
1904 1950 1965 1983 Dei
1991 1948 2054 1983 do-

372 2021 465 2043 mum
492 2011 680 2055 generatim
706 2011 840 2044 vocavit
865 2010 1025 2043 diffusam
1052 2022 1114 2055 per
1140 2010 1339 2043 universum
1365 2009 1488 2043 orbem
1512 2009 1704 2043 ecclesiam.

842 2075 895 2098 1²⁵.
912 2075 1015 2098 xcu.
1031 2075 1242 2098 Elevaverunt
1258 2076 1389 2098 flumina
1406 2081 1490 2098 voces
1506 2081 1588 2097 suas.

466 2126 626 2170 Magnum
651 2125 735 2170 quid
761 2132 794 2159 et
822 2126 1026 2159 immensum
1053 2132 1251 2159 sanctorum
1277 2136 1392 2159 sermo
1418 2126 1551 2163 sonuit,
1579 2130 1612 2158 et
1638 2123 1680 2157 ad
1707 2124 1902 2157 universam
1928 2129 2054 2156 terram

371 2181 507 2215 devenit
527 2194 631 2216 sonus
650 2184 821 2227 ipsorum,
844 2184 940 2216 sicuti
961 2184 1129 2229 scriptum
1155 2189 1205 2216 est
1226 2183 1235 2192 ⁶
1249 2208 1256 2221 ,
1279 2189 1313 2217 et
1336 2194 1444 2228 usque
1469 2182 1512 2216 ad
1539 2181 1660 2216 mundi
1680 2182 1846 2215 terminos
1864 2179 1969 2215 verba
1995 2191 2056 2214 eo-

371 2251 461 2273 rum.
490 2241 574 2273 Nam
603 2239 743 2273 flumina
763 2240 829 2274 boc
849 2240 926 2274 loco
946 2241 1137 2286 appellatos
1163 2241 1310 2274 dicimus
1336 2246 1472 2274 sanctos
1491 2239 1686 2286 apostolos,
1706 2250 1856 2285 quorum
1875 2249 1997 2276 voces,
2018 2237 2054 2270 id

370 2302 422 2329 cst
447 2298 659 2341 magisteria,
684 2296 812 2342 ubique
838 2298 1077 2331 innotuerunt.

942 2362 971 2386 Δ
989 2364 1113 2386 vocibus
1128 2370 1283 2390 aquarum
1299 2363 1484 2386 multarum.

467 2411 556 2443 Sicut
585 2412 693 2449 enim,
716 2412 845 2456 inquit,
870 2423 909 2445 ex
937 2411 1124 2445 multarum
1151 2424 1318 2458 aquarum
1337 2424 1396 2445 seu
1420 2412 1588 2445 fluctuum
1614 2411 1894 2456 consurgentium
1920 2409 2052 2446 sonitu,

373 2469 479 2500 mirus
505 2468 620 2513 fragor
646 2469 831 2507 attollitur,
856 2470 902 2502 sic
922 2475 972 2503 est
991 2470 1144 2514 gentium
1169 2469 1288 2503 laudes
1313 2481 1424 2503 sacras
1448 2470 1645 2503 canentium
1670 2469 1850 2514 strepitus,
1869 2477 1958 2512 quae
1977 2467 2055 2500 uni—

375 2524 542 2557 versalem
569 2532 779 2559 servatorem
804 2526 977 2560 Christum
1004 2526 1190 2560 celebrant.

822 2592 876 2614 Ps.
891 2591 1013 2615 xcln.
1031 2592 1211 2621 Intelligiu!
1229 2592 1413 2619 insipientes
1430 2592 1464 2614 in
1482 2591 1607 2619 populo.

470 2638 642 2673 Correctio
658 2640 723 2674 hoc
737 2641 814 2674 loco
829 2642 1099 2687 increpationem
1114 2641 1454 2687 indignationemque
1471 2640 1652 2687 significat.
1671 2641 1727 2675 Ait
1740 2641 1832 2674 enim
1845 2639 2007 2674 Salomon
2024 2640 2052 2671 ':

375 2691 423 2725 fili
449 2695 512 2728 mi.
536 2706 578 2729 ne
603 2703 802 2730 contemnas
820 2698 1036 2744 disciplinam
1055 2699 1214 2737 Domini,
1234 2710 1297 2732 nec
1322 2698 1462 2732 deficias
1480 2710 1559 2732 curn
1583 2698 1627 2732 ab
1645 2709 1688 2732 eo
1707 2697 1915 2743 corripieris.
1944 2696 2053 2736 Quem

374 2750 465 2783 enim
485 2750 593 2796 diligit
613 2754 701 2786 Deus
725 2755 886 2800 corripit,
910 2761 944 2788 et
961 2754 1152 2801 quemlibet
1171 2754 1234 2789 sibi
1254 2761 1431 2801 acceptum
1451 2754 1562 2789 filium
1581 2755 1744 2801 flagellat.
1772 2756 1865 2801 Ergo
1883 2754 1960 2788 heic
1977 2763 2055 2787 cor-

375 2807 482 2840 rectio
507 2810 762 2855 castigationem
787 2811 939 2846 denotat.
969 2831 992 2838 -
1016 2813 1091 2847 Vox
1116 2818 1258 2847 naturae
1282 2818 1348 2852 est,
1371 2823 1561 2858 numquam
1587 2813 1757 2847 minorem
1783 2824 1856 2847 esse.
1881 2816 2054 2846 creantem
