2205 3177
418 150 487 183 296

412 214 525 242 Thai-sis
537 213 823 249 crediturAethiopiae
833 215 968 250 quaedam
979 224 1040 251 pars
1054 225 1078 252 p.
1090 220 1150 244 211.
1160 221 1220 246 252.

411 260 519 286 'l'hecon
540 265 638 284 nomen
652 259 792 293 proprium
813 260 876 291 riri,
890 268 945 287 non
964 261 1082 296 patrium
1099 262 1221 290 tlieconi-

463 308 500 329 tes
519 310 544 336 p.
560 305 608 333 04,
628 302 651 328 si
670 309 736 330 sana
756 303 837 330 lectio
856 308 906 330 est.

410 346 527 373 Theseus
548 344 603 372 lilio
623 345 789 380 imprecatur
806 351 833 374 et
852 355 946 375 necem
966 347 1061 381 insert,
1075 354 1220 378 accusante

459 396 572 415 noverca
593 397 617 424 p.
640 393 682 416 37.

407 431 541 459 Theodori
555 434 740 467 mopsuesteni
751 433 948 469 fragmentum,
957 436 1030 471 quod
1042 444 1056 463 a
1067 437 1168 473 Cyrillo
1179 445 1219 465 re-

456 475 637 511 prehenditur
655 485 681 511 p.
700 481 758 505 186.
773 477 840 505 Vide
853 478 919 506 adu.
937 484 964 506 et
976 488 1016 515 gr.
1029 488 1055 515 p.
1071 483 1132 508 290.
1149 482 1216 509 Item

455 519 531 546 aliud
544 519 666 547 eiusdem
680 520 864 556 fragmentum
878 531 904 558 p.
917 526 977 550 297.
990 523 1120 552 Eiusdem
1133 533 1215 559 argu-

455 568 546 592 menta
566 565 734 599 psalmorum
754 567 886 594 XXXIV.
905 572 932 595 et
945 568 1014 595 LlV.
1031 577 1056 603 p.
1074 572 1134 596 282.
1151 572 1211 597 283.

402 606 508 635 Timere
522 608 626 636 dictum
639 609 776 637 interdum
790 618 838 645 pro
849 610 988 644 admirari,
998 616 1106 646 stupere
1114 620 1140 648 p.
1153 616 1211 640 151.

400 653 518 679 Timoris
537 653 642 680 servilis
660 653 764 681 utilitas
784 663 810 690 p.
833 658 892 683 164.

399 697 493 724 Timor
512 697 579 731 legis
597 698 744 731 mosaicae,
757 699 877 732 servilis;
893 699 976 726 timor
989 698 1105 733 Christi,
1120 704 1211 728 castus

451 749 478 775 p.
501 744 560 768 122.

398 785 555 812 Torcularia
573 787 602 813 in
622 786 734 821 psalmis
753 787 884 814 dicuntur
902 794 949 822 pro
967 787 1089 815 ecclesiis
1107 788 1148 815 vel
1168 788 1209 816 al-

450 829 554 857 taribus
575 838 600 865 p.
619 834 677 858 105.

395 873 514 901 Trinitas
527 873 617 901 divina
633 874 781 901 Abrahami
801 874 912 902 nomine
931 875 1083 910 significata
1103 883 1129 910 p.
1145 879 1206 904 285.

395 918 538 946 Trinitatis
558 918 664 945 divinae
685 922 711 945 et
729 918 812 945 simul
837 919 952 946 unitatis
978 919 1113 946 indicium
1140 920 1208 947 dant

445 963 524 990 verba
540 963 585 995 (in
599 970 637 997 ps.
649 963 715 988 Lxx
728 963 748 988 l.
762 965 807 994 8.)
822 963 970 990 benedicat
980 972 1029 991 nos
1044 967 1118 991 Dens
1133 967 1206 992 Deus

444 1009 551 1039 noster,
568 1006 714 1033 benedicat
732 1014 782 1032 nos
800 1009 874 1033 Deus
893 1014 919 1041 p.
934 1010 995 1034 239.

393 1049 586 1084 Tropologicus
605 1056 702 1076 sensus
720 1057 746 1084 p.
763 1052 824 1076 255.

391 1095 522 1121 Turtures
547 1093 676 1121 dicuntur
702 1094 773 1121 sacri
798 1094 922 1122 doctores
948 1096 1012 1130 quia
1037 1096 1202 1124 vocalissimi

444 1145 469 1171 p.
490 1140 552 1164 260.

784 1206 806 1230 v

390 1269 550 1297 valentinus
563 1269 675 1305 angelos
688 1270 871 1307 homogeneos
883 1272 991 1301 Christo
1005 1272 1146 1309 dicebatp.
1157 1277 1200 1302 70.

1130 163 1227 186 lxm-:x
1252 163 1377 187 RERUM.

1276 221 1396 249 Verbum
1416 228 1478 250 caro
1497 222 1600 252 sactum
1615 233 1670 253 non
1689 235 1737 262 per
1751 234 1951 263 conversionem
1971 241 2022 265 aut.
2037 239 2086 267 im-

1329 265 1508 293 mutationem
1528 275 1554 303 p.
1574 272 1616 296 73.

1275 308 1390 341 Vigiliae
1409 313 1558 339 nocturnae
1576 317 1736 342 sanctorum
1754 324 1780 351 p.
1797 321 1857 348 101.
1872 324 1931 350 160.

1273 351 1372 387 ’Virgae
1391 353 1531 389 multiplex
1543 363 1647 385 ,seusus
1665 367 1691 393 p.
1714 363 1756 387 71.

1273 396 1356 431 Virgo
1375 397 1493 429 Ssow'xog
1514 408 1539 435 p.
1558 403 1619 428 230.

1271 440 1348 467 Vitae
1367 442 1532 471 christianae
1551 443 1697 481 descriptio
1717 455 1743 483 p.
1766 451 1830 483 1523
1852 453 2004 484 mundanae
2020 461 2079 486 180.

1244 487 1245 490 ’
1270 484 1364 512 Vivere
1382 485 1486 514 dictum
1506 488 1655 524 aliquando
1674 499 1722 526 pro
1741 493 1843 522 viribus
1862 496 1964 530 pollere
1977 507 2002 534 p.
2018 505 2076 529 177.

1269 528 1380 556 Vocatio
1399 531 1522 564 gentium
1541 533 1576 560 ad
1595 535 1772 569 evangelium
1792 545 1818 572 p.
1838 541 1882 566 22.
1904 543 1946 568 30.

1268 571 1401 600 Voluntas
1420 575 1470 602 Dei
1488 576 1559 604 vitae
1577 581 1685 605 nostrae
1703 587 1812 608 summa
1831 583 1925 619 regula
1945 593 1971 620 p.
1993 589 2053 614 278.

1266 614 1428 643 voluntates
1447 617 1517 646 duae
1534 620 1563 647 in
1583 621 1691 649 Christo
1711 631 1737 658 p.
1758 627 1819 651 248.
2038 630 2047 635 '

1266 658 1420 694 Voluptatis
1432 660 1575 692 detestatio
1586 673 1613 700 p.
1630 669 1671 693 12.
1689 670 1729 694 16.
1744 671 1786 696 38.
1802 672 1846 696 62.
1861 673 1904 697 68.
1918 674 1962 699 84.
1976 675 2019 700 90.
2032 676 2075 701 91.

1317 705 1591 735 95.100.102.108.
1614 712 1672 737 117.
1692 714 1750 738 142.
1774 716 1910 742 151.153.
1933 718 1991 744 160.
2016 720 2075 745 165.

1319 748 1527 776 170.174.175.
1542 753 1602 779 231.
1619 756 1678 780 237.
1695 758 1755 782 240.
1771 759 1832 783 267.
1847 759 1908 785 280.

1262 789 1370 818 Unicus
1389 798 1439 826 pro
1457 791 1558 821 dilecto
1578 802 1604 830 p.
1624 800 1681 824 157.

1655 863 1683 889 X

1262 922 1417 958 Ξενίζεσὲαι
1429 923 1501 951 verbi
1512 924 1611 961 duplex
1622 934 1720 955 sensus
1729 932 1834 959 mirari
1841 936 1868 959 et
1875 935 2069 969 pereyrinari.

1319 967 1438 1003 Cyrillus
1451 977 1477 1004 p.
1491 972 1552 997 237.
1567 974 1594 998 et
1608 975 1684 998 vetus
1699 972 1763 1000 itala
1776 973 1824 1001 lat.
1837 981 1991 1012 sequuntur
2003 979 2073 1013 prio-

1318 1018 1376 1038 rem
1395 1018 1506 1039 sensum
1526 1014 1555 1040 in
1574 1015 1654 1049 epist.
1675 1016 1696 1041 I.
1718 1016 1790 1043 Petri
1809 1017 1854 1044 IV.
1875 1022 1917 1046 12.

1255 1054 1419 1082 Xenocratis
1438 1054 1624 1091 fragmentum
1640 1066 1671 1085 ex
1685 1059 1744 1086 eius
1757 1059 1899 1095 deperdito
1915 1062 1984 1090 libro
1997 1064 2069 1091 λιθο-

1316 1100 1416 1135 Ύνώμων
1437 1107 1462 1134 p.
1483 1108 1524 1135 gr.
1545 1105 1606 1128 433.
1628 1102 1656 1129 ln
1675 1102 1740 1130 adn.

1652 1192 1672 1217 Z

1254 1275 1335 1303 Zelus
1353 1275 1404 1303 Dei
1422 1276 1576 1305 cuiusmodi
1596 1278 1632 1305 sit
1649 1287 1676 1314 p.
1696 1282 1757 1307 272.

1079 1549 1371 1576 EMENDATIONES.

460 1666 490 1692 P.
505 1674 544 1702 gr.
562 1670 602 1694 19.
617 1674 641 1693 v.
655 1670 680 1694 2.
697 1665 762 1694 addi
776 1671 864 1702 potest
878 1667 958 1695 initio
972 1668 1046 1703 ἅγιος
1060 1669 1073 1695 ὁ
1088 1669 1178 1703 νόμος,
1192 1670 1219 1694 et
1232 1675 1256 1693 v.
1271 1670 1297 1694 6.
1312 1667 1378 1694 item
1392 1667 1474 1695 initio
1488 1666 1553 1702 ἁγία
1567 1668 1583 1695 η’
1597 1668 1694 1697 ἐντολή.
1711 1668 1815 1696 Ibidem
1829 1671 1899 1698 adde
1910 1673 1926 1700 η’
1938 1677 2001 1701 ante.
2013 1686 2058 1705 εις.

382 1709 450 1737 lbid.
472 1718 495 1737 V.
519 1715 560 1738 10.
582 1711 669 1739 scribe
689 1713 731 1739 τόν
752 1719 800 1745 pro
820 1713 857 1738 τό.
877 1712 907 1738 P.
924 1715 967 1739 21.
988 1720 1012 1738 v.
1026 1715 1051 1739 6.
1073 1720 1087 1739 a
1107 1712 1155 1739 fin.
1176 1720 1247 1739 corr.
1267 1712 1344 1746 αὐτῷ.
1365 1713 1395 1739 Ρ.
1413 1714 1457 1739 51.
1477 1711 1622 1738 omittatur
1640 1711 1703 1738 adn.
1724 1713 1754 1738 P.
1769 1716 1813 1740 88.
1833 1721 1857 1741 v.
1877 1717 1904 1741 8.
1921 1715 1970 1752 οὐχ
1989 1725 2058 1745 corr.

380 1756 429 1790 οὐχ
445 1756 476 1786 ὥς
497 1757 530 1781 ἐν.
551 1756 585 1781 Et
603 1764 626 1781 v.
640 1759 684 1783 22.
700 1756 770 1784 adde
789 1757 846 1791 θεῷ.
868 1758 899 1784 Ρ.
913 1760 956 1785 96.
978 1765 1001 1784 v.
1019 1761 1043 1784 7.
1058 1765 1127 1784 corr.
1148 1758 1203 1790 ἔξω.
1224 1757 1254 1783 Ρ.
1274 1759 1332 1783 102.
1352 1765 1376 1782 v.
1393 1760 1418 1784 8.
1435 1764 1504 1783 corr.
1526 1756 1633 1791 ἐνεργόν.
1654 1757 1684 1782 P.
1704 1759 1761 1783 139.
1781 1757 1834 1784 col.
1851 1761 1876 1785 2.
1892 1767 1916 1786 ν.
1928 1763 1972 1787 20.
1987 1768 2058 1789 corr.

380 1802 473 1826 wjm.
494 1802 524 1827 P.
542 1804 600 1828 143.
622 1809 645 1828 v.
660 1805 686 1828 2.
703 1810 771 1830 corr.
793 1805 921 1839 κρεῖσσον.
942 1802 987 1829 Sic.
1005 1802 1079 1829 enim
1098 1805 1140 1829 est
1157 1802 1187 1828 in
1206 1800 1266 1828 cod.
1286 1808 1378 1828 veron.
1398 1800 1443 1827 Sic
1462 1800 1544 1828 hahet
1563 1804 1651 1827 textus
1669 1800 1788 1828 biblicus
1806 1806 1876 1835 vat.,
1896 1807 1923 1830 et
1941 1804 2060 1840 Cyrillus

379 1845 436 1880 ipse
455 1846 484 1872 in
504 1845 612 1873 exordio
631 1845 693 1873 libri
714 1847 734 1872 1.
756 1851 851 1874 contra
869 1847 1036 1874 Nestorium.
1056 1846 1086 1872 P.
1104 1848 1164 1873 143.
1184 1853 1209 1871 v.
1224 1848 1265 1871 10.
1286 1845 1398 1872 Mallem
1417 1845 1564 1872 retinuisse
1583 1847 1712 1876 δύνανται,
1731 1845 1805 1881 quod
1823 1845 1931 1874 videtur
1949 1855 1980 1874 ex
1998 1848 2058 1875 dia-

378 1889 448 1917 lecto
467 1889 662 1923 alexandrina3
682 1898 801 1925 namque
820 1894 847 1917 et
864 1891 894 1917 in
917 1890 1011 1918 codice
1033 1889 1133 1917 celebri
1157 1893 1209 1917 vat.
1230 1889 1329 1916 Matth.
1349 1890 1452 1916 XXVI.
1473 1893 1516 1917 53.
1538 1890 1668 1918 scribitur
1691 1892 1793 1926 δύνομαι
1813 1898 1828 1918 a
1849 1891 1937 1925 prima
1960 1900 2055 1919 manu.

377 1935 406 1960 P.
423 1936 482 1960 181.
498 1942 522 1960 v.
540 1938 582 1962 18.
597 1942 666 1962 corr.
681 1936 766 1961 κόπον.
786 1935 816 1961 Ρ.
833 1938 892 1962 183.
912 1943 937 1961 v.
950 1938 976 1962 4.
992 1935 1109 1963 τοιαύτη.
1131 1934 1160 1961 Ρ.
1175 1937 1236 1961 205.
1258 1942 1282 1961 ν.
1297 1936 1340 1961 20.
1355 1936 1510 1970 παραχώρει.
1531 1942 1555 1960 v.
1570 1936 1621 1962 ult.
1636 1936 1756 1971 ιίφοὶγτου.
1776 1935 1807 1962 P.
1820 1938 1882 1962 214.
1896 1943 1920 1962 V.
1933 1938 1960 1962 4.
1975 1937 2054 1967 ἔλεος.

375 1986 399 2004 v.
413 1982 439 2005 4.
454 1986 469 2005 a
488 1979 536 2005 fin.
551 1979 686 2012 δέξασθαι.
701 1980 731 2006 P.
746 1984 808 2008 234.
822 1989 846 2008 v.
860 1983 886 2008 9.
902 1980 1012 2016 ἕτοιμον.
1034 1980 1064 2006 Ρ.
1077 1983 1138 2007 2-16.
1155 1987 1178 2006 v.
1192 1983 1235 2007 20.
1250 1981 1367 2010 κόλπους.
1388 1980 1418 2006 Ρ.
1434 1983 1495 2007 254.
1508 1988 1532 2006 v.
1547 1983 1572 2007 5.
1588 1988 1602 2007 a
1622 1980 1670 2007 fin.
1685 1980 1850 2011 κολοκύνθης.
1866 1980 1897 2007 Ρ.
1910 1983 1971 2008 256.
1987 1989 2011 2007 v.
2026 1984 2052 2008 2.

377 2031 391 2049 a
411 2023 458 2051 fin.
479 2026 662 2060 πεπαρῴνηκεν.
683 2026 713 2052 Ρ.
735 2029 795 2053 323.
816 2033 840 2051 v.
861 2024 912 2053 ult.
932 2026 1077 2061 ἠγάπησεν.
1099 2024 1176 2051 Alias
1194 2031 1307 2059 graecae
1329 2025 1414 2059 partis
1437 2023 1642 2052 emendationes
1667 2024 1781 2052 fecimus
1802 2024 1833 2051 in
1851 2024 1935 2060 partis
1954 2025 2056 2052 latinae

376 2069 546 2103 marginibus
565 2070 605 2097 vel
625 2070 859 2098 adnotationibus.

437 2113 502 2146 Pag.
519 2113 567 2140 lat.
583 2117 627 2141 93.
644 2122 667 2140 ν.
684 2117 726 2141 13.
744 2115 850 2149 corrige
868 2113 909 2141 ad
925 2114 1079 2141 Hebraeos.
1099 2114 1130 2140 Ρ.
1148 2116 1207 2140 101.
1228 2111 1442 2140 Substituendus
1461 2116 1502 2139 est
1520 2112 1671 2139 versiculus
1690 2112 1758 2147 psal.
1773 2113 1820 2139 vl.
1843 2115 1884 2139 10.
1905 2112 2057 2139 eoeaudivit

376 2158 511 2184 Dominus
523 2158 752 2193 deprecationem
767 2167 869 2186 meam.
885 2160 931 2187 Sic
943 2159 1024 2186 etiam
1038 2159 1066 2185 in
1079 2161 1155 2193 parte
1167 2164 1272 2192 graeca.
1293 2157 1323 2183 P.
1339 2159 1398 2183 115.
1411 2164 1435 2183 v.
1450 2160 1475 2183 5.
1490 2164 1505 2184 a
1520 2157 1566 2183 lin.
1581 2164 1651 2183 corr.
1666 2156 1829 2183 verisimile.
1845 2157 1875 2183 P.
1892 2159 1951 2183 140.
1965 2156 2053 2183 Omit-

376 2204 449 2227 tatur
467 2201 531 2228 adn.
551 2205 577 2229 6.
597 2203 628 2231 Β.
650 2205 709 2230 151.
730 2203 880 2231 Omittatur
898 2203 962 2231 adn.
988 2207 1009 2229 1.
1032 2203 1062 2229 Ρ.
1086 2205 1144 2229 157.
1166 2200 1232 2228 adn.
1254 2204 1277 2227 1.
1298 2208 1343 2235 qr.
1364 2201 1469 2235 corrige
1489 2200 1540 2227 lat.
1562 2201 1592 2227 P.
1613 2204 1673 2227 210.
1694 2209 1718 2227 v.
1739 2203 1764 2227 3.
1786 2207 1856 2227 corr.
1877 2200 2050 2234 oradicntcs.

375 2246 403 2271 P.
425 2247 485 2272 255.
506 2254 530 2273 v.
548 2250 589 2274 11.
611 2255 680 2274 corr.
697 2255 793 2282 penes.
815 2249 846 2275 P.
861 2251 922 2275 280,
944 2247 1008 2275 adn.
1023 2251 1047 2275 3.
1064 2248 1101 2278 εἷς
1118 2247 1245 2277 ὑπακοήν,
1264 2245 1323 2273 sine
1341 2245 1425 2272 dubio
1444 2244 1583 2279 intellige,
1600 2248 1632 2271 ut
1650 2243 1719 2278 dixi,
1738 2245 1768 2270 in
1787 2244 1947 2277 auditorio,
1960 2244 2002 2271 vel
2020 2245 2050 2270 in

374 2291 519 2323 concione,
539 2299 586 2318 seu
603 2294 746 2327 paneqyri
763 2291 798 2319 ad
817 2291 993 2319 honorandos
1013 2295 1155 2327 martyres.
1805 2331 1811 2336 ¹
1905 2332 1910 2337 Ι
2055 2331 2066 2339 l

454 2333 622 2362 Admonitio.
643 2336 756 2371 Longus
774 2336 872 2371 psalmi
888 2337 936 2362 111.
952 2335 1083 2370 prologus
1101 2335 1191 2362 editus
1205 2342 1220 2362 a
1234 2331 1421 2362 Fleckmanno
1441 2331 1512 2359 inter
1526 2339 1574 2359 sua
1593 2332 1788 2366 athanasiana,
1803 2339 1833 2358 in
1851 2330 1944 2359 codice
1956 2334 2048 2358 nostro

374 2379 406 2403 Α.
423 2378 442 2404 f.
461 2382 503 2405 15.
516 2379 679 2408 adscribitur
696 2381 823 2416 utrique,
843 2380 995 2409 Athanasio
1013 2380 1117 2408 scilicet
1136 2383 1164 2408 et
1181 2378 1300 2415 Cyri1103
1320 2377 1394 2414 quod
1413 2377 1545 2405 nimirum
1564 2377 1701 2412 significat
1719 2376 1813 2404 eadem
1832 2383 1890 2404 esse
1909 2375 1987 2404 verba
2006 2373 2048 2402 vel

374 2422 537 2450 sententiam
555 2424 698 2460 utriusque
716 2425 811 2460 patris.
