2205 3177
705 296 737 318 lN
764 295 916 318 PSALMUM
942 295 997 317 xL.
1027 296 1065 317 ET
1092 295 1159 317 xm.
1708 280 1772 313 189

95 375 178 398 vero
205 362 473 408 singillatimque
499 361 621 395 Christi
648 361 804 393 inimicos
830 358 1021 403 intelligere
1047 365 1185 403 oportet
1212 356 1408 403 pontifices,
1430 355 1577 393 scribas,
1599 362 1632 389 et
1659 354 1773 400 phari-

95 432 210 459 saeos,
234 421 292 465 qui
320 419 439 453 ludam
466 418 623 452 mercede
649 422 891 461 corruperunt.

623 483 811 505 Benedictus
828 482 971 503 nonninus
989 480 1072 503 Deus
1089 480 1249 502 {srahelis-

189 537 287 569 Nunc
312 546 452 580 quoque
480 533 649 580 psalmum
676 531 849 565 concludit
876 531 1063 575 gratiarum
1090 531 1240 567 actione,
1261 540 1346 574 quas
1373 540 1437 574 pro
1463 528 1623 562 omnibus
1646 535 1678 562 et
1697 540 1773 562 om—

93 593 190 626 nium
217 593 356 626 nominc
384 593 454 625 Deo
481 590 569 636 patri
594 588 708 623 offert.
737 589 866 633 Dignus
892 599 947 625 es,
976 587 1104 632 inquit,
1133 587 1190 630 qui
1219 592 1395 631 aeteruum
1422 585 1656 623 benedicaris;
1686 585 1775 619 sacto

94 662 185 684 nunc
213 661 229 682 a
257 648 359 683 nobis
386 646 610 682 benedicendi
636 646 750 683 initio,
773 646 839 679 line
865 651 979 679 autem
1005 645 1039 677 in
1067 643 1181 677 futura
1208 644 1293 681 vila,
1316 654 1393 675 cum
1421 642 1474 681 id,
1495 643 1589 687 quod
1616 654 1656 675 ex
1680 649 1775 688 parte

94 712 163 745 est,
185 706 405 740 evacuabitur
429 705 453 738 ‘,

755 793 985 833 PSALMUS
1019 794 1119 832 XLI.

616 883 655 906 ln
673 884 781 911 finem,
798 884 837 906 nd
855 883 1068 909 intellectum,
1085 882 1160 905 filiis
1176 881 1263 904 Coro.

195 938 326 971 Primae
352 936 458 981 partis
485 935 627 982 psalmi,
649 941 788 968 auctore
814 934 961 972 Daxvide,
986 933 1212 979 quadraginta
1240 932 1376 965 fuerunt
1398 932 1457 977 (1).
1487 932 1597 965 Sectio
1623 943 1706 965 vero
1733 942 1781 964 se-

97 995 207 1029 cunda
234 993 385 1039 psalmos
411 993 653 1038 complectitur
678 992 766 1025 duos
792 1003 893 1037 supra
922 991 1078 1035 triginta,
1100 1001 1250 1036 quorum
1270 995 1348 1022 octo
1369 989 1454 1022 Coi-e
1482 988 1559 1022 filiis
1584 988 1778 1022 inscribun—

97 1058 172 1090 tur,
196 1063 282 1085 unus
308 1051 467 1096 Asapho‚
489 1057 521 1083 et
548 1051 629 1083 item
649 1050 823 1084 Salomoni
851 1061 955 1086 unm,
978 1048 1101 1094 reliqui
1120 1048 1254 1081 Davidi.
1283 1048 1416 1080 Priores
1436 1047 1630 1091 procedunt
1656 1047 1698 1083 ii,
1719 1047 1777 1091 qui

98 1108 184 1142 Core
210 1107 289 1141 filiis
315 1107 562 1141 attribuuntur.
592 1108 634 1140 Hi
662 1119 767 1153 porro
793 1107 878 1140 sacri
905 1112 1061 1139 cantores
1088 1106 1245 1143 fuerunt,
1275 1104 1449 1151 odemque
1475 1105 1682 1141 concinunt,
1708 1115 1779 1137 non

97 1177 201 1211 quam
222 1166 284 1211 ipsi
305 1166 581 1211 composuerint,
604 1165 662 1198 sed
690 1164 732 1198 ab
750 1164 923 1210 inspiratis
942 1165 1023 1197 viris
1047 1163 1225 1200 traditam,
1247 1162 1372 1207 quibus
1399 1162 1591 1195 suturarum
1612 1173 1674 1207 per
1693 1168 1780 1195 tem-

99 1234 184 1268 pora
211 1235 327 1257 rerum
354 1223 431 1256 ‹lata
460 1223 521 1256 fuit
549 1223 666 1256 notitia
687 1222 729 1256 ab
749 1223 863 1256 omnia
890 1222 1015 1255 sciente
1034 1222 1118 1254 Deo.
1147 1222 1238 1265 Ergo
1257 1220 1459 1266 accipientes
1478 1219 1520 1253 ab
1540 1220 1693 1253 eiusdem
1720 1232 1780 1253 au-

100 1287 195 1314 ctore
214 1281 343 1315 Dax‘ide
362 1281 551 1326 psalmum,
573 1292 626 1314 res
645 1281 804 1314 extremis
826 1279 1039 1325 temporibus
1057 1291 1091 1313 ex
1100 1285 1237 1312 enluras
1257 1278 1459 1323 significant.
1483 1278 1707 1311 Introduc-unt
1728 1289 1781 1310 au-

101 1345 170 1372 tem
196 1340 302 1384 ipsius
322 1339 480 1372 israhelis
506 1350 689 1384 personam
707 1338 842 1371 Christo
861 1337 1055 1371 confitentis
1082 1349 1143 1383 per
1170 1337 1427 1383 paenitentiam,
1449 1347 1551 1380 quam
1572 1336 1606 1368 in
1628 1336 1781 1369 saeculo-

101 1408 178 1430 rum
197 1396 265 1430 fine
286 1402 485 1442 peracturus
502 1403 563 1430 cst.
593 1397 705 1436 Quare
726 1402 757 1428 et
781 1410 795 1425 «
820 1396 852 1428 in
875 1394 977 1428 linem
1000 1411 1014 1426 ›)
1037 1395 1255 1433 inscribitur,
1276 1395 1354 1440 quia
1383 1405 1496 1427 sermo
1515 1394 1558 1426 de
1579 1393 1702 1426 futuris
1727 1393 1778 1426 fit.

100 1453 153 1487 Ad
180 1454 390 1487 intellectum
416 1454 498 1486 item
518 1453 676 1486 hortatur
696 1452 840 1485 lectores
860 1452 997 1490 titulus,
1019 1453 1098 1498 quia
1125 1452 1288 1485 dixinitus
1315 1451 1395 1484 dato
1415 1451 1589 1484 intellectu
1616 1461 1704 1495 opus
1729 1456 1779 1483 est

101 1511 186 1549 illis,
207 1512 265 1556 qui
294 1518 371 1556 post
389 1511 608 1556 quantumvis
629 1517 763 1555 tempus
782 1516 945 1544 eventura
964 1521 1170 1555 cognoscere
1189 1510 1322 1543 volunt.
1352 1508 1417 1542 Sed
1436 1509 1511 1553 quis
1534 1508 1675 1541 demum
1693 1508 1778 1541 Core

101 1568 190 1602 fuit?
216 1567 285 1601 Sub
311 1570 427 1614 Moyse
452 1569 507 1601 hic
533 1575 626 1605 erat,
649 1568 818 1612 periitque
845 1579 923 1601 cum
943 1566 1091 1601 factiosis
1116 1568 1185 1600 suis
1204 1568 1237 1600 in
1258 1566 1512 1611 conspiratione
1538 1572 1657 1599 contra
1683 1576 1782 1610 prae-

101 1625 250 1659 dictum:
271 1637 393 1659 verum
412 1626 484 1659 eius
503 1625 603 1659 liberi
630 1637 741 1670 neque
760 1625 943 1671 impietatis
962 1637 1072 1670 neque
1100 1624 1301 1670 perditionis
1321 1630 1481 1670 paternae
1499 1623 1682 1669 participes
1707 1622 1780 1655 fue—

101 1690 182 1717 runt
202 1683 269 1728 (2);
295 1683 353 1717 sed
381 1683 466 1717 adeo
494 1684 539 1729 pii
566 1689 767 1721 masor-ant,
792 1689 827 1716 ut
854 1683 1015 1716 canendis
1040 1683 1179 1728 psalmis
1204 1682 1331 1716 suerint
1356 1681 1521 1726 deputati.

602 1749 714 1771 sitivit
730 1749 837 1771 anima
853 1755 921 1771 mea
937 1749 977 1771 ad
995 1748 1095 1771 neum
1111 1749 1214 1771 vivum
1231 1750 1288 1771 etc.

197 1800 283 1839 Quia
302 1800 336 1832 in
357 1799 489 1845 psalmo
507 1800 599 1832 hune.
620 1798 845 1844 praecedente
871 1798 1000 1831 dictum
1022 1799 1084 1832 suit
1103 1811 1143 1832 ex
1160 1798 1350 1831 Servatoris
1370 1807 1532 1842 persona:
1552 1796 1698 1829 Domine
1717 1795 1782 1827 mi-

103 1867 217 1890 serere
242 1858 326 1893 mei,
354 1863 387 1890 et
414 1857 575 1890 resuscita
602 1869 656 1889 me
682 1862 713 1889 et
742 1855 930 1890 retribuam
956 1856 1043 1895 illis,
1066 1868 1156 1889 nunc
1182 1855 1455 1900 crucifigentium
1482 1865 1627 1900 persona
1654 1864 1784 1899 propo-

104 1914 216 1953 nitur,
238 1915 295 1959 qui
316 1916 514 1959 gravissima
536 1915 623 1960 passi
643 1921 758 1951 erant,
780 1927 887 1959 quum
907 1916 947 1948 sit
967 1915 1182 1960 exploratum
1201 1925 1259 1947 eos
1279 1913 1439 1958 deinceps
1457 1918 1634 1957 receptum
1655 1912 1689 1944 in
1708 1922 1784 1956 gra-

106 1971 187 2004 tiam
213 1972 267 2004 iri.
297 1972 338 2004 Hi
366 1972 458 2005 >itii-c
485 1972 527 2004 ad
547 1973 656 2005 Deum
682 1984 716 2005 se
743 1973 856 2010 aiunt,
879 1972 1077 2017 fontemque
1099 1973 1144 2017 (3)
1167 1973 1225 2017 qui
1253 1971 1344 2017 apud
1371 1972 1483 2016 ipsum
1509 1976 1557 2004 est
1584 1970 1782 2014 discupere.

104 2027 147 2061 de
166 2040 237 2073 quo
256 2029 417 2062 videlicet
436 2029 566 2062 dietum
587 2029 647 2062 suit
671 2030 699 2061 ’τ
722 2029 812 2074 apud
834 2036 866 2062 te
886 2029 963 2063 sons
982 2031 1069 2063 xitae
1088 2036 1150 2063 est.
1174 2031 1222 2062 De
1242 2029 1294 2062 his
1314 2030 1428 2073 itaque
1447 2028 1570 2061 Paulus
1589 2028 1633 2060 ait
1653 2027 1684 2059 ⁹:
1707 2037 1784 2059 nam

105 2086 130 2117 si
157 2091 194 2118 tu
213 2097 253 2118 ex
273 2086 419 2119 naturali
439 2087 569 2119 excisus
588 2098 623 2120 es
641 2086 790 2120 oleastro
803 2113 810 2125 ,
833 2093 863 2119 et
885 2092 1002 2119 contra
1030 2093 1186 2120 naturam
1213 2087 1360 2119 insertus
1378 2097 1412 2119 es
1431 2086 1466 2118 in
1484 2084 1612 2117 bonam
1636 2083 1784 2121 olivam;

105 2148 234 2187 quanto
258 2144 364 2188 magis
382 2144 436 2176 isti
456 2145 514 2188 qui
535 2143 724 2177 secundum
744 2151 900 2178 naturam
921 2144 1081 2189 propriae
1100 2145 1293 2178 inserentur
1311 2143 1448 2177 olivae?
1468 2144 1559 2176 Haec
1578 2142 1680 2186 igitur
1700 2141 1787 2173 Isra-

105 2199 160 2234 hel
188 2202 363 2246 paenitens
389 2201 489 2239 dicit,
512 2214 636 2247 nempe
662 2214 788 2248 cupere
814 2214 849 2236 se
876 2203 918 2236 ad
942 2203 1051 2235 Deum
1077 2201 1238 2235 accedere
1264 2201 1453 2234 secundum
1479 2200 1639 2234 aflectum
1658 2205 1691 2233 et
1710 2210 1787 2231 san-

105 2256 347 2292 ctificationem
363 2285 371 2298 ,
399 2270 486 2304 quae
514 2271 575 2305 per
604 2259 707 2293 iidem
736 2261 768 2293 in
795 2260 966 2293 Christum
995 2259 1052 2292 lit:
1081 2266 1113 2292 et
1139 2270 1243 2304 quein
1269 2270 1331 2292 ceu
1358 2258 1533 2292 hominem
1560 2256 1760 2291 occiderunt
1777 2281 1784 2292 ,

105 2315 196 2348 hunc
220 2316 329 2349 Deum
347 2317 519 2351 viventem
540 2318 735 2363 appellant,
757 2330 912 2352 errorem
931 2329 1031 2351 suum
1052 2316 1272 2354 confitentes,
1294 2327 1364 2361 quo
1384 2316 1471 2349 vitae
1492 2320 1666 2348 auctorem
1685 2313 1788 2346 morti

106 2373 333 2407 tradiderunt.
362 2373 474 2408 Verba
501 2382 614 2409 autem
637 2389 652 2406 ι(
674 2376 814 2420 quando
840 2377 976 2409 veniam
1000 2390 1014 2406 »
1042 2376 1181 2421 propria
1208 2381 1285 2407 sunt
1313 2374 1523 2419 cupientium
1550 2372 1699 2405 futuram
1727 2381 1789 2403 vo-

106 2431 275 2465 cationem
288 2457 295 2468 .
317 2434 626 2478 quaerentiumque
646 2439 781 2479 tempus
800 2445 1007 2479 cognoscere
1020 2460 1027 2472 ‚
1050 2445 1120 2478 quo
1140 2433 1202 2478 ipsi
1228 2443 1366 2477 quoque
1386 2442 1504 2464 coram
1522 2431 1594 2463 Deo
1613 2435 1709 2474 patre
1728 2440 1788 2473 ap-

107 2487 293 2533 parebunt,
316 2490 377 2522 etsi
404 2501 494 2523 nunc
521 2490 621 2524 alieni
640 2492 713 2524 Deo
732 2498 822 2525 sunt.
853 2493 904 2525 Sic
931 2492 1022 2524 enim
1044 2492 1143 2524 Isaias
1170 2490 1253 2523 dixit
1276 2491 1305 2523 ‘:
1328 2500 1435 2534 quum
1456 2488 1497 2521 ad
1518 2499 1572 2521 me
1592 2498 1712 2520 manus
1738 2492 1788 2519 te-

206 2610 241 2639 (1)
260 2609 300 2635 De
319 2607 451 2635 divisione
470 2610 614 2637 notissima
635 2611 802 2645 psalmorum
827 2611 900 2647 apud
919 2611 1057 2639 Hebraeos
1077 2611 1104 2637 iu
1125 2611 1247 2645 quinque
1272 2609 1370 2641 libros,
1392 2608 1480 2635 recole
1504 2607 1578 2643 apud
1598 2615 1648 2634 nos
1668 2607 1787 2642 Epipha-

111 2651 189 2678 nium
209 2659 235 2686 p.
257 2660 297 2689 gr.
321 2655 383 2685 142,
405 2653 451 2680 lat.
474 2662 499 2688 p.
521 2658 564 2681 90.

207 2698 243 2727 (2)
264 2697 302 2722 lta
323 2695 423 2724 diserte
442 2699 554 2725 Numer.
575 2699 677 2725 XXVl.
703 2703 743 2726 t1.
765 2702 838 2727 Corn
852 2702 1004 2735 pereunte,
1017 2699 1079 2734 filii
1098 2700 1156 2725 eins
1175 2706 1230 2724 non
1244 2699 1405 2732 perierunt.

209 2744 243 2772 (3)
262 2741 334 2767 Num
356 2741 421 2768 hinc
443 2747 555 2777 apparet
573 2742 674 2769 lectum
696 2742 779 2769 fuisse
801 2752 815 2770 a
836 2744 938 2780 Cyrillo
958 2745 985 2770 in
1011 2747 1083 2770 textu
1104 2743 1143 2769 ad
1164 2745 1251 2769 Deum
1265 2741 1375 2774 ,fontem
1395 2740 1510 2767 ricton?
1529 2741 1569 2767 uti
1589 2744 1630 2767 est
1650 2747 1743 2775 reapse
1762 2740 1791 2766 in

109 2783 189 2811 variis
204 2784 367 2812 lectionibus
382 2786 428 2812 lat,
444 2786 515 2821 apud
531 2787 712 2814 Sabaterium.
728 2788 821 2822 Neque
835 2793 906 2815 certe
921 2788 1043 2815 difficilis
1057 2791 1115 2814 erat
1131 2787 1159 2813 in
1177 2786 1270 2813 latinis
1287 2785 1366 2812 codd.
1384 2785 1494 2812 iussexio
1506 2784 1615 2818 sentem
1632 2783 1793 2817 insorlem:

110 2827 163 2854 Sed
184 2832 273 2855 tamen
297 2837 345 2864 pro
367 2829 483 2857 lectione
497 2830 605 2864 Jbrtem
628 2835 702 2857 stant
720 2831 826 2858 codices
847 2832 937 2866 graeci
957 2837 1022 2859 vatt‘.
1046 2833 1078 2857 A.
1100 2832 1130 2856 B.
1152 2832 1181 2857 (ζ,
1203 2832 1237 2856 Ι).
1259 2831 1289 2856 E.
1311 2831 1340 2856 F.
1362 2831 1397 2855 K.
1419 2830 1457 2862 L,
1478 2828 1525 2864 qui
1546 2829 1648 2856 liabent
1668 2828 1793 2864 ἰσχυρόν,

111 2879 173 2897 cum
192 2872 301 2907 vulgato
319 2873 365 2900 lat.
377 2894 383 2906 ,
404 2878 436 2900 ut
452 2882 501 2908 ego
521 2875 664 2902 conferens
683 2876 817 2910 comperi3
833 2880 859 2902 et
877 2876 912 2903 ita
931 2877 960 2903 in
978 2876 1107 2911 plurimis
1124 2875 1186 2901 aliis
1204 2874 1257 2909 legi
1275 2873 1351 2901 ialde
1371 2882 1440 2901 reor.
1463 2875 1502 2900 lta
1519 2873 1602 2901 habet
1616 2873 1698 2901 etiam
1716 2873 1791 2900 chal-

111 2914 187 2942 daica
208 2917 394 2951 paraphrasis,
417 2918 489 2945 unde
510 2927 589 2946 suum
604 2919 712 2953 sortem
733 2920 856 2947 hausisse
878 2925 942 2955 puto
962 2921 1162 2955 Hieronymum
1181 2919 1207 2946 in
1227 2918 1407 2945 translatione
1427 2926 1457 2945 ex
1474 2917 1551 2945 hebr.
1573 2917 1715 2952 Ceteroqui
1737 2920 1792 2943 tam

112 2960 139 2985 in
162 2959 289 2987 hebraico
310 2965 383 2989 textu
405 2971 487 2997 quam
509 2964 537 2990 in
560 2972 657 2999 graeco
677 2964 868 2999 antiquissimo
890 2965 1014 2991 vaticano
1036 2964 1104 2990 nihil
1128 2968 1169 2990 est
1189 2962 1267 2990 aliud
1289 2970 1371 2997 quam
1393 2962 1433 2989 ad
1453 2965 1539 2989 Drmn
1561 2963 1664 2988 viram.

1808 704 1850 752 1⁰1.
1864 704 1916 725 Cor.
1933 704 1991 725 xm.

1819 1523 1856 1543 Gr.
1872 1530 1892 1549 p.
1910 1526 1953 1544 302.

1825 2030 1876 2051 *Ps
1888 2029 1975 2050 XXXV⁴
1987 2031 2016 2048 to.

1827 2058 1834 2067 ⁴
1850 2057 1915 2077 Itum.
1932 2056 1968 2076 Xlv
1984 2059 2015 2075 ’.Γι4

1827 2501 1835 2510 '
1853 2500 1878 2520 lsv
1899 2499 1914 2519 l.
1935 2502 1963 2518 t·..
