2205 3177
579 203 611 226 ΙΝ
638 203 817 227 EPISTOLAM
844 203 867 225 Ι.
895 202 938 223 AD
964 200 1156 224 CORINTHIOS
1181 201 1254 224 CAP.
1282 201 1341 223 XV.
1762 189 1803 222 51

128 280 229 306 num,
258 267 350 301 haud
377 274 491 301 tamen
519 268 562 301 ita
589 267 722 301 nudum
748 271 1070 300 consurrecturum,
1100 264 1292 298 cuiusmodi
1319 270 1430 298 satum
1457 263 1540 302 fuit,
1561 262 1621 297 sed
1647 263 1809 297 vestitum

128 333 228 372 atque
247 332 470 364 exornatum,
492 332 529 359 ut
548 327 621 360 eius
639 331 761 359 natura
782 323 864 360 fert,
886 322 1018 356 calamo
1039 334 1077 356 ac
1097 322 1198 356 soliis.
1220 323 1285 356 Dat
1304 323 1412 361 enim,
1434 322 1497 360 ait,
1518 322 1608 355 Deus
1626 321 1810 366 unicuique

128 384 247 418 semini
274 383 456 429 proprium
483 394 620 428 corpus,
650 382 735 422 Quia
761 391 846 414 vero
871 379 965 412 haud
992 390 1114 413 omnes
1140 379 1350 413 dormientes
1375 380 1566 413 revicturos
1596 390 1674 412 cum
1703 378 1812 423 gloria

128 441 229 477 dicit,
251 441 311 474 etsi
332 451 452 473 omncs
472 439 576 473 futuri
597 445 675 472 sunt
694 435 996 482 incorruptibiles;
1018 447 1129 480 neque
1155 436 1246 468 enim
1272 436 1397 481 impios
1416 442 1449 469 et
1468 435 1640 469 malorum
1666 446 1812 481 operum

129 496 276 531 artifices
301 496 420 530 divino
446 496 631 541 splendore
657 493 816 527 coronari
844 492 962 531 decet;
984 491 1111 525 idcirco
1132 492 1314 525 commode
1333 492 1551 526 diversorum
1578 493 1735 525 meminit
1761 504 1814 525 se-

129 554 281 591 minum,
303 552 429 598 quibus
455 554 556 586 etiam
583 550 739 586 attribuit
765 552 875 589 Deus,
903 548 1200 595 quemadmodum
1226 549 1299 594 ipse
1324 549 1492 587 xoluerss,
1516 555 1553 582 ut
1580 549 1643 583 hac
1668 549 1720 583 vel
1750 549 1813 583 alia

129 611 241 656 specie
267 610 442 644 differant.

447 676 508 699 Sed
525 675 592 698 alia
607 674 734 702 quidem
750 673 932 696 caelestium
949 672 1069 702 gloria,
1085 672 1152 695 alia
1168 673 1272 695 autem
1289 672 1499 694 terrestrium.

228 725 412 760 Sciendum
437 731 487 759 est
513 723 608 770 quod
627 722 766 758 duobus
793 734 905 768 nuper
923 723 957 755 in
977 722 1131 756 medium
1155 721 1266 755 allatis
1291 720 1476 766 exempliS‚
1499 720 1635 754 seminis
1654 721 1814 766 inquam,

130 789 162 817 et
190 783 328 817 alterius
353 794 423 828 quo
449 782 645 816 caelestium
673 791 862 826 corporum
887 779 1081 813 differentia
1108 779 1238 824 gloriae
1269 777 1502 824 significatur,
1531 777 1636 811 refert
1667 789 1747 811 mox
1774 777 1816 811 ad

133 840 260 885 prioris
286 839 433 884 exempli
460 845 637 875 naturam,
660 838 920 871 resurrectionis
947 848 964 870 a
991 837 1136 870 mortuis
1163 835 1443 873 similitudinem,
1466 841 1498 868 et
1525 835 1700 879 sequentia
1726 835 1784 868 ait.

508 904 692 927 Seminatur
708 904 742 925 in
759 903 976 930 corruptione,
994 903 1135 932 resurgit.
1153 903 1187 924 in
1204 901 1444 928 incorruptiose.

227 953 529 995 Quemadmodum
556 953 648 987 enim
674 952 836 986 frumenti
863 963 1010 997 granum
1028 952 1063 985 in
1085 950 1223 997 glebam
1251 951 1442 996 proiectum
1470 949 1604 983 nudum
1629 955 1731 994 atque
1757 949 1818 983 de-

132 1017 308 1045 mortuum
321 1037 329 1049 ,
346 1023 427 1045 mox
445 1012 568 1044 vestito
587 1022 734 1056 corpore
753 1016 786 1044 et
806 1021 885 1044 cum
904 1009 1173 1055 pulchritudinis
1194 1008 1429 1042 additamento
1449 1014 1566 1041 ortum
1585 1007 1817 1046 admiramur,

132 1068 255 1102 eodem
281 1068 388 1102 modo
413 1068 605 1102 humanum
623 1079 763 1113 quoque
783 1079 910 1113 corpus
937 1066 1165 1113 corruptibile
1184 1065 1363 1100 infirmum
1382 1072 1483 1111 atque
1502 1064 1655 1110 ignobile
1674 1065 1798 1099 seritur
1810 1091 1818 1104 ,

132 1125 192 1159 sed
218 1127 407 1159 revivescet
425 1132 538 1159 tamen
559 1125 692 1159 honore
711 1125 970 1159 immortalitate
990 1135 1028 1158 ac
1046 1123 1178 1157 viribus
1200 1123 1506 1157 circumvestitum.
1528 1124 1587 1156 Est
1606 1129 1719 1156 autem
1737 1133 1822 1168 ope-

133 1194 191 1216 rae
211 1183 359 1228 pretium
385 1182 491 1216 divini
511 1182 659 1216 oratoris
676 1182 891 1227 vigilantiam
910 1181 1110 1217 observare.
1136 1181 1289 1214 Firmani
1308 1182 1400 1214 enim
1420 1179 1550 1213 habens
1570 1179 1695 1218 fidem,
1718 1190 1822 1224 seque

134 1242 279 1275 omnino
306 1252 344 1274 ac
369 1241 442 1274 sine
468 1239 576 1274 dubio
602 1246 878 1273 resurrecturum
903 1238 1102 1277 confidens,
1129 1239 1252 1272 sationi
1279 1243 1459 1284 comparat
1485 1237 1640 1283 fragilem
1667 1238 1824 1282 corporis

136 1297 389 1335 conditionem,
411 1297 594 1331 artificiose
619 1298 762 1331 omnino
789 1308 826 1330 ac
852 1297 1100 1342 sapientissime
1126 1296 1192 1329 hoc
1218 1295 1402 1341 exemplo,
1424 1296 1473 1328 rei
1500 1295 1698 1329 huiusmodi
1725 1300 1824 1328 natu-

137 1366 211 1388 ram
229 1355 437 1401 exprimens.
465 1355 558 1400 Ergo
577 1365 685 1398 aeque
704 1365 742 1387 ac
759 1365 904 1399 granum
918 1379 925 1392 ,
947 1352 1041 1386 haud
1066 1353 1218 1391 nudum,
1238 1353 1371 1398 inquit,
1394 1353 1574 1386 reviviscet
1593 1364 1738 1398 corpus,
1765 1353 1824 1387 sed

135 1412 270 1457 egregie
301 1412 592 1445 circumvestitum
623 1410 881 1444 immortalitate
911 1421 949 1443 ac
976 1410 1106 1455 gloria,
1135 1416 1384 1455 praetereaque
1415 1409 1593 1447 validum,
1622 1415 1654 1444 et
1681 1410 1825 1456 spiritali

136 1480 237 1503 sensu
264 1468 478 1514 praeditum,
500 1479 648 1514 superna
675 1467 803 1501 scilicet
829 1468 958 1513 gratia,
979 1473 1013 1501 et
1030 1466 1294 1513 incomparabili
1315 1468 1481 1501 creatoris
1499 1468 1655 1501 omnium
1678 1468 1824 1506 virtute,

135 1528 251 1561 omnia
278 1527 313 1560 in
338 1526 463 1560 eodem
480 1527 685 1560 invertente.
714 1526 805 1559 Inest
824 1526 917 1559 enim
936 1525 1066 1558 caduco
1085 1525 1247 1570 corpori,
1268 1531 1303 1558 et
1322 1531 1500 1570 tamquam
1519 1525 1616 1558 humi
1636 1531 1726 1563 sato,
1749 1537 1828 1559 cor-

136 1585 272 1630 ruptio,
293 1582 495 1622 infirmitas,
517 1589 551 1617 et
576 1583 779 1617 inhonestus
806 1582 962 1616 animalis
988 1581 1148 1620 affectus,
1171 1593 1275 1627 quem
1301 1593 1365 1616 nos
1392 1582 1519 1616 carnali
1546 1589 1579 1616 et
1607 1588 1745 1616 terreno
1772 1593 1828 1617 ae-

136 1642 322 1687 quivocum
348 1641 507 1675 dicimus.
536 1641 755 1686 Quamquam
780 1652 888 1686 quum
913 1640 1013 1674 initio
1040 1646 1193 1674 creatum
1220 1639 1303 1679 fuit,
1333 1640 1427 1674 haud
1453 1640 1557 1674 talem
1583 1647 1740 1674 naturam
1765 1635 1828 1674 hass

137 1699 233 1739 buit;
256 1699 316 1734 sed
336 1699 566 1734 inhominem
593 1700 758 1732 transiere
784 1698 960 1744 passiones
987 1704 1065 1744 post
1090 1699 1395 1744 transgressionem
1410 1724 1418 1737 ,
1438 1710 1587 1745 poenam
1611 1699 1733 1732 mortis
1758 1699 1826 1732 iam

139 1763 212 1791 tum
229 1763 351 1791 natura
371 1756 472 1791 nobis
492 1757 756 1802 pronunciante.
779 1756 961 1801 Ceteroqui
981 1756 1117 1790 nonnisi
1136 1756 1197 1789 Dei
1216 1756 1343 1790 virtute
1365 1762 1398 1789 et
1417 1757 1619 1802 operatione
1638 1755 1829 1801 subingres-

139 1825 257 1848 sorum
283 1814 457 1848 malorum
483 1813 522 1846 fit
548 1813 741 1859 depositio‚·
764 1813 915 1847 succedit
933 1819 1048 1846 autem
1075 1813 1254 1859 priorum,
1275 1825 1364 1859 quae
1384 1820 1482 1847 erant
1507 1813 1551 1847 ab
1576 1814 1674 1848 initio
1689 1840 1697 1851 ‚
1717 1812 1830 1847 bono-

141 1884 218 1906 rum
244 1872 473 1918 participatio.
502 1873 722 1905 Renovamur
747 1872 838 1904 enirn
858 1872 893 1904 in
913 1871 1067 1909 Christo,
1090 1877 1126 1904 ut
1147 1872 1240 1904 aiunt
1265 1872 1474 1917 scripturae3
1496 1871 1667 1916 siquidem
1693 1877 1830 1905 sanctus

141 1929 310 1975 propheta
338 1929 384 1962 ait
406 1929 437 1961 'z
466 1930 575 1962 Macte
601 1929 717 1963 animo
743 1930 841 1967 Sion,
870 1940 981 1974 neque
1009 1929 1159 1963 remissis
1185 1928 1345 1963 manibus
1370 1935 1464 1967 esim
1490 1929 1653 1962 dominus
1678 1930 1769 1962 Deus
1794 1930 1830 1963 in

141 1993 192 2024 te,
213 1987 272 2031 qui
299 1992 332 2020 te
358 1986 490 2020 salvare
517 1992 650 2032 potest,
671 1992 704 2020 et
731 1987 871 2020 caritate
897 1998 957 2020 sua
984 1993 1016 2020 te
1041 1985 1257 2020 instaurabit.
1283 2000 1299 2019 »
1320 1986 1406 2020 Cum
1425 1988 1517 2020 enim
1544 1998 1607 2020 nos
1633 1991 1723 2021 amat
1741 1987 1832 2020 Deus

142 2050 254 2090 pater,
277 2050 359 2078 tunc
384 2045 565 2078 enimvero
591 2045 626 2077 in
651 2044 787 2078 Christo
813 2045 917 2078 etiam
942 2051 1107 2079 renovat:
1127 2045 1255 2078 etenim
1279 2055 1360 2078 vere
1387 2044 1533 2083 dicitur,
1555 2045 1670 2078 omnia
1695 2045 1730 2078 in
1757 2045 1832 2090 ipso

140 2113 267 2136 novam
293 2114 364 2135 esse
391 2108 603 2140 creaturam:
624 2108 657 2135 et
678 2102 817 2147 antiqua
843 2101 984 2147 quidem
1012 2103 1246 2148 praeteriisse,
1269 2114 1358 2136 nova
1383 2103 1634 2148 supervenisse.
1658 2103 1835 2143 Quaenam

142 2166 255 2194 autem
274 2159 413 2193 vetera?
430 2171 554 2204 nempe
574 2166 840 2205 praetergressa.
863 2160 1039 2200 Quaenam
1059 2160 1172 2194 nova?
1188 2171 1314 2206 nempe
1333 2159 1551 2194 subinducta.
1571 2161 1674 2194 Vetus
1693 2159 1834 2205 quidem

143 2224 192 2251 est
218 2218 415 2263 corruptio,
442 2223 475 2251 et
501 2216 703 2256 infirmitas,
727 2218 939 2263 insuperque
964 2218 1173 2263 ignominia,
1195 2224 1229 2251 et
1256 2218 1412 2251 animalis
1439 2217 1580 2252 affectus
1606 2217 1723 2263 culpa:
1745 2227 1835 2250 nova

145 2281 258 2308 autem
279 2281 357 2308 sunt
376 2275 411 2308 in
430 2274 565 2308 Christo
585 2275 694 2320 gloria
709 2301 716 2313 ,
741 2275 974 2320 incorruptio,
995 2276 1124 2313 virtus,
1146 2281 1179 2308 et
1198 2275 1360 2321 spiritalis
1380 2275 1542 2309 affectus:
1565 2276 1629 2309 erit
1648 2275 1739 2308 enim
1759 2285 1836 2307 cor-

147 2344 210 2377 pus
237 2338 393 2365 nostrum
419 2333 584 2377 spiritale.
614 2333 698 2367 Dico
725 2339 840 2366 autem
866 2332 1040 2378 spiritale,
1062 2343 1133 2366 non
1158 2333 1256 2378 quasi
1282 2331 1487 2371 umbratile,
1515 2339 1573 2366 aut
1598 2333 1694 2378 quasi
1721 2331 1836 2364 incor-

147 2400 291 2434 poreum
319 2390 500 2434 spiritum:
521 2390 579 2423 sed
599 2390 686 2424 illud
714 2391 829 2436 potius
854 2391 950 2436 quod
977 2390 1103 2425 carnali
1124 2391 1219 2425 omni
1239 2397 1447 2436 terrenoque
1466 2390 1589 2424 affectu
1610 2390 1652 2423 sit
1671 2388 1834 2422 liberum.

517 2454 701 2479 Semiumm·
716 2463 828 2484 eorpus
843 2456 982 2479 animale
988 2471 997 2484 ,
1014 2457 1153 2486 resurgit
1169 2463 1281 2483 corpus
1297 2456 1453 2483 spiritale.

243 2504 346 2537 Sicuti
364 2505 455 2538 enim
475 2505 500 2537 si
518 2506 594 2550 quis
610 2505 715 2539 vellet
734 2512 910 2540 terrenum
929 2518 1054 2552 corpus
1073 2513 1232 2540 nostrum
1251 2506 1425 2552 appellare
1445 2505 1607 2543 animale,
1630 2504 1723 2538 haud
1742 2510 1832 2537 recte

147 2562 197 2596 illi
225 2562 503 2596 accommodaret
531 2563 662 2596 animae
688 2564 818 2604 ideam,
840 2565 900 2598 sed
927 2566 1111 2611 respiceret
1138 2565 1252 2610 potius
1278 2564 1322 2597 ad
1349 2563 1530 2597 animalem
1550 2562 1636 2595 idest
1663 2560 1836 2595 carnalem

148 2622 221 2654 eius
240 2620 417 2658 affectum:
438 2620 535 2654 sicuti
555 2622 755 2666 sapientiam
772 2633 912 2668 quoque
930 2623 1115 2657 animalem
1132 2623 1228 2656 illam
1249 2621 1491 2666 intelligimus,
1511 2631 1599 2665 quae
1618 2626 1752 2653 terrena
1770 2625 1839 2658 est,

149 2685 179 2712 et
210 2680 297 2712 inter
316 2678 475 2712 homines
494 2678 664 2724 vulgaris;
684 2680 729 2712 ita
747 2680 878 2713 etiamsi
897 2682 974 2725 quis
992 2680 1083 2714 dicat
1101 2691 1228 2724 corpus
1254 2678 1400 2711 animale
1413 2704 1421 2715 ,
1441 2678 1525 2723 quin
1549 2683 1662 2710 tamen
1681 2677 1710 2710 ei
1729 2676 1842 2710 ideam

149 2738 281 2770 animae
308 2736 478 2773 adsociet,
501 2737 624 2770 merito
651 2737 778 2770 erroris
804 2739 944 2783 coargui
965 2750 1035 2772 non
1054 2744 1187 2783 potest;
1207 2737 1286 2782 quia
1305 2735 1495 2770 secundum
1521 2735 1708 2781 quamdam
1736 2736 1842 2768 ratio-

152 2805 229 2827 nem
256 2795 408 2827 *dientes
435 2793 565 2830 adhuc,
592 2799 692 2837 atque
719 2794 753 2826 in
781 2793 833 2827 his
859 2801 1032 2828 versantes
1059 2792 1281 2840 corporibus,
1304 2793 1463 2827 nonnulli
1492 2792 1653 2826 dicuntur
1678 2792 1841 2826 animales

150 2852 202 2884 vel
230 2851 410 2896 spiritales.
441 2851 611 2897 Scriptum
629 2857 678 2885 est
696 2852 787 2884 enim
809 2852 818 2860 '
833 2877 841 2889 ,
861 2852 955 2897 quod
979 2866 994 2884 «
1017 2852 1172 2886 animalis
1196 2851 1302 2885 homo
1328 2862 1398 2885 non
1418 2851 1560 2896 percipit
1584 2862 1622 2884 ea
1641 2861 1728 2895 quae
1755 2856 1832 2883 sunt

1848 273 1885 294 Gr.
1901 279 1922 300 ῃ.
1938 277 1962 295 77

1853 669 1908 690 Catu
1924 670 1971 690 XV.
1987 672 2019 689 ἀπ’.

1865 1713 1904 1734 Gr.
1917 1718 1942 1739 p.
1956 1716 1990 1733 78.

1870 1946 1877 1952 '
1893 1942 1962 1968 Sopii,
1978 1942 2015 1963 111.
2033 1945 2062 1962 tcv

1865 2463 1886 2478 v.
1912 2460 1947 2479 Μ.

1874 2863 1879 2867 ·
1901 2859 1917 2881 I.
1937 2858 1990 2879 Cor.
2005 2858 2031 2878 ΙΙ.
2045 2860 2073 2879 ra.
