<?xml version="1.0" encoding="UTF-8"?>
<!DOCTYPE html PUBLIC "-//W3C//DTD XHTML 1.0 Transitional//EN"
    "http://www.w3.org/TR/xhtml1/DTD/xhtml1-transitional.dtd">
<html xmlns="http://www.w3.org/1999/xhtml" xml:lang="en" lang="en">
 <head>
  <title>
</title>
<meta http-equiv="Content-Type" content="text/html;charset=utf-8" />
  <meta name='ocr-system' content='tesseract 3.04.00' />
  <meta name='ocr-capabilities' content='ocr_page ocr_carea ocr_par ocr_line ocrx_word'/>
</head>
<body>
  <div class='ocr_page' id='page_1' title='image "./novaepatrumbibli03maiauoft/novaepatrumbibli03maiauoft_0671.png"; bbox 0 0 2205 3177; ppageno 0'>
   <div class='ocr_carea' id='block_1_1' title="bbox 726 216 1805 248">
    <p class='ocr_par' dir='ltr' id='par_1_1' title="bbox 726 216 1805 248">
     <span class='ocr_line' id='line_1_1' title="bbox 726 216 1805 248; baseline 0.001 -1"><span class='ocrx_word' id='word_1_1' title='bbox 726 225 757 247; x_wconf 68' lang='lat' dir='ltr'>lx</span> <span class='ocrx_word' id='word_1_2' title='bbox 784 224 935 246; x_wconf 70' lang='lat' dir='ltr'>PsAmst&#39;M</span> <span class='ocrx_word' id='word_1_3' title='bbox 962 225 1030 246; x_wconf 73' lang='lat' dir='ltr'>xm.</span> <span class='ocrx_word' id='word_1_4' title='bbox 1059 226 1098 246; x_wconf 84' lang='lat' dir='ltr'>ET</span> <span class='ocrx_word' id='word_1_5' title='bbox 1126 225 1206 247; x_wconf 78' lang='lat' dir='ltr'>xL11.</span> <span class='ocrx_word' id='word_1_6' title='bbox 1742 216 1805 248; x_wconf 70' lang='lat'>193</span> 
     </span>
    </p>
   </div>
   <div class='ocr_carea' id='block_1_2' title="bbox 471 291 1471 319">
    <p class='ocr_par' dir='ltr' id='par_1_2' title="bbox 471 291 1471 319">
     <span class='ocr_line' id='line_1_2' title="bbox 471 291 1471 319; baseline -0.002 -3"><span class='ocrx_word' id='word_1_7' title='bbox 471 293 579 316; x_wconf 74' lang='lat' dir='ltr'>nicam</span> <span class='ocrx_word' id='word_1_8' title='bbox 597 293 676 319; x_wconf 77' lang='lat' dir='ltr'>neo,</span> <span class='ocrx_word' id='word_1_9' title='bbox 692 294 848 319; x_wconf 75' lang='lat' dir='ltr'>susceptor</span> <span class='ocrx_word' id='word_1_10' title='bbox 864 298 948 314; x_wconf 82' lang='lat' dir='ltr'>meus</span> <span class='ocrx_word' id='word_1_11' title='bbox 965 298 1010 318; x_wconf 47' lang='grc' dir='ltr'>οὓς</span> <span class='ocrx_word' id='word_1_12' title='bbox 1027 299 1124 319; x_wconf 76' lang='lat' dir='ltr'>qum-e</span> <span class='ocrx_word' id='word_1_13' title='bbox 1141 291 1258 314; x_wconf 74' lang='lat' dir='ltr'>oblitus</span> <span class='ocrx_word' id='word_1_14' title='bbox 1275 298 1306 314; x_wconf 75' lang='lat' dir='ltr'>es</span> <span class='ocrx_word' id='word_1_15' title='bbox 1323 293 1398 314; x_wconf 66' lang='lat' dir='ltr'>mei?</span> <span class='ocrx_word' id='word_1_16' title='bbox 1415 293 1471 314; x_wconf 70' lang='lat' dir='ltr'>etc.</span> 
     </span>
    </p>
   </div>
   <div class='ocr_carea' id='block_1_3' title="bbox 135 344 1814 1290">
    <p class='ocr_par' dir='ltr' id='par_1_3' title="bbox 135 344 1809 846">
     <span class='ocr_line' id='line_1_3' title="bbox 228 344 1807 392; baseline 0.001 -12"><span class='ocrx_word' id='word_1_17' title='bbox 228 347 377 381; x_wconf 85' lang='lat' dir='ltr'>Resumit</span> <span class='ocrx_word' id='word_1_18' title='bbox 406 348 581 392; x_wconf 88' lang='lat' dir='ltr'>paenitens</span> <span class='ocrx_word' id='word_1_19' title='bbox 609 346 757 392; x_wconf 84' lang='lat' dir='ltr'>populus</span> <span class='ocrx_word' id='word_1_20' title='bbox 784 356 919 390; x_wconf 79' lang='lat' dir='ltr'><strong>precem</strong></span> <span class='ocrx_word' id='word_1_21' title='bbox 947 356 1059 381; x_wconf 77' lang='lat' dir='ltr'>suam.</span> <span class='ocrx_word' id='word_1_22' title='bbox 1082 346 1189 378; x_wconf 87' lang='lat' dir='ltr'>Deum</span> <span class='ocrx_word' id='word_1_23' title='bbox 1210 344 1447 378; x_wconf 61' lang='lat' dir='ltr'>vehementius</span> <span class='ocrx_word' id='word_1_24' title='bbox 1473 345 1515 378; x_wconf 92' lang='lat' dir='ltr'>ad</span> <span class='ocrx_word' id='word_1_25' title='bbox 1539 346 1807 382; x_wconf 82' lang='lat' dir='ltr'>misericordiam</span> 
     </span>
     <span class='ocr_line' id='line_1_4' title="bbox 136 401 1807 451; baseline 0.001 -13"><span class='ocrx_word' id='word_1_26' title='bbox 136 416 338 451; x_wconf 70' lang='lat' dir='ltr'>provocans.</span> <span class='ocrx_word' id='word_1_27' title='bbox 368 405 439 449; x_wconf 79' lang='lat' dir='ltr'>Ego</span> <span class='ocrx_word' id='word_1_28' title='bbox 458 405 566 440; x_wconf 76' lang='lat' dir='ltr'>enim,</span> <span class='ocrx_word' id='word_1_29' title='bbox 588 404 714 448; x_wconf 88' lang='lat' dir='ltr'>inquit,</span> <span class='ocrx_word' id='word_1_30' title='bbox 738 401 845 447; x_wconf 82' lang='lat' dir='ltr'>probe</span> <span class='ocrx_word' id='word_1_31' title='bbox 872 403 1010 435; x_wconf 83' lang='lat' dir='ltr'>memini</span> <span class='ocrx_word' id='word_1_32' title='bbox 1031 413 1067 435; x_wconf 84' lang='lat' dir='ltr'>ac</span> <span class='ocrx_word' id='word_1_33' title='bbox 1088 403 1166 435; x_wconf 70' lang='lat' dir='ltr'>noxi</span> <span class='ocrx_word' id='word_1_34' title='bbox 1187 402 1401 435; x_wconf 85' lang='lat' dir='ltr'>clementiani</span> <span class='ocrx_word' id='word_1_35' title='bbox 1424 409 1533 441; x_wconf 84' lang='lat' dir='ltr'>tuam,</span> <span class='ocrx_word' id='word_1_36' title='bbox 1556 405 1807 451; x_wconf 73' lang='lat' dir='ltr'>repositamque</span> 
     </span>
     <span class='ocr_line' id='line_1_5' title="bbox 135 458 1809 506; baseline 0.001 -11"><span class='ocrx_word' id='word_1_37' title='bbox 135 464 169 495; x_wconf 87' lang='lat' dir='ltr'>in</span> <span class='ocrx_word' id='word_1_38' title='bbox 190 468 221 495; x_wconf 89' lang='lat' dir='ltr'>te</span> <span class='ocrx_word' id='word_1_39' title='bbox 241 473 335 506; x_wconf 88' lang='lat' dir='ltr'>spem</span> <span class='ocrx_word' id='word_1_40' title='bbox 363 461 479 495; x_wconf 70' lang='lat' dir='ltr'>foveo:</span> <span class='ocrx_word' id='word_1_41' title='bbox 504 467 537 494; x_wconf 89' lang='lat' dir='ltr'>tu</span> <span class='ocrx_word' id='word_1_42' title='bbox 564 472 647 494; x_wconf 62' lang='lat' dir='ltr'>vero</span> <span class='ocrx_word' id='word_1_43' title='bbox 674 461 786 493; x_wconf 75' lang='lat' dir='ltr'>nescio</span> <span class='ocrx_word' id='word_1_44' title='bbox 805 471 875 504; x_wconf 86' lang='lat' dir='ltr'>quo</span> <span class='ocrx_word' id='word_1_45' title='bbox 902 465 1002 504; x_wconf 86' lang='lat' dir='ltr'>pacto</span> <span class='ocrx_word' id='word_1_46' title='bbox 1028 459 1093 491; x_wconf 85' lang='lat' dir='ltr'>mci</span> <span class='ocrx_word' id='word_1_47' title='bbox 1121 458 1249 492; x_wconf 83' lang='lat' dir='ltr'>oblitus</span> <span class='ocrx_word' id='word_1_48' title='bbox 1275 470 1321 492; x_wconf 84' lang='lat' dir='ltr'>cs.</span> <span class='ocrx_word' id='word_1_49' title='bbox 1351 460 1421 502; x_wconf 68' lang='lat' dir='ltr'>Age</span> <span class='ocrx_word' id='word_1_50' title='bbox 1444 471 1527 492; x_wconf 56' lang='lat' dir='ltr'>xero</span> <span class='ocrx_word' id='word_1_51' title='bbox 1547 472 1626 494; x_wconf 66' lang='lat' dir='ltr'>carc</span> <span class='ocrx_word' id='word_1_52' title='bbox 1653 474 1694 495; x_wconf 92' lang='lat' dir='ltr'>ne</span> <span class='ocrx_word' id='word_1_53' title='bbox 1722 462 1809 496; x_wconf 78' lang='lat' dir='ltr'>forte</span> 
     </span>
     <span class='ocr_line' id='line_1_6' title="bbox 135 515 1805 563; baseline 0.001 -12"><span class='ocrx_word' id='word_1_54' title='bbox 135 520 169 551; x_wconf 91' lang='lat' dir='ltr'>in</span> <span class='ocrx_word' id='word_1_55' title='bbox 189 519 259 551; x_wconf 84' lang='lat' dir='ltr'>Deo</span> <span class='ocrx_word' id='word_1_56' title='bbox 279 519 471 563; x_wconf 87' lang='lat' dir='ltr'>passionem</span> <span class='ocrx_word' id='word_1_57' title='bbox 491 518 637 562; x_wconf 85' lang='lat' dir='ltr'>aliquam</span> <span class='ocrx_word' id='word_1_58' title='bbox 666 523 764 561; x_wconf 78' lang='lat' dir='ltr'>putes</span> <span class='ocrx_word' id='word_1_59' title='bbox 790 528 861 549; x_wconf 83' lang='lat' dir='ltr'>csse</span> <span class='ocrx_word' id='word_1_60' title='bbox 887 515 1117 550; x_wconf 67' lang='lat' dir='ltr'>oblivionem.</span> <span class='ocrx_word' id='word_1_61' title='bbox 1140 515 1199 548; x_wconf 70' lang='lat' dir='ltr'>sed</span> <span class='ocrx_word' id='word_1_62' title='bbox 1220 517 1333 560; x_wconf 82' lang='lat' dir='ltr'>potius</span> <span class='ocrx_word' id='word_1_63' title='bbox 1356 516 1612 549; x_wconf 65' lang='lat' dir='ltr'>‹lerelictioiwm</span> <span class='ocrx_word' id='word_1_64' title='bbox 1639 519 1805 553; x_wconf 70' lang='lat' dir='ltr'>existima.</span> 
     </span>
     <span class='ocr_line' id='line_1_7' title="bbox 135 572 1809 620; baseline 0.001 -12"><span class='ocrx_word' id='word_1_65' title='bbox 135 577 289 620; x_wconf 78' lang='lat' dir='ltr'>Namque</span> <span class='ocrx_word' id='word_1_66' title='bbox 309 575 458 611; x_wconf 68' lang='lat' dir='ltr'>oblixio,</span> <span class='ocrx_word' id='word_1_67' title='bbox 480 586 567 619; x_wconf 80' lang='lat' dir='ltr'>quae</span> <span class='ocrx_word' id='word_1_68' title='bbox 587 575 697 619; x_wconf 80' lang='lat' dir='ltr'>passio</span> <span class='ocrx_word' id='word_1_69' title='bbox 724 574 871 607; x_wconf 87' lang='lat' dir='ltr'>humana</span> <span class='ocrx_word' id='word_1_70' title='bbox 891 579 961 610; x_wconf 81' lang='lat' dir='ltr'>est,</span> <span class='ocrx_word' id='word_1_71' title='bbox 983 578 1014 605; x_wconf 87' lang='lat' dir='ltr'>et</span> <span class='ocrx_word' id='word_1_72' title='bbox 1034 573 1220 605; x_wconf 80' lang='lat' dir='ltr'>memoriae</span> <span class='ocrx_word' id='word_1_73' title='bbox 1240 572 1501 611; x_wconf 75' lang='lat' dir='ltr'>detrimentum,</span> <span class='ocrx_word' id='word_1_74' title='bbox 1524 575 1556 606; x_wconf 94' lang='lat' dir='ltr'>in</span> <span class='ocrx_word' id='word_1_75' title='bbox 1581 574 1731 608; x_wconf 61' lang='lat' dir='ltr'>dixinam</span> <span class='ocrx_word' id='word_1_76' title='bbox 1752 588 1809 609; x_wconf 91' lang='lat' dir='ltr'>na-</span> 
     </span>
     <span class='ocr_line' id='line_1_8' title="bbox 137 628 1809 677; baseline 0 -12"><span class='ocrx_word' id='word_1_77' title='bbox 137 638 249 666; x_wconf 89' lang='lat' dir='ltr'>turam</span> <span class='ocrx_word' id='word_1_78' title='bbox 276 644 345 666; x_wconf 92' lang='lat' dir='ltr'>non</span> <span class='ocrx_word' id='word_1_79' title='bbox 371 632 472 665; x_wconf 88' lang='lat' dir='ltr'>cadit.</span> <span class='ocrx_word' id='word_1_80' title='bbox 501 632 634 676; x_wconf 82' lang='lat' dir='ltr'>Quippe</span> <span class='ocrx_word' id='word_1_81' title='bbox 651 632 740 664; x_wconf 83' lang='lat' dir='ltr'>Deus</span> <span class='ocrx_word' id='word_1_82' title='bbox 760 629 978 675; x_wconf 81' lang='lat' dir='ltr'>impassibilis</span> <span class='ocrx_word' id='word_1_83' title='bbox 997 628 1288 673; x_wconf 76' lang='lat' dir='ltr'>immutabilisque</span> <span class='ocrx_word' id='word_1_84' title='bbox 1307 636 1368 662; x_wconf 89' lang='lat' dir='ltr'>est.</span> <span class='ocrx_word' id='word_1_85' title='bbox 1399 631 1484 663; x_wconf 88' lang='lat' dir='ltr'>Hinc</span> <span class='ocrx_word' id='word_1_86' title='bbox 1503 632 1603 663; x_wconf 87' lang='lat' dir='ltr'>etiam</span> <span class='ocrx_word' id='word_1_87' title='bbox 1622 632 1809 677; x_wconf 78' lang='lat' dir='ltr'>interrogat</span> 
     </span>
     <span class='ocr_line' id='line_1_9' title="bbox 137 685 1805 734; baseline 0.001 -13"><span class='ocrx_word' id='word_1_88' title='bbox 137 690 326 734; x_wconf 85' lang='lat' dir='ltr'>psalmista:</span> <span class='ocrx_word' id='word_1_89' title='bbox 349 701 408 722; x_wconf 89' lang='lat' dir='ltr'>cur</span> <span class='ocrx_word' id='word_1_90' title='bbox 428 689 492 721; x_wconf 92' lang='lat' dir='ltr'>mei</span> <span class='ocrx_word' id='word_1_91' title='bbox 512 687 640 721; x_wconf 90' lang='lat' dir='ltr'>oblitus</span> <span class='ocrx_word' id='word_1_92' title='bbox 659 688 719 721; x_wconf 80' lang='lat' dir='ltr'>es‘?</span> <span class='ocrx_word' id='word_1_93' title='bbox 738 689 847 720; x_wconf 81' lang='lat' dir='ltr'>Nemo</span> <span class='ocrx_word' id='word_1_94' title='bbox 866 687 958 720; x_wconf 87' lang='lat' dir='ltr'>enim</span> <span class='ocrx_word' id='word_1_95' title='bbox 977 686 1020 719; x_wconf 89' lang='lat' dir='ltr'>de</span> <span class='ocrx_word' id='word_1_96' title='bbox 1038 685 1232 720; x_wconf 69' lang='lat' dir='ltr'>oblixione.</span> <span class='ocrx_word' id='word_1_97' title='bbox 1254 697 1341 730; x_wconf 80' lang='lat' dir='ltr'>quae.</span> <span class='ocrx_word' id='word_1_98' title='bbox 1358 686 1408 718; x_wconf 71' lang='lat' dir='ltr'>inx</span> <span class='ocrx_word' id='word_1_99' title='bbox 1418 686 1586 721; x_wconf 89' lang='lat' dir='ltr'>oluntaria</span> <span class='ocrx_word' id='word_1_100' title='bbox 1606 690 1717 733; x_wconf 86' lang='lat' dir='ltr'>passio</span> <span class='ocrx_word' id='word_1_101' title='bbox 1737 697 1805 727; x_wconf 89' lang='lat' dir='ltr'>est,</span> 
     </span>
     <span class='ocr_line' id='line_1_10' title="bbox 137 742 1808 791; baseline 0 -12"><span class='ocrx_word' id='word_1_102' title='bbox 137 746 280 779; x_wconf 87' lang='lat' dir='ltr'>diceret:</span> <span class='ocrx_word' id='word_1_103' title='bbox 310 746 394 779; x_wconf 79' lang='lat' dir='ltr'>eur‘?</span> <span class='ocrx_word' id='word_1_104' title='bbox 420 746 544 778; x_wconf 87' lang='lat' dir='ltr'>Verum</span> <span class='ocrx_word' id='word_1_105' title='bbox 571 745 645 777; x_wconf 87' lang='lat' dir='ltr'>heic</span> <span class='ocrx_word' id='word_1_106' title='bbox 671 743 871 781; x_wconf 77' lang='lat' dir='ltr'>exhibetur,</span> <span class='ocrx_word' id='word_1_107' title='bbox 900 755 960 776; x_wconf 90' lang='lat' dir='ltr'>ceu</span> <span class='ocrx_word' id='word_1_108' title='bbox 986 743 1179 776; x_wconf 66' lang='lat' dir='ltr'>voluntaria</span> <span class='ocrx_word' id='word_1_109' title='bbox 1206 742 1356 779; x_wconf 62' lang='lat' dir='ltr'>oblixim</span> <span class='ocrx_word' id='word_1_110' title='bbox 1379 742 1527 776; x_wconf 86' lang='lat' dir='ltr'>hominis</span> <span class='ocrx_word' id='word_1_111' title='bbox 1555 745 1725 789; x_wconf 80' lang='lat' dir='ltr'>neglectus</span> <span class='ocrx_word' id='word_1_112' title='bbox 1750 748 1808 791; x_wconf 93' lang='lat' dir='ltr'>qui</span> 
     </span>
     <span class='ocr_line' id='line_1_11' title="bbox 139 802 570 846; baseline -0.005 -10"><span class='ocrx_word' id='word_1_113' title='bbox 139 804 197 837; x_wconf 88' lang='lat' dir='ltr'>Dei</span> <span class='ocrx_word' id='word_1_114' title='bbox 225 814 304 836; x_wconf 87' lang='lat' dir='ltr'>cura</span> <span class='ocrx_word' id='word_1_115' title='bbox 331 802 491 846; x_wconf 84' lang='lat' dir='ltr'>indignus</span> <span class='ocrx_word' id='word_1_116' title='bbox 516 802 570 834; x_wconf 88' lang='lat' dir='ltr'>sit.</span> 
     </span>
    </p>

    <p class='ocr_par' dir='ltr' id='par_1_4' title="bbox 378 865 1568 895">
     <span class='ocr_line' id='line_1_12' title="bbox 378 865 1568 895; baseline -0.001 -6"><span class='ocrx_word' id='word_1_117' title='bbox 378 867 459 889; x_wconf 69' lang='lat' dir='ltr'>llum</span> <span class='ocrx_word' id='word_1_118' title='bbox 476 867 724 895; x_wconf 61' lang='lat' dir='ltr'>confringuntur</span> <span class='ocrx_word' id='word_1_119' title='bbox 740 873 806 889; x_wconf 80' lang='lat' dir='ltr'>ossa</span> <span class='ocrx_word' id='word_1_120' title='bbox 824 872 907 891; x_wconf 78' lang='lat' dir='ltr'>men,</span> <span class='ocrx_word' id='word_1_121' title='bbox 923 866 1189 892; x_wconf 72' lang='lat' dir='ltr'>exprobraverunt</span> <span class='ocrx_word' id='word_1_122' title='bbox 1207 865 1285 887; x_wconf 72' lang='lat' dir='ltr'>mihi</span> <span class='ocrx_word' id='word_1_123' title='bbox 1305 865 1496 888; x_wconf 75' lang='lat' dir='ltr'>tribulantes</span> <span class='ocrx_word' id='word_1_124' title='bbox 1512 872 1568 888; x_wconf 79' lang='lat' dir='ltr'>me.</span> 
     </span>
    </p>

    <p class='ocr_par' dir='ltr' id='par_1_5' title="bbox 139 914 1814 1290">
     <span class='ocr_line' id='line_1_13' title="bbox 234 914 1814 960; baseline 0 -11"><span class='ocrx_word' id='word_1_125' title='bbox 234 918 330 949; x_wconf 86' lang='lat' dir='ltr'>Facta</span> <span class='ocrx_word' id='word_1_126' title='bbox 357 916 574 949; x_wconf 89' lang='lat' dir='ltr'>inimicorum</span> <span class='ocrx_word' id='word_1_127' title='bbox 603 916 792 953; x_wconf 80' lang='lat' dir='ltr'>mentione,</span> <span class='ocrx_word' id='word_1_128' title='bbox 815 916 969 960; x_wconf 81' lang='lat' dir='ltr'>ipsorum</span> <span class='ocrx_word' id='word_1_129' title='bbox 989 914 1240 947; x_wconf 76' lang='lat' dir='ltr'>inclementiam</span> <span class='ocrx_word' id='word_1_130' title='bbox 1260 915 1503 958; x_wconf 70' lang='lat' dir='ltr'>saexiiiamque</span> <span class='ocrx_word' id='word_1_131' title='bbox 1522 915 1709 960; x_wconf 77' lang='lat' dir='ltr'>vituperat:</span> <span class='ocrx_word' id='word_1_132' title='bbox 1732 928 1814 949; x_wconf 87' lang='lat' dir='ltr'>con-</span> 
     </span>
     <span class='ocr_line' id='line_1_14' title="bbox 140 971 1812 1018; baseline 0 -11"><span class='ocrx_word' id='word_1_133' title='bbox 140 974 313 1018; x_wconf 84' lang='lat' dir='ltr'>fregerunt</span> <span class='ocrx_word' id='word_1_134' title='bbox 339 973 447 1010; x_wconf 81' lang='lat' dir='ltr'>enim,</span> <span class='ocrx_word' id='word_1_135' title='bbox 468 973 597 1017; x_wconf 78' lang='lat' dir='ltr'>inquit,</span> <span class='ocrx_word' id='word_1_136' title='bbox 619 984 693 1005; x_wconf 87' lang='lat' dir='ltr'>ossa</span> <span class='ocrx_word' id='word_1_137' title='bbox 720 983 812 1009; x_wconf 81' lang='lat' dir='ltr'>mea,</span> <span class='ocrx_word' id='word_1_138' title='bbox 834 971 868 1004; x_wconf 86' lang='lat' dir='ltr'>id</span> <span class='ocrx_word' id='word_1_139' title='bbox 895 977 943 1004; x_wconf 80' lang='lat' dir='ltr'>est</span> <span class='ocrx_word' id='word_1_140' title='bbox 971 971 1188 1004; x_wconf 84' lang='lat' dir='ltr'>intolerando</span> <span class='ocrx_word' id='word_1_141' title='bbox 1216 972 1343 1016; x_wconf 89' lang='lat' dir='ltr'>impetu</span> <span class='ocrx_word' id='word_1_142' title='bbox 1370 972 1560 1010; x_wconf 87' lang='lat' dir='ltr'>irruerunt,</span> <span class='ocrx_word' id='word_1_143' title='bbox 1584 972 1812 1018; x_wconf 72' lang='lat' dir='ltr'>audacterque</span> 
     </span>
     <span class='ocr_line' id='line_1_15' title="bbox 139 1027 1811 1074; baseline 0.001 -12"><span class='ocrx_word' id='word_1_144' title='bbox 139 1029 344 1067; x_wconf 79' lang='lat' dir='ltr'>insilientes,</span> <span class='ocrx_word' id='word_1_145' title='bbox 366 1041 506 1074; x_wconf 86' lang='lat' dir='ltr'>prorsus</span> <span class='ocrx_word' id='word_1_146' title='bbox 525 1041 580 1063; x_wconf 92' lang='lat' dir='ltr'>me</span> <span class='ocrx_word' id='word_1_147' title='bbox 599 1030 847 1063; x_wconf 66' lang='lat' dir='ltr'>contriverunt.</span> <span class='ocrx_word' id='word_1_148' title='bbox 877 1028 940 1061; x_wconf 85' lang='lat' dir='ltr'>Sed</span> <span class='ocrx_word' id='word_1_149' title='bbox 960 1029 1050 1061; x_wconf 84' lang='lat' dir='ltr'>enim</span> <span class='ocrx_word' id='word_1_150' title='bbox 1071 1027 1182 1061; x_wconf 86' lang='lat' dir='ltr'>adhuc</span> <span class='ocrx_word' id='word_1_151' title='bbox 1209 1029 1291 1061; x_wconf 90' lang='lat' dir='ltr'>mihi</span> <span class='ocrx_word' id='word_1_152' title='bbox 1318 1027 1588 1062; x_wconf 80' lang='lat' dir='ltr'>intolerabiliora</span> <span class='ocrx_word' id='word_1_153' title='bbox 1615 1029 1811 1064; x_wconf 86' lang='lat' dir='ltr'>accidebant</span> 
     </span>
     <span class='ocr_line' id='line_1_16' title="bbox 140 1085 1813 1132; baseline 0.001 -13"><span class='ocrx_word' id='word_1_154' title='bbox 140 1087 292 1120; x_wconf 65' lang='lat' dir='ltr'>convicia</span> <span class='ocrx_word' id='word_1_155' title='bbox 318 1087 490 1132; x_wconf 86' lang='lat' dir='ltr'>ipsorum,</span> <span class='ocrx_word' id='word_1_156' title='bbox 512 1087 595 1120; x_wconf 87' lang='lat' dir='ltr'>mihi</span> <span class='ocrx_word' id='word_1_157' title='bbox 623 1086 763 1120; x_wconf 82' lang='lat' dir='ltr'>adsidue</span> <span class='ocrx_word' id='word_1_158' title='bbox 791 1085 1065 1122; x_wconf 84' lang='lat' dir='ltr'>inclamantium,</span> <span class='ocrx_word' id='word_1_159' title='bbox 1087 1085 1146 1118; x_wconf 92' lang='lat' dir='ltr'>ubi</span> <span class='ocrx_word' id='word_1_160' title='bbox 1173 1091 1221 1119; x_wconf 87' lang='lat' dir='ltr'>est</span> <span class='ocrx_word' id='word_1_161' title='bbox 1247 1086 1336 1119; x_wconf 91' lang='lat' dir='ltr'>Deus</span> <span class='ocrx_word' id='word_1_162' title='bbox 1363 1086 1462 1119; x_wconf 73' lang='lat' dir='ltr'>tuus?</span> <span class='ocrx_word' id='word_1_163' title='bbox 1481 1086 1658 1123; x_wconf 61' lang='lat' dir='ltr'>x&#39;idelicet.</span> <span class='ocrx_word' id='word_1_164' title='bbox 1679 1088 1755 1131; x_wconf 91' lang='lat' dir='ltr'>quis</span> <span class='ocrx_word' id='word_1_165' title='bbox 1780 1094 1813 1121; x_wconf 91' lang='lat' dir='ltr'>te</span> 
     </span>
     <span class='ocr_line' id='line_1_17' title="bbox 141 1141 1810 1188; baseline 0.001 -12"><span class='ocrx_word' id='word_1_166' title='bbox 141 1142 436 1188; x_wconf 79' lang='lat' dir='ltr'>persecutionibus</span> <span class='ocrx_word' id='word_1_167' title='bbox 461 1143 603 1188; x_wconf 73' lang='lat' dir='ltr'>eripiet?</span> <span class='ocrx_word' id='word_1_168' title='bbox 630 1142 775 1177; x_wconf 73' lang='lat' dir='ltr'>[binam</span> <span class='ocrx_word' id='word_1_169' title='bbox 801 1142 859 1175; x_wconf 92' lang='lat' dir='ltr'>ille</span> <span class='ocrx_word' id='word_1_170' title='bbox 886 1148 954 1180; x_wconf 87' lang='lat' dir='ltr'>est,</span> <span class='ocrx_word' id='word_1_171' title='bbox 976 1143 1034 1187; x_wconf 90' lang='lat' dir='ltr'>qui</span> <span class='ocrx_word' id='word_1_172' title='bbox 1061 1153 1095 1175; x_wconf 88' lang='lat' dir='ltr'>se</span> <span class='ocrx_word' id='word_1_173' title='bbox 1121 1141 1183 1175; x_wconf 88' lang='lat' dir='ltr'>tibi</span> <span class='ocrx_word' id='word_1_174' title='bbox 1209 1142 1293 1175; x_wconf 88' lang='lat' dir='ltr'>olim</span> <span class='ocrx_word' id='word_1_175' title='bbox 1320 1142 1562 1175; x_wconf 78' lang='lat' dir='ltr'>auxiliaturum</span> <span class='ocrx_word' id='word_1_176' title='bbox 1589 1145 1810 1188; x_wconf 80' lang='lat' dir='ltr'>promiserat,</span> 
     </span>
     <span class='ocr_line' id='line_1_18' title="bbox 141 1198 1813 1245; baseline 0.001 -12"><span class='ocrx_word' id='word_1_177' title='bbox 141 1201 174 1233; x_wconf 90' lang='lat' dir='ltr'>in</span> <span class='ocrx_word' id='word_1_178' title='bbox 201 1212 271 1245; x_wconf 87' lang='lat' dir='ltr'>quo</span> <span class='ocrx_word' id='word_1_179' title='bbox 296 1211 434 1233; x_wconf 91' lang='lat' dir='ltr'>omnem</span> <span class='ocrx_word' id='word_1_180' title='bbox 459 1211 554 1245; x_wconf 90' lang='lat' dir='ltr'>spem</span> <span class='ocrx_word' id='word_1_181' title='bbox 582 1207 674 1234; x_wconf 87' lang='lat' dir='ltr'>tuam</span> <span class='ocrx_word' id='word_1_182' title='bbox 700 1200 930 1245; x_wconf 81' lang='lat' dir='ltr'>reposueras‘?</span> <span class='ocrx_word' id='word_1_183' title='bbox 956 1200 1042 1233; x_wconf 88' lang='lat' dir='ltr'>Sane</span> <span class='ocrx_word' id='word_1_184' title='bbox 1066 1198 1281 1233; x_wconf 83' lang='lat' dir='ltr'>intoleranda</span> <span class='ocrx_word' id='word_1_185' title='bbox 1307 1205 1355 1232; x_wconf 84' lang='lat' dir='ltr'>est</span> <span class='ocrx_word' id='word_1_186' title='bbox 1382 1200 1502 1233; x_wconf 84' lang='lat' dir='ltr'>sanctis</span> <span class='ocrx_word' id='word_1_187' title='bbox 1531 1201 1611 1233; x_wconf 66' lang='lat' dir='ltr'>xiris</span> <span class='ocrx_word' id='word_1_188' title='bbox 1637 1200 1752 1245; x_wconf 76' lang='lat' dir='ltr'>lingua</span> <span class='ocrx_word' id='word_1_189' title='bbox 1778 1201 1813 1234; x_wconf 88' lang='lat' dir='ltr'>in</span> 
     </span>
     <span class='ocr_line' id='line_1_19' title="bbox 142 1257 532 1290; baseline 0 0"><span class='ocrx_word' id='word_1_190' title='bbox 142 1257 249 1290; x_wconf 89' lang='lat' dir='ltr'>Deum</span> <span class='ocrx_word' id='word_1_191' title='bbox 276 1257 532 1290; x_wconf 89' lang='lat' dir='ltr'>contumeliosa.</span> 
     </span>
    </p>
   </div>
   <div class='ocr_carea' id='block_1_4' title="bbox 379 1331 1573 1403">
    <p class='ocr_par' dir='ltr' id='par_1_6' title="bbox 379 1331 1573 1403">
     <span class='ocr_line' id='line_1_20' title="bbox 379 1331 1573 1359; baseline 0 -5"><span class='ocrx_word' id='word_1_192' title='bbox 379 1331 484 1357; x_wconf 73' lang='lat' dir='ltr'>Quare</span> <span class='ocrx_word' id='word_1_193' title='bbox 502 1332 602 1355; x_wconf 74' lang='lat' dir='ltr'>tristis</span> <span class='ocrx_word' id='word_1_194' title='bbox 620 1339 665 1359; x_wconf 78' lang='lat' dir='ltr'>es,</span> <span class='ocrx_word' id='word_1_195' title='bbox 681 1333 787 1354; x_wconf 82' lang='lat' dir='ltr'>anima</span> <span class='ocrx_word' id='word_1_196' title='bbox 804 1338 887 1359; x_wconf 81' lang='lat' dir='ltr'>mea,</span> <span class='ocrx_word' id='word_1_197' title='bbox 902 1334 932 1354; x_wconf 77' lang='lat' dir='ltr'>et</span> <span class='ocrx_word' id='word_1_198' title='bbox 949 1338 1047 1358; x_wconf 77' lang='lat' dir='ltr'>quare</span> <span class='ocrx_word' id='word_1_199' title='bbox 1064 1333 1231 1354; x_wconf 73' lang='lat' dir='ltr'>conturbas</span> <span class='ocrx_word' id='word_1_200' title='bbox 1247 1332 1311 1354; x_wconf 63' lang='lat' dir='ltr'>me?</span> <span class='ocrx_word' id='word_1_201' title='bbox 1327 1331 1426 1359; x_wconf 74' lang='lat' dir='ltr'>spera</span> <span class='ocrx_word' id='word_1_202' title='bbox 1443 1332 1476 1354; x_wconf 86' lang='lat' dir='ltr'>in</span> <span class='ocrx_word' id='word_1_203' title='bbox 1495 1332 1573 1359; x_wconf 77' lang='lat' dir='ltr'>Deo,</span> 
     </span>
     <span class='ocr_line' id='line_1_21' title="bbox 681 1376 1275 1403; baseline -0.002 -4"><span class='ocrx_word' id='word_1_204' title='bbox 681 1377 828 1403; x_wconf 79' lang='lat' dir='ltr'>quoniam</span> <span class='ocrx_word' id='word_1_205' title='bbox 844 1377 946 1398; x_wconf 76' lang='lat' dir='ltr'>adhuc</span> <span class='ocrx_word' id='word_1_206' title='bbox 963 1377 1132 1398; x_wconf 72' lang='lat' dir='ltr'>confitebor</span> <span class='ocrx_word' id='word_1_207' title='bbox 1150 1376 1201 1398; x_wconf 80' lang='lat' dir='ltr'>illi</span> <span class='ocrx_word' id='word_1_208' title='bbox 1219 1378 1275 1398; x_wconf 76' lang='lat' dir='ltr'>ete.</span> 
     </span>
    </p>
   </div>
   <div class='ocr_carea' id='block_1_5' title="bbox 142 1429 1815 1990">
    <p class='ocr_par' dir='ltr' id='par_1_7' title="bbox 142 1429 1815 1990">
     <span class='ocr_line' id='line_1_22' title="bbox 238 1429 1812 1476; baseline 0.002 -14"><span class='ocrx_word' id='word_1_209' title='bbox 238 1430 437 1463; x_wconf 86' lang='lat' dir='ltr'>Patientium</span> <span class='ocrx_word' id='word_1_210' title='bbox 455 1441 530 1463; x_wconf 84' lang='lat' dir='ltr'>mos</span> <span class='ocrx_word' id='word_1_211' title='bbox 548 1436 615 1467; x_wconf 87' lang='lat' dir='ltr'>est,</span> <span class='ocrx_word' id='word_1_212' title='bbox 637 1429 796 1463; x_wconf 85' lang='lat' dir='ltr'>adsiduas</span> <span class='ocrx_word' id='word_1_213' title='bbox 815 1441 928 1463; x_wconf 90' lang='lat' dir='ltr'>secum</span> <span class='ocrx_word' id='word_1_214' title='bbox 949 1430 1127 1463; x_wconf 68' lang='lat' dir='ltr'>revolvere</span> <span class='ocrx_word' id='word_1_215' title='bbox 1146 1430 1385 1474; x_wconf 81' lang='lat' dir='ltr'>cogitationes,</span> <span class='ocrx_word' id='word_1_216' title='bbox 1408 1430 1513 1463; x_wconf 91' lang='lat' dir='ltr'>modo</span> <span class='ocrx_word' id='word_1_217' title='bbox 1532 1429 1671 1474; x_wconf 89' lang='lat' dir='ltr'>quidem</span> <span class='ocrx_word' id='word_1_218' title='bbox 1690 1431 1812 1476; x_wconf 90' lang='lat' dir='ltr'>despe-</span> 
     </span>
     <span class='ocr_line' id='line_1_23' title="bbox 143 1485 1813 1533; baseline 0.001 -14"><span class='ocrx_word' id='word_1_219' title='bbox 143 1486 300 1524; x_wconf 82' lang='lat' dir='ltr'>rationis,</span> <span class='ocrx_word' id='word_1_220' title='bbox 322 1486 427 1520; x_wconf 89' lang='lat' dir='ltr'>modo</span> <span class='ocrx_word' id='word_1_221' title='bbox 453 1487 536 1531; x_wconf 88' lang='lat' dir='ltr'>spei.</span> <span class='ocrx_word' id='word_1_222' title='bbox 566 1485 604 1519; x_wconf 93' lang='lat' dir='ltr'>Id</span> <span class='ocrx_word' id='word_1_223' title='bbox 630 1497 720 1519; x_wconf 91' lang='lat' dir='ltr'>nunc</span> <span class='ocrx_word' id='word_1_224' title='bbox 745 1487 847 1520; x_wconf 90' lang='lat' dir='ltr'>etiam</span> <span class='ocrx_word' id='word_1_225' title='bbox 873 1492 945 1519; x_wconf 90' lang='lat' dir='ltr'>tum</span> <span class='ocrx_word' id='word_1_226' title='bbox 973 1487 1150 1531; x_wconf 89' lang='lat' dir='ltr'>paenitens</span> <span class='ocrx_word' id='word_1_227' title='bbox 1175 1485 1324 1525; x_wconf 86' lang='lat' dir='ltr'>Israhel,</span> <span class='ocrx_word' id='word_1_228' title='bbox 1346 1492 1418 1519; x_wconf 89' lang='lat' dir='ltr'>tum</span> <span class='ocrx_word' id='word_1_229' title='bbox 1444 1487 1544 1519; x_wconf 89' lang='lat' dir='ltr'>etiam</span> <span class='ocrx_word' id='word_1_230' title='bbox 1571 1487 1724 1532; x_wconf 70' lang='lat' dir='ltr'>captivus</span> <span class='ocrx_word' id='word_1_231' title='bbox 1750 1498 1813 1533; x_wconf 92' lang='lat' dir='ltr'>po-</span> 
     </span>
     <span class='ocr_line' id='line_1_24' title="bbox 144 1542 1809 1589; baseline 0.002 -14"><span class='ocrx_word' id='word_1_232' title='bbox 144 1542 245 1587; x_wconf 90' lang='lat' dir='ltr'>pulus</span> <span class='ocrx_word' id='word_1_233' title='bbox 265 1542 360 1576; x_wconf 84' lang='lat' dir='ltr'>facit:</span> <span class='ocrx_word' id='word_1_234' title='bbox 381 1548 524 1588; x_wconf 89' lang='lat' dir='ltr'>uterque</span> <span class='ocrx_word' id='word_1_235' title='bbox 543 1545 635 1576; x_wconf 88' lang='lat' dir='ltr'>enim</span> <span class='ocrx_word' id='word_1_236' title='bbox 654 1543 713 1576; x_wconf 89' lang='lat' dir='ltr'>diu</span> <span class='ocrx_word' id='word_1_237' title='bbox 731 1543 922 1577; x_wconf 75' lang='lat' dir='ltr'>calamitate</span> <span class='ocrx_word' id='word_1_238' title='bbox 941 1555 1000 1577; x_wconf 87' lang='lat' dir='ltr'>sua</span> <span class='ocrx_word' id='word_1_239' title='bbox 1019 1543 1160 1582; x_wconf 86' lang='lat' dir='ltr'>defleta,</span> <span class='ocrx_word' id='word_1_240' title='bbox 1182 1555 1299 1577; x_wconf 86' lang='lat' dir='ltr'>rursus</span> <span class='ocrx_word' id='word_1_241' title='bbox 1318 1544 1463 1589; x_wconf 87' lang='lat' dir='ltr'>imperat</span> <span class='ocrx_word' id='word_1_242' title='bbox 1482 1545 1642 1589; x_wconf 88' lang='lat' dir='ltr'>propriae</span> <span class='ocrx_word' id='word_1_243' title='bbox 1662 1545 1809 1583; x_wconf 87' lang='lat' dir='ltr'>animae,</span> 
     </span>
     <span class='ocr_line' id='line_1_25' title="bbox 142 1600 1814 1647; baseline 0.002 -14"><span class='ocrx_word' id='word_1_244' title='bbox 142 1611 184 1633; x_wconf 91' lang='lat' dir='ltr'>ne</span> <span class='ocrx_word' id='word_1_245' title='bbox 202 1611 357 1634; x_wconf 86' lang='lat' dir='ltr'>maerore</span> <span class='ocrx_word' id='word_1_246' title='bbox 377 1600 543 1639; x_wconf 83' lang='lat' dir='ltr'>tabescat,</span> <span class='ocrx_word' id='word_1_247' title='bbox 564 1613 649 1635; x_wconf 63' lang='lat' dir='ltr'>neve</span> <span class='ocrx_word' id='word_1_248' title='bbox 676 1600 852 1640; x_wconf 84' lang='lat' dir='ltr'>turbetur;</span> <span class='ocrx_word' id='word_1_249' title='bbox 873 1601 932 1635; x_wconf 91' lang='lat' dir='ltr'>sed</span> <span class='ocrx_word' id='word_1_250' title='bbox 951 1607 989 1634; x_wconf 88' lang='lat' dir='ltr'>ut</span> <span class='ocrx_word' id='word_1_251' title='bbox 1014 1613 1110 1647; x_wconf 86' lang='lat' dir='ltr'>spem</span> <span class='ocrx_word' id='word_1_252' title='bbox 1135 1602 1242 1646; x_wconf 84' lang='lat' dir='ltr'>magis</span> <span class='ocrx_word' id='word_1_253' title='bbox 1262 1602 1295 1634; x_wconf 92' lang='lat' dir='ltr'>in</span> <span class='ocrx_word' id='word_1_254' title='bbox 1314 1602 1386 1635; x_wconf 89' lang='lat' dir='ltr'>Deo</span> <span class='ocrx_word' id='word_1_255' title='bbox 1406 1603 1604 1639; x_wconf 87' lang='lat' dir='ltr'>constituat,</span> <span class='ocrx_word' id='word_1_256' title='bbox 1626 1602 1724 1647; x_wconf 88' lang='lat' dir='ltr'>eique</span> <span class='ocrx_word' id='word_1_257' title='bbox 1744 1613 1814 1647; x_wconf 83' lang='lat' dir='ltr'>gra-</span> 
     </span>
     <span class='ocr_line' id='line_1_26' title="bbox 142 1658 1814 1705; baseline 0.001 -14"><span class='ocrx_word' id='word_1_258' title='bbox 142 1658 204 1691; x_wconf 83' lang='lat' dir='ltr'>tias</span> <span class='ocrx_word' id='word_1_259' title='bbox 223 1664 318 1703; x_wconf 82' lang='lat' dir='ltr'>agat,</span> <span class='ocrx_word' id='word_1_260' title='bbox 341 1659 399 1704; x_wconf 94' lang='lat' dir='ltr'>qui</span> <span class='ocrx_word' id='word_1_261' title='bbox 418 1659 506 1692; x_wconf 82' lang='lat' dir='ltr'>servi</span> <span class='ocrx_word' id='word_1_262' title='bbox 526 1664 696 1704; x_wconf 85' lang='lat' dir='ltr'>assumpta</span> <span class='ocrx_word' id='word_1_263' title='bbox 722 1658 852 1697; x_wconf 88' lang='lat' dir='ltr'>forma,</span> <span class='ocrx_word' id='word_1_264' title='bbox 874 1659 981 1693; x_wconf 87' lang='lat' dir='ltr'>factus</span> <span class='ocrx_word' id='word_1_265' title='bbox 1000 1665 1049 1692; x_wconf 87' lang='lat' dir='ltr'>est</span> <span class='ocrx_word' id='word_1_266' title='bbox 1069 1670 1235 1704; x_wconf 84' lang='lat' dir='ltr'>personae</span> <span class='ocrx_word' id='word_1_267' title='bbox 1260 1666 1396 1693; x_wconf 86' lang='lat' dir='ltr'>nostrae</span> <span class='ocrx_word' id='word_1_268' title='bbox 1415 1660 1590 1698; x_wconf 65' lang='lat' dir='ltr'>Senator,</span> <span class='ocrx_word' id='word_1_269' title='bbox 1612 1659 1646 1693; x_wconf 90' lang='lat' dir='ltr'>id</span> <span class='ocrx_word' id='word_1_270' title='bbox 1667 1666 1716 1694; x_wconf 87' lang='lat' dir='ltr'>est</span> <span class='ocrx_word' id='word_1_271' title='bbox 1735 1660 1814 1705; x_wconf 88' lang='lat' dir='ltr'>pul-</span> 
     </span>
     <span class='ocr_line' id='line_1_27' title="bbox 145 1716 1815 1761; baseline 0.001 -12"><span class='ocrx_word' id='word_1_272' title='bbox 145 1726 221 1749; x_wconf 83' lang='lat' dir='ltr'>crae</span> <span class='ocrx_word' id='word_1_273' title='bbox 248 1717 338 1761; x_wconf 87' lang='lat' dir='ltr'>pacis</span> <span class='ocrx_word' id='word_1_274' title='bbox 364 1727 468 1761; x_wconf 90' lang='lat' dir='ltr'>quam</span> <span class='ocrx_word' id='word_1_275' title='bbox 493 1728 556 1749; x_wconf 88' lang='lat' dir='ltr'>nos</span> <span class='ocrx_word' id='word_1_276' title='bbox 580 1717 845 1761; x_wconf 68' lang='lat' dir='ltr'>inquinavimus.</span> <span class='ocrx_word' id='word_1_277' title='bbox 875 1736 898 1741; x_wconf 98' lang='lat'>-</span> <span class='ocrx_word' id='word_1_278' title='bbox 923 1717 1001 1750; x_wconf 77' lang='lat' dir='ltr'>Mox</span> <span class='ocrx_word' id='word_1_279' title='bbox 1027 1717 1152 1750; x_wconf 86' lang='lat' dir='ltr'>iterum</span> <span class='ocrx_word' id='word_1_280' title='bbox 1172 1716 1214 1749; x_wconf 88' lang='lat' dir='ltr'>ad</span> <span class='ocrx_word' id='word_1_281' title='bbox 1234 1716 1392 1749; x_wconf 90' lang='lat' dir='ltr'>solatium</span> <span class='ocrx_word' id='word_1_282' title='bbox 1419 1717 1566 1750; x_wconf 87' lang='lat' dir='ltr'>animam</span> <span class='ocrx_word' id='word_1_283' title='bbox 1593 1728 1687 1750; x_wconf 86' lang='lat' dir='ltr'>suam</span> <span class='ocrx_word' id='word_1_284' title='bbox 1715 1728 1815 1751; x_wconf 81' lang='lat' dir='ltr'>revo-</span> 
     </span>
     <span class='ocr_line' id='line_1_28' title="bbox 144 1773 1815 1820; baseline 0.001 -15"><span class='ocrx_word' id='word_1_285' title='bbox 144 1784 223 1805; x_wconf 87' lang='lat' dir='ltr'>cans</span> <span class='ocrx_word' id='word_1_286' title='bbox 240 1798 247 1810; x_wconf 88' lang='lat'><strong>‚</strong></span> <span class='ocrx_word' id='word_1_287' title='bbox 277 1784 337 1806; x_wconf 89' lang='lat' dir='ltr'>nec</span> <span class='ocrx_word' id='word_1_288' title='bbox 364 1774 431 1806; x_wconf 90' lang='lat' dir='ltr'>iam</span> <span class='ocrx_word' id='word_1_289' title='bbox 456 1785 611 1807; x_wconf 88' lang='lat' dir='ltr'>maerore</span> <span class='ocrx_word' id='word_1_290' title='bbox 638 1773 765 1806; x_wconf 86' lang='lat' dir='ltr'>diutius</span> <span class='ocrx_word' id='word_1_291' title='bbox 791 1773 912 1807; x_wconf 82' lang='lat' dir='ltr'>confici</span> <span class='ocrx_word' id='word_1_292' title='bbox 943 1773 1086 1811; x_wconf 64' lang='lat' dir='ltr'>volens,</span> <span class='ocrx_word' id='word_1_293' title='bbox 1116 1774 1284 1819; x_wconf 83' lang='lat' dir='ltr'>sapienter</span> <span class='ocrx_word' id='word_1_294' title='bbox 1313 1774 1449 1819; x_wconf 86' lang='lat' dir='ltr'>respicit</span> <span class='ocrx_word' id='word_1_295' title='bbox 1476 1773 1518 1806; x_wconf 89' lang='lat' dir='ltr'>ad</span> <span class='ocrx_word' id='word_1_296' title='bbox 1545 1773 1706 1807; x_wconf 86' lang='lat' dir='ltr'>fiduciam</span> <span class='ocrx_word' id='word_1_297' title='bbox 1735 1786 1815 1820; x_wconf 82' lang='lat' dir='ltr'>erga</span> 
     </span>
     <span class='ocr_line' id='line_1_29' title="bbox 146 1829 1812 1876; baseline 0.002 -15"><span class='ocrx_word' id='word_1_298' title='bbox 146 1829 274 1867; x_wconf 91' lang='lat' dir='ltr'>Deum,</span> <span class='ocrx_word' id='word_1_299' title='bbox 298 1830 431 1874; x_wconf 86' lang='lat' dir='ltr'>aitque:</span> <span class='ocrx_word' id='word_1_300' title='bbox 453 1842 558 1875; x_wconf 86' lang='lat' dir='ltr'>quare</span> <span class='ocrx_word' id='word_1_301' title='bbox 584 1831 688 1864; x_wconf 84' lang='lat' dir='ltr'>tristis</span> <span class='ocrx_word' id='word_1_302' title='bbox 713 1843 767 1869; x_wconf 88' lang='lat' dir='ltr'>es,</span> <span class='ocrx_word' id='word_1_303' title='bbox 790 1831 900 1864; x_wconf 87' lang='lat' dir='ltr'>anima</span> <span class='ocrx_word' id='word_1_304' title='bbox 926 1842 1020 1869; x_wconf 83' lang='lat' dir='ltr'>mea,</span> <span class='ocrx_word' id='word_1_305' title='bbox 1042 1837 1075 1864; x_wconf 91' lang='lat' dir='ltr'>et</span> <span class='ocrx_word' id='word_1_306' title='bbox 1093 1842 1199 1876; x_wconf 88' lang='lat' dir='ltr'>quare</span> <span class='ocrx_word' id='word_1_307' title='bbox 1217 1830 1402 1864; x_wconf 87' lang='lat' dir='ltr'>conturbas</span> <span class='ocrx_word' id='word_1_308' title='bbox 1426 1831 1506 1864; x_wconf 77' lang='lat' dir='ltr'>me‘?</span> <span class='ocrx_word' id='word_1_309' title='bbox 1532 1832 1635 1876; x_wconf 84' lang='lat' dir='ltr'>Spera</span> <span class='ocrx_word' id='word_1_310' title='bbox 1661 1832 1695 1864; x_wconf 92' lang='lat' dir='ltr'>in</span> <span class='ocrx_word' id='word_1_311' title='bbox 1722 1832 1812 1869; x_wconf 83' lang='lat' dir='ltr'>Deo,</span> 
     </span>
     <span class='ocr_line' id='line_1_30' title="bbox 145 1886 1814 1930; baseline 0.002 -13"><span class='ocrx_word' id='word_1_312' title='bbox 145 1886 307 1930; x_wconf 88' lang='lat' dir='ltr'>quoniam</span> <span class='ocrx_word' id='word_1_313' title='bbox 332 1886 443 1920; x_wconf 88' lang='lat' dir='ltr'>adhue</span> <span class='ocrx_word' id='word_1_314' title='bbox 470 1886 661 1921; x_wconf 81' lang='lat' dir='ltr'>confitebor</span> <span class='ocrx_word' id='word_1_315' title='bbox 686 1887 756 1926; x_wconf 90' lang='lat' dir='ltr'>illi;</span> <span class='ocrx_word' id='word_1_316' title='bbox 777 1887 867 1921; x_wconf 89' lang='lat' dir='ltr'>salus</span> <span class='ocrx_word' id='word_1_317' title='bbox 885 1888 1000 1922; x_wconf 67' lang='lat' dir='ltr'>vultus</span> <span class='ocrx_word' id='word_1_318' title='bbox 1026 1888 1093 1922; x_wconf 88' lang='lat' dir='ltr'>mei</span> <span class='ocrx_word' id='word_1_319' title='bbox 1112 1889 1201 1922; x_wconf 88' lang='lat' dir='ltr'>Deus</span> <span class='ocrx_word' id='word_1_320' title='bbox 1219 1899 1328 1921; x_wconf 88' lang='lat' dir='ltr'>meus.</span> <span class='ocrx_word' id='word_1_321' title='bbox 1358 1889 1466 1921; x_wconf 86' lang='lat' dir='ltr'>Porro</span> <span class='ocrx_word' id='word_1_322' title='bbox 1485 1888 1674 1922; x_wconf 87' lang='lat' dir='ltr'>dictionum</span> <span class='ocrx_word' id='word_1_323' title='bbox 1695 1888 1814 1922; x_wconf 84' lang='lat' dir='ltr'>harum</span> 
     </span>
     <span class='ocr_line' id='line_1_31' title="bbox 145 1943 948 1990; baseline 0.005 -15"><span class='ocrx_word' id='word_1_324' title='bbox 145 1943 460 1989; x_wconf 86' lang='lat' dir='ltr'>interpretationem</span> <span class='ocrx_word' id='word_1_325' title='bbox 487 1945 641 1990; x_wconf 85' lang='lat' dir='ltr'>superius</span> <span class='ocrx_word' id='word_1_326' title='bbox 667 1946 735 1979; x_wconf 90' lang='lat' dir='ltr'>iam</span> <span class='ocrx_word' id='word_1_327' title='bbox 761 1945 948 1979; x_wconf 85' lang='lat' dir='ltr'>attulimus.</span> 
     </span>
    </p>
   </div>
   <div class='ocr_carea' id='block_1_6' title="bbox 790 2042 1164 2081">
    <p class='ocr_par' dir='ltr' id='par_1_8' title="bbox 790 2042 1164 2081">
     <span class='ocr_line' id='line_1_32' title="bbox 790 2042 1164 2081; baseline 0 0"><span class='ocrx_word' id='word_1_328' title='bbox 790 2042 878 2081; x_wconf 90' lang='lat' dir='ltr'>PSA</span> <span class='ocrx_word' id='word_1_329' title='bbox 884 2042 1019 2081; x_wconf 84' lang='lat' dir='ltr'>LMUS</span> <span class='ocrx_word' id='word_1_330' title='bbox 1047 2044 1164 2081; x_wconf 82' lang='lat' dir='ltr'>XLII.</span> 
     </span>
    </p>
   </div>
   <div class='ocr_carea' id='block_1_7' title="bbox 146 2128 1822 2907">
    <p class='ocr_par' dir='ltr' id='par_1_9' title="bbox 798 2128 1161 2156">
     <span class='ocr_line' id='line_1_33' title="bbox 798 2128 1161 2156; baseline -0.003 -4"><span class='ocrx_word' id='word_1_331' title='bbox 798 2128 943 2152; x_wconf 76' lang='lat' dir='ltr'>Psalmus</span> <span class='ocrx_word' id='word_1_332' title='bbox 959 2130 1019 2156; x_wconf 81' lang='lat' dir='ltr'>ipsi</span> <span class='ocrx_word' id='word_1_333' title='bbox 1037 2129 1161 2152; x_wconf 75' lang='lat' dir='ltr'>Davidi.</span> 
     </span>
    </p>

    <p class='ocr_par' dir='ltr' id='par_1_10' title="bbox 146 2175 1822 2626">
     <span class='ocr_line' id='line_1_34' title="bbox 241 2175 1815 2224; baseline 0.001 -17"><span class='ocrx_word' id='word_1_334' title='bbox 241 2175 344 2208; x_wconf 80' lang='lat' dir='ltr'>Divus</span> <span class='ocrx_word' id='word_1_335' title='bbox 369 2175 516 2220; x_wconf 72' lang='lat' dir='ltr'>Cyrillus</span> <span class='ocrx_word' id='word_1_336' title='bbox 543 2178 607 2216; x_wconf 88' lang='lat' dir='ltr'>ait,</span> <span class='ocrx_word' id='word_1_337' title='bbox 629 2178 806 2223; x_wconf 85' lang='lat' dir='ltr'>superiore</span> <span class='ocrx_word' id='word_1_338' title='bbox 831 2179 866 2211; x_wconf 89' lang='lat' dir='ltr'>in</span> <span class='ocrx_word' id='word_1_339' title='bbox 893 2178 1025 2224; x_wconf 87' lang='lat' dir='ltr'>psalmo</span> <span class='ocrx_word' id='word_1_340' title='bbox 1052 2189 1233 2224; x_wconf 87' lang='lat' dir='ltr'>personam</span> <span class='ocrx_word' id='word_1_341' title='bbox 1260 2177 1417 2211; x_wconf 78' lang='lat' dir='ltr'>lsralielis</span> <span class='ocrx_word' id='word_1_342' title='bbox 1443 2176 1673 2211; x_wconf 85' lang='lat' dir='ltr'>introductam</span> <span class='ocrx_word' id='word_1_343' title='bbox 1697 2176 1815 2214; x_wconf 86' lang='lat' dir='ltr'>fuisse,</span> 
     </span>
     <span class='ocr_line' id='line_1_35' title="bbox 147 2231 1818 2281; baseline 0.002 -17"><span class='ocrx_word' id='word_1_344' title='bbox 147 2242 206 2264; x_wconf 83' lang='lat' dir='ltr'>ceu</span> <span class='ocrx_word' id='word_1_345' title='bbox 233 2243 319 2276; x_wconf 87' lang='lat' dir='ltr'>quae</span> <span class='ocrx_word' id='word_1_346' title='bbox 346 2231 496 2267; x_wconf 86' lang='lat' dir='ltr'>futuram</span> <span class='ocrx_word' id='word_1_347' title='bbox 515 2236 676 2269; x_wconf 79' lang='lat' dir='ltr'>extremis</span> <span class='ocrx_word' id='word_1_348' title='bbox 694 2234 908 2281; x_wconf 84' lang='lat' dir='ltr'>temporibus</span> <span class='ocrx_word' id='word_1_349' title='bbox 926 2237 1142 2270; x_wconf 73' lang='lat' dir='ltr'>vocationem</span> <span class='ocrx_word' id='word_1_350' title='bbox 1161 2247 1256 2270; x_wconf 86' lang='lat' dir='ltr'>suam</span> <span class='ocrx_word' id='word_1_351' title='bbox 1277 2242 1515 2281; x_wconf 78' lang='lat' dir='ltr'>cognosceret,</span> <span class='ocrx_word' id='word_1_352' title='bbox 1537 2241 1637 2280; x_wconf 86' lang='lat' dir='ltr'>atque</span> <span class='ocrx_word' id='word_1_353' title='bbox 1660 2233 1818 2268; x_wconf 87' lang='lat' dir='ltr'>accedere</span> 
     </span>
     <span class='ocr_line' id='line_1_36' title="bbox 146 2288 1820 2339; baseline 0.002 -19"><span class='ocrx_word' id='word_1_354' title='bbox 146 2288 308 2334; x_wconf 87' lang='lat' dir='ltr'>deinceps</span> <span class='ocrx_word' id='word_1_355' title='bbox 327 2290 369 2323; x_wconf 87' lang='lat' dir='ltr'>ad</span> <span class='ocrx_word' id='word_1_356' title='bbox 388 2291 498 2324; x_wconf 91' lang='lat' dir='ltr'>Deum</span> <span class='ocrx_word' id='word_1_357' title='bbox 525 2303 585 2337; x_wconf 91' lang='lat' dir='ltr'>per</span> <span class='ocrx_word' id='word_1_358' title='bbox 611 2292 715 2325; x_wconf 76' lang='lat' dir='ltr'>fidem</span> <span class='ocrx_word' id='word_1_359' title='bbox 742 2292 947 2339; x_wconf 86' lang='lat' dir='ltr'>discuperet.</span> <span class='ocrx_word' id='word_1_360' title='bbox 976 2294 1051 2327; x_wconf 82' lang='lat' dir='ltr'>Hoc</span> <span class='ocrx_word' id='word_1_361' title='bbox 1070 2300 1183 2327; x_wconf 87' lang='lat' dir='ltr'>autem</span> <span class='ocrx_word' id='word_1_362' title='bbox 1202 2294 1236 2326; x_wconf 91' lang='lat' dir='ltr'>in</span> <span class='ocrx_word' id='word_1_363' title='bbox 1256 2293 1391 2338; x_wconf 88' lang='lat' dir='ltr'>psalmo</span> <span class='ocrx_word' id='word_1_364' title='bbox 1410 2293 1534 2326; x_wconf 90' lang='lat' dir='ltr'>ethnici</span> <span class='ocrx_word' id='word_1_365' title='bbox 1562 2291 1681 2337; x_wconf 91' lang='lat' dir='ltr'>populi</span> <span class='ocrx_word' id='word_1_366' title='bbox 1701 2290 1820 2325; x_wconf 87' lang='lat' dir='ltr'>inferri</span> 
     </span>
     <span class='ocr_line' id='line_1_37' title="bbox 147 2346 1821 2396; baseline 0.002 -18"><span class='ocrx_word' id='word_1_367' title='bbox 147 2346 192 2379; x_wconf 88' lang='lat' dir='ltr'>ait</span> <span class='ocrx_word' id='word_1_368' title='bbox 217 2357 417 2391; x_wconf 81' lang='lat' dir='ltr'>personam,</span> <span class='ocrx_word' id='word_1_369' title='bbox 438 2350 565 2383; x_wconf 73' lang='lat' dir='ltr'>servari</span> <span class='ocrx_word' id='word_1_370' title='bbox 591 2351 755 2395; x_wconf 85' lang='lat' dir='ltr'>cupientis</span> <span class='ocrx_word' id='word_1_371' title='bbox 780 2362 842 2396; x_wconf 87' lang='lat' dir='ltr'>per</span> <span class='ocrx_word' id='word_1_372' title='bbox 869 2350 972 2384; x_wconf 79' lang='lat' dir='ltr'>tidem</span> <span class='ocrx_word' id='word_1_373' title='bbox 998 2351 1032 2384; x_wconf 93' lang='lat' dir='ltr'>in</span> <span class='ocrx_word' id='word_1_374' title='bbox 1058 2350 1243 2384; x_wconf 84' lang='lat' dir='ltr'>Christum.</span> <span class='ocrx_word' id='word_1_375' title='bbox 1268 2350 1349 2383; x_wconf 86' lang='lat' dir='ltr'>Vult</span> <span class='ocrx_word' id='word_1_376' title='bbox 1375 2361 1511 2383; x_wconf 84' lang='lat' dir='ltr'>causam</span> <span class='ocrx_word' id='word_1_377' title='bbox 1536 2359 1674 2394; x_wconf 86' lang='lat' dir='ltr'>quoque</span> <span class='ocrx_word' id='word_1_378' title='bbox 1700 2348 1821 2393; x_wconf 84' lang='lat' dir='ltr'>explo-</span> 
     </span>
     <span class='ocr_line' id='line_1_38' title="bbox 146 2403 1822 2454; baseline 0.001 -19"><span class='ocrx_word' id='word_1_379' title='bbox 146 2413 223 2436; x_wconf 89' lang='lat' dir='ltr'>rare</span> <span class='ocrx_word' id='word_1_380' title='bbox 248 2403 294 2436; x_wconf 91' lang='lat' dir='ltr'>ob</span> <span class='ocrx_word' id='word_1_381' title='bbox 319 2415 423 2449; x_wconf 86' lang='lat' dir='ltr'>quam</span> <span class='ocrx_word' id='word_1_382' title='bbox 448 2407 604 2450; x_wconf 86' lang='lat' dir='ltr'>perierit,</span> <span class='ocrx_word' id='word_1_383' title='bbox 626 2418 713 2453; x_wconf 90' lang='lat' dir='ltr'>quae</span> <span class='ocrx_word' id='word_1_384' title='bbox 740 2418 757 2440; x_wconf 90' lang='lat' dir='ltr'>a</span> <span class='ocrx_word' id='word_1_385' title='bbox 783 2407 912 2441; x_wconf 89' lang='lat' dir='ltr'>diaboli</span> <span class='ocrx_word' id='word_1_386' title='bbox 940 2407 1180 2454; x_wconf 84' lang='lat' dir='ltr'>improbitate,</span> <span class='ocrx_word' id='word_1_387' title='bbox 1202 2414 1235 2440; x_wconf 87' lang='lat' dir='ltr'>et</span> <span class='ocrx_word' id='word_1_388' title='bbox 1262 2406 1304 2441; x_wconf 87' lang='lat' dir='ltr'>ab</span> <span class='ocrx_word' id='word_1_389' title='bbox 1330 2408 1546 2453; x_wconf 86' lang='lat' dir='ltr'>impurorum</span> <span class='ocrx_word' id='word_1_390' title='bbox 1567 2406 1746 2451; x_wconf 87' lang='lat' dir='ltr'>spirituum</span> <span class='ocrx_word' id='word_1_391' title='bbox 1768 2410 1822 2449; x_wconf 62' lang='lat' dir='ltr'>ty-</span> 
     </span>
     <span class='ocr_line' id='line_1_39' title="bbox 147 2460 1821 2511; baseline 0.001 -18"><span class='ocrx_word' id='word_1_392' title='bbox 147 2460 290 2494; x_wconf 90' lang='lat' dir='ltr'>rannide</span> <span class='ocrx_word' id='word_1_393' title='bbox 315 2463 499 2507; x_wconf 89' lang='lat' dir='ltr'>repetenda</span> <span class='ocrx_word' id='word_1_394' title='bbox 525 2470 594 2497; x_wconf 85' lang='lat' dir='ltr'>est:</span> <span class='ocrx_word' id='word_1_395' title='bbox 615 2476 762 2510; x_wconf 88' lang='lat' dir='ltr'>namque</span> <span class='ocrx_word' id='word_1_396' title='bbox 788 2465 852 2499; x_wconf 92' lang='lat' dir='ltr'>hos</span> <span class='ocrx_word' id='word_1_397' title='bbox 877 2467 986 2511; x_wconf 79' lang='lat' dir='ltr'>gentis</span> <span class='ocrx_word' id='word_1_398' title='bbox 1012 2466 1104 2499; x_wconf 89' lang='lat' dir='ltr'>haud</span> <span class='ocrx_word' id='word_1_399' title='bbox 1131 2471 1265 2499; x_wconf 83' lang='lat' dir='ltr'>sanctae</span> <span class='ocrx_word' id='word_1_400' title='bbox 1285 2465 1422 2498; x_wconf 91' lang='lat' dir='ltr'>nomine</span> <span class='ocrx_word' id='word_1_401' title='bbox 1449 2463 1617 2508; x_wconf 84' lang='lat' dir='ltr'>appellat:</span> <span class='ocrx_word' id='word_1_402' title='bbox 1639 2462 1692 2496; x_wconf 69' lang='lat' dir='ltr'>vel</span> <span class='ocrx_word' id='word_1_403' title='bbox 1720 2462 1821 2495; x_wconf 87' lang='lat' dir='ltr'>etiam</span> 
     </span>
     <span class='ocr_line' id='line_1_40' title="bbox 147 2517 1822 2568; baseline 0.001 -18"><span class='ocrx_word' id='word_1_404' title='bbox 147 2517 289 2551; x_wconf 87' lang='lat' dir='ltr'>fortasse</span> <span class='ocrx_word' id='word_1_405' title='bbox 309 2519 467 2564; x_wconf 83' lang='lat' dir='ltr'>intelligit</span> <span class='ocrx_word' id='word_1_406' title='bbox 487 2520 611 2554; x_wconf 89' lang='lat' dir='ltr'>horum</span> <span class='ocrx_word' id='word_1_407' title='bbox 630 2523 820 2560; x_wconf 74' lang='lat' dir='ltr'>ministros,</span> <span class='ocrx_word' id='word_1_408' title='bbox 840 2523 1057 2557; x_wconf 87' lang='lat' dir='ltr'>ethnicorum</span> <span class='ocrx_word' id='word_1_409' title='bbox 1076 2524 1217 2568; x_wconf 84' lang='lat' dir='ltr'>inquam</span> <span class='ocrx_word' id='word_1_410' title='bbox 1235 2522 1382 2556; x_wconf 86' lang='lat' dir='ltr'>disertos</span> <span class='ocrx_word' id='word_1_411' title='bbox 1399 2528 1431 2554; x_wconf 90' lang='lat' dir='ltr'>et</span> <span class='ocrx_word' id='word_1_412' title='bbox 1456 2524 1589 2566; x_wconf 82' lang='lat' dir='ltr'>poetas:</span> <span class='ocrx_word' id='word_1_413' title='bbox 1611 2520 1739 2565; x_wconf 87' lang='lat' dir='ltr'>quippe</span> <span class='ocrx_word' id='word_1_414' title='bbox 1758 2519 1822 2552; x_wconf 81' lang='lat' dir='ltr'>lios</span> 
     </span>
     <span class='ocr_line' id='line_1_41' title="bbox 148 2574 1578 2626; baseline 0.002 -20"><span class='ocrx_word' id='word_1_415' title='bbox 148 2574 283 2619; x_wconf 90' lang='lat' dir='ltr'>iniquos</span> <span class='ocrx_word' id='word_1_416' title='bbox 308 2575 516 2621; x_wconf 88' lang='lat' dir='ltr'>dolososque</span> <span class='ocrx_word' id='word_1_417' title='bbox 542 2578 708 2623; x_wconf 84' lang='lat' dir='ltr'>appellat,</span> <span class='ocrx_word' id='word_1_418' title='bbox 732 2586 852 2626; x_wconf 89' lang='lat' dir='ltr'>utpote</span> <span class='ocrx_word' id='word_1_419' title='bbox 878 2580 1079 2626; x_wconf 86' lang='lat' dir='ltr'>deceptores</span> <span class='ocrx_word' id='word_1_420' title='bbox 1105 2592 1142 2613; x_wconf 89' lang='lat' dir='ltr'>ac</span> <span class='ocrx_word' id='word_1_421' title='bbox 1168 2579 1360 2613; x_wconf 89' lang='lat' dir='ltr'>mendaces.</span> <span class='ocrx_word' id='word_1_422' title='bbox 1390 2578 1444 2611; x_wconf 85' lang='lat' dir='ltr'>Ait</span> <span class='ocrx_word' id='word_1_423' title='bbox 1470 2578 1578 2610; x_wconf 90' lang='lat' dir='ltr'>enim:</span> 
     </span>
    </p>

    <p class='ocr_par' dir='ltr' id='par_1_11' title="bbox 386 2641 1581 2674">
     <span class='ocr_line' id='line_1_42' title="bbox 386 2641 1581 2674; baseline 0.001 -11"><span class='ocrx_word' id='word_1_424' title='bbox 386 2641 496 2664; x_wconf 77' lang='lat' dir='ltr'>ludica</span> <span class='ocrx_word' id='word_1_425' title='bbox 511 2648 574 2670; x_wconf 83' lang='lat' dir='ltr'>me,</span> <span class='ocrx_word' id='word_1_426' title='bbox 589 2643 686 2671; x_wconf 74' lang='lat' dir='ltr'>neus,</span> <span class='ocrx_word' id='word_1_427' title='bbox 701 2645 733 2667; x_wconf 77' lang='lat' dir='ltr'>et</span> <span class='ocrx_word' id='word_1_428' title='bbox 748 2645 888 2669; x_wconf 76' lang='lat' dir='ltr'>discerne</span> <span class='ocrx_word' id='word_1_429' title='bbox 903 2652 1027 2669; x_wconf 77' lang='lat' dir='ltr'>causam</span> <span class='ocrx_word' id='word_1_430' title='bbox 1044 2651 1142 2668; x_wconf 79' lang='lat' dir='ltr'>meam</span> <span class='ocrx_word' id='word_1_431' title='bbox 1159 2645 1196 2667; x_wconf 76' lang='lat' dir='ltr'>(le</span> <span class='ocrx_word' id='word_1_432' title='bbox 1213 2645 1305 2674; x_wconf 76' lang='lat' dir='ltr'>geute</span> <span class='ocrx_word' id='word_1_433' title='bbox 1322 2650 1383 2665; x_wconf 83' lang='lat' dir='ltr'>non</span> <span class='ocrx_word' id='word_1_434' title='bbox 1401 2644 1508 2665; x_wconf 78' lang='lat' dir='ltr'>sancta</span> <span class='ocrx_word' id='word_1_435' title='bbox 1524 2644 1581 2665; x_wconf 70' lang='lat' dir='ltr'>eto.</span> 
     </span>
    </p>

    <p class='ocr_par' dir='ltr' id='par_1_12' title="bbox 147 2690 1822 2907">
     <span class='ocr_line' id='line_1_43' title="bbox 242 2690 1821 2739; baseline 0.001 -17"><span class='ocrx_word' id='word_1_436' title='bbox 242 2690 309 2728; x_wconf 84' lang='lat' dir='ltr'>Tu,</span> <span class='ocrx_word' id='word_1_437' title='bbox 331 2691 487 2735; x_wconf 90' lang='lat' dir='ltr'>inquam,</span> <span class='ocrx_word' id='word_1_438' title='bbox 509 2691 592 2726; x_wconf 89' lang='lat' dir='ltr'>mihi</span> <span class='ocrx_word' id='word_1_439' title='bbox 618 2693 720 2727; x_wconf 83' lang='lat' dir='ltr'>iudex</span> <span class='ocrx_word' id='word_1_440' title='bbox 745 2700 837 2733; x_wconf 85' lang='lat' dir='ltr'>esto,</span> <span class='ocrx_word' id='word_1_441' title='bbox 858 2696 1025 2734; x_wconf 87' lang='lat' dir='ltr'>Domine;</span> <span class='ocrx_word' id='word_1_442' title='bbox 1045 2695 1103 2739; x_wconf 92' lang='lat' dir='ltr'>qui</span> <span class='ocrx_word' id='word_1_443' title='bbox 1130 2705 1200 2727; x_wconf 88' lang='lat' dir='ltr'>non</span> <span class='ocrx_word' id='word_1_444' title='bbox 1220 2704 1260 2726; x_wconf 79' lang='lat' dir='ltr'>ex</span> <span class='ocrx_word' id='word_1_445' title='bbox 1280 2692 1398 2726; x_wconf 89' lang='lat' dir='ltr'>auditu</span> <span class='ocrx_word' id='word_1_446' title='bbox 1425 2692 1570 2729; x_wconf 79' lang='lat' dir='ltr'>iudicas,</span> <span class='ocrx_word' id='word_1_447' title='bbox 1592 2691 1650 2725; x_wconf 91' lang='lat' dir='ltr'>sed</span> <span class='ocrx_word' id='word_1_448' title='bbox 1676 2692 1821 2725; x_wconf 84' lang='lat' dir='ltr'>scienter</span> 
     </span>
     <span class='ocr_line' id='line_1_44' title="bbox 148 2747 1822 2797; baseline 0.002 -17"><span class='ocrx_word' id='word_1_449' title='bbox 148 2748 199 2781; x_wconf 92' lang='lat' dir='ltr'>ius</span> <span class='ocrx_word' id='word_1_450' title='bbox 224 2747 328 2786; x_wconf 82' lang='lat' dir='ltr'>dicis;</span> <span class='ocrx_word' id='word_1_451' title='bbox 350 2759 472 2793; x_wconf 91' lang='lat' dir='ltr'>meque</span> <span class='ocrx_word' id='word_1_452' title='bbox 491 2750 630 2784; x_wconf 85' lang='lat' dir='ltr'>Satanae</span> <span class='ocrx_word' id='word_1_453' title='bbox 650 2751 864 2797; x_wconf 88' lang='lat' dir='ltr'>aliorumque</span> <span class='ocrx_word' id='word_1_454' title='bbox 883 2753 1091 2787; x_wconf 81' lang='lat' dir='ltr'>daemonum</span> <span class='ocrx_word' id='word_1_455' title='bbox 1117 2751 1366 2796; x_wconf 88' lang='lat' dir='ltr'>importunitati</span> <span class='ocrx_word' id='word_1_456' title='bbox 1387 2749 1561 2784; x_wconf 78' lang='lat' dir='ltr'>subtrahe.</span> <span class='ocrx_word' id='word_1_457' title='bbox 1590 2750 1676 2783; x_wconf 82' lang='lat' dir='ltr'>Nam</span> <span class='ocrx_word' id='word_1_458' title='bbox 1699 2748 1822 2783; x_wconf 86' lang='lat' dir='ltr'>diabo-</span> 
     </span>
     <span class='ocr_line' id='line_1_45' title="bbox 147 2804 1820 2855; baseline 0.001 -18"><span class='ocrx_word' id='word_1_459' title='bbox 147 2804 220 2838; x_wconf 90' lang='lat' dir='ltr'>lum</span> <span class='ocrx_word' id='word_1_460' title='bbox 246 2805 393 2839; x_wconf 89' lang='lat' dir='ltr'>hominis</span> <span class='ocrx_word' id='word_1_461' title='bbox 413 2808 550 2842; x_wconf 91' lang='lat' dir='ltr'>nomine</span> <span class='ocrx_word' id='word_1_462' title='bbox 570 2815 744 2855; x_wconf 86' lang='lat' dir='ltr'>nuncupat</span> <span class='ocrx_word' id='word_1_463' title='bbox 763 2810 863 2844; x_wconf 87' lang='lat' dir='ltr'>Isaias</span> <span class='ocrx_word' id='word_1_464' title='bbox 882 2810 998 2845; x_wconf 81' lang='lat' dir='ltr'>dicens</span> <span class='ocrx_word' id='word_1_465' title='bbox 1018 2810 1048 2843; x_wconf 75' lang='lat' dir='ltr'>*z</span> <span class='ocrx_word' id='word_1_466' title='bbox 1071 2809 1267 2854; x_wconf 76' lang='lat' dir='ltr'>aegyptium</span> <span class='ocrx_word' id='word_1_467' title='bbox 1294 2807 1468 2841; x_wconf 88' lang='lat' dir='ltr'>hominem</span> <span class='ocrx_word' id='word_1_468' title='bbox 1481 2833 1489 2843; x_wconf 87' lang='grc'>,</span> <span class='ocrx_word' id='word_1_469' title='bbox 1511 2818 1580 2841; x_wconf 88' lang='lat' dir='ltr'>non</span> <span class='ocrx_word' id='word_1_470' title='bbox 1605 2808 1735 2845; x_wconf 86' lang='lat' dir='ltr'>Deum,</span> <span class='ocrx_word' id='word_1_471' title='bbox 1756 2806 1820 2840; x_wconf 85' lang='lat' dir='ltr'>sibi</span> 
     </span>
     <span class='ocr_line' id='line_1_46' title="bbox 149 2862 528 2907; baseline 0.008 -12"><span class='ocrx_word' id='word_1_472' title='bbox 149 2872 251 2907; x_wconf 92' lang='lat' dir='ltr'>opem</span> <span class='ocrx_word' id='word_1_473' title='bbox 278 2862 394 2897; x_wconf 83' lang='lat' dir='ltr'>tulisse</span> <span class='ocrx_word' id='word_1_474' title='bbox 423 2865 528 2898; x_wconf 85' lang='lat' dir='ltr'>aiunt.</span> 
     </span>
    </p>
   </div>
   <div class='ocr_carea' id='block_1_8' title="bbox 1673 2930 1706 2954">
    <p class='ocr_par' dir='ltr' id='par_1_13' title="bbox 1673 2930 1706 2954">
     <span class='ocr_line' id='line_1_47' title="bbox 1673 2930 1706 2954; baseline 0 0"><span class='ocrx_word' id='word_1_475' title='bbox 1673 2930 1706 2954; x_wconf 80' lang='lat'>25</span> 
     </span>
    </p>
   </div>
   <div class='ocr_carea' id='block_1_9' title="bbox 1853 1614 1987 1640">
    <p class='ocr_par' dir='ltr' id='par_1_14' title="bbox 1853 1614 1987 1640">
     <span class='ocr_line' id='line_1_48' title="bbox 1853 1614 1987 1640; baseline 0.007 -6"><span class='ocrx_word' id='word_1_476' title='bbox 1853 1614 1889 1634; x_wconf 82' lang='lat' dir='ltr'>Gr.</span> <span class='ocrx_word' id='word_1_477' title='bbox 1905 1619 1927 1640; x_wconf 81' lang='lat' dir='ltr'>p.</span> <span class='ocrx_word' id='word_1_478' title='bbox 1942 1617 1987 1635; x_wconf 53' lang='lat'>305.</span> 
     </span>
    </p>
   </div>
   <div class='ocr_carea' id='block_1_10' title="bbox 1859 2648 1915 2663">
    <p class='ocr_par' dir='ltr' id='par_1_15' title="bbox 1859 2648 1915 2663">
     <span class='ocr_line' id='line_1_49' title="bbox 1859 2648 1915 2663; baseline 0 0"><span class='ocrx_word' id='word_1_479' title='bbox 1859 2648 1915 2663; x_wconf 75' lang='lat' dir='ltr'>V..</span> 
     </span>
    </p>
   </div>
   <div class='ocr_carea' id='block_1_11' title="bbox 1862 2816 2043 2838">
    <p class='ocr_par' dir='ltr' id='par_1_16' title="bbox 1862 2816 2043 2838">
     <span class='ocr_line' id='line_1_50' title="bbox 1862 2816 2043 2838; baseline -0.011 0"><span class='ocrx_word' id='word_1_480' title='bbox 1862 2819 1869 2826; x_wconf 93' lang='lat'>&#39;</span> <span class='ocrx_word' id='word_1_481' title='bbox 1887 2817 1913 2838; x_wconf 74' lang='lat' dir='ltr'>IS.</span> <span class='ocrx_word' id='word_1_482' title='bbox 1931 2816 2010 2838; x_wconf 76' lang='lat' dir='ltr'>XXXI.</span> <span class='ocrx_word' id='word_1_483' title='bbox 2024 2821 2043 2836; x_wconf 67' lang='grc' dir='ltr'>ῑς4</span> 
     </span>
    </p>
   </div>
  </div>
 </body>
</html>
