2205 3177
98 2139 105 2155 t
117 2138 177 2158 vrillt
193 2138 272 2159 lr'flul.

98 2164 125 2183 ad
141 2170 175 2189 ep.
191 2167 225 2185 cat
249 2181 252 2185 ,

341 188 371 208 Nt
1101 189 1248 212 EntTonts

338 251 447 293 gitur:
470 250 528 283 sed
555 257 665 283 tamen
687 262 750 295 ego
774 262 912 295 quoque
930 262 1206 286 coacervaveram
1234 263 1322 286 nova
1341 252 1459 297 Qvi-illi
1483 251 1671 297 fragmenta
1695 265 1734 287 ex
1758 255 1919 288 vaticanis
1946 266 2005 289 co·

336 307 486 342 dicibus.
510 320 546 341 ac
567 319 673 352 paene
692 308 950 352 impresseram:
970 308 1029 341 sed
1049 316 1183 354 accepta
1202 310 1338 343 interim
1358 310 1534 343 oxoniensi
1553 309 1597 342 cl.
1617 310 1643 342 1.
1661 313 1701 342 Α.
1718 311 1867 345 Crameri
1885 322 2003 357 graeca

335 370 474 399 catena.
503 365 649 397 multum
676 376 715 397 ex
743 366 904 398 xatieanis
929 365 1103 403 deminui:
1133 367 1175 399 ita
1210 373 1320 399 tamen
1352 372 1388 399 ut
1421 366 1609 411 Fragmenta
1641 377 1742 411 supra
1773 368 1892 413 viginti
1920 369 2027 401 mihi-

336 420 446 454 adbuc
473 421 598 454 inedita
629 421 880 466 superfuerint,
908 433 995 467 quae
1022 422 1102 456 huie
1129 422 1295 456 volumini
1324 423 1462 456 inserui.
1492 424 1698 468 Conquisitis
1729 425 1827 457 novis
1856 425 1890 458 in
1918 426 2003 459 Mat-

336 478 472 511 tliaeuui
492 478 608 522 Cyritti
636 478 807 523 reliquiis.
830 478 873 512 de
892 480 1139 513 commentario
1164 481 1236 513 eius
1255 478 1297 512 ad
1316 480 1467 513 Marcum
1487 479 1707 525 cogitandum
1727 491 1744 513 a
1763 491 1817 513 me
1842 492 1914 515 esse
1932 493 2003 515 non

334 534 500 570 imticaxi:
521 536 600 579 quia
620 536 652 567 in
672 546 730 573 co.
753 547 855 580 quem
882 536 964 569 olim
984 537 1143 570 Possinus
1162 537 1252 581 typis
1272 535 1466 570 barberinis
1484 538 1611 570 Romae
1630 536 1786 574 excudit,
1807 537 1923 570 Victor
1942 548 2003 571 an-

335 591 510 624 tioclienus
526 598 576 635 gut
599 597 689 625 certe
709 591 923 637 inscribitur)
940 599 1058 626 auctor
1077 594 1122 626 ait
1141 594 1311 626 neminem
1327 600 1463 638 praeter
1476 605 1511 627 se
1525 594 1789 627 commentarios
1803 593 1837 626 in
1850 594 2002 627 Marcum

330 648 514 691 scripsisse.
537 649 665 682 Revera
684 655 797 682 autem
817 661 858 682 ne
878 650 911 682 in
930 650 1092 683 vaticanis
1111 650 1250 694 quidem
1270 649 1446 683 codicibus
1464 661 1582 695 graeca
1602 650 1670 683 ulla
1688 650 1790 683 Marci
1808 649 2001 694 explanatio

332 704 474 747 legitur.
498 711 632 749 praeter
658 705 750 738 illam
776 717 878 751 quam
900 705 963 739 sub
983 706 1127 739 Victoris
1153 707 1292 740 nomine
1316 706 1443 740 editam
1469 706 1556 739 dixi:
1578 717 1666 751 quae
1691 706 1865 751 ceteroqui
1891 705 2002 739 multo

329 762 501 805 copiosior
519 761 601 794 mihi
623 763 824 807 x'ariausque
843 762 1042 796 occurrebat
1063 764 1097 796 in
1115 763 1232 796 codice
1250 769 1318 796 vat.
1337 764 1423 801 756,
1446 774 1507 796 nee
1526 774 1594 796 non
1615 764 1649 796 in
1669 761 1896 796 ottoboniano
1915 763 1998 801 113,

326 829 397 862 quo
423 819 456 850 in
485 825 632 864 utroque
655 814 842 864 'exemplari
870 831 939 853 non
960 820 1088 853 Victori
1114 819 1148 852 id
1175 831 1263 865 opus
1289 819 1452 853 tribuitur
1477 819 1536 853 sed
1556 820 1708 864 Origeni.
1737 818 1801 852 Sed
1828 825 1941 853 tamen
1967 819 2002 852 in

326 874 553 909 ottoboniano
580 876 666 910 alius
691 888 830 921 quoque
860 877 1059 910 nominatur
1088 876 1190 910 buius
1218 878 1335 922 scripti
1362 882 1482 910 auctor
1506 877 1668 911 Leontius
1695 877 1838 910 aetolus.
1866 876 2000 909 Etenim

328 931 388 965 sol.
412 933 476 970 49,
499 932 556 966 ubi
583 945 671 979 opus
696 934 834 979 incipit,
859 935 904 968 ita
930 945 965 967 se
990 933 1093 967 habet
1118 933 1255 967 titulus:
1280 925 1503 978 Ὠριγένους
1521 925 1714 980 πρόλογος
1735 926 1787 970 εἷς
1807 924 1869 967 τὴν
1893 926 2000 978 ἑρμη-

328 986 422 1020 νείαν
443 982 513 1020 τοῦ
533 982 629 1022 κατὰ
652 982 808 1035 Μάρκον
830 984 943 1032 ἁγίου
967 983 1208 1033 εὐαγγελίου.
1227 991 1309 1023 Tum
1330 991 1366 1023 in
1386 991 1539 1035 margine
1558 990 1784 1025 adscribitur:
1812 982 2001 1033 ἀλλαχοῦ

325 1042 500 1077 Λεοντίου
523 1039 594 1077 ἀπὸ
617 1040 681 1084 τῆς
702 1040 908 1084 Αἰτωλίας.
935 1048 1020 1081 Ecce
1047 1054 1160 1081 autem
1187 1047 1231 1081 cl.
1253 1047 1374 1092 anglus
1393 1047 1573 1088 Cramerus
1592 1048 1626 1081 in
1645 1046 1784 1081 duobus
1809 1057 1920 1092 nuper
1938 1057 2000 1091 pa-

325 1103 450 1135 risiacis
476 1103 669 1142 codicibus,
693 1115 754 1137 nec
773 1116 842 1137 non
863 1105 896 1137 in
916 1103 1120 1143 bodleiano,
1142 1105 1233 1138 hune
1256 1105 1290 1137 in
1309 1105 1461 1137 Marcum
1487 1105 1773 1138 commentarium
1792 1103 1909 1149 cyrilli
1929 1103 1999 1137 ale-

323 1160 478 1194 xandrini
507 1162 643 1194 nomine
663 1161 920 1206 praetitulatum
946 1161 1161 1200 observavit,
1182 1167 1215 1195 et
1234 1162 1268 1195 in
1288 1173 1348 1195 sua
1368 1168 1566 1195 catenarum
1590 1163 1677 1196 serie
1696 1173 1816 1207 graece
1840 1172 1918 1194 cum
1938 1159 1997 1194 ad·

321 1217 517 1251 ‹litamentis
543 1217 713 1252 exhibuit:
735 1219 847 1263 deque
873 1231 915 1253 eo
941 1219 1041 1253 titulo
1067 1220 1137 1252 sive
1163 1225 1304 1252 anctore
1328 1218 1484 1252 modeste
1510 1229 1548 1252 ac
1575 1218 1675 1252 docte
1699 1219 1734 1252 in
1759 1229 1839 1252 suae
1865 1216 1999 1263 praefa—

322 1276 422 1308 tionis
447 1275 538 1309 calee
563 1276 735 1309 disseruit.
765 1277 1006 1310 Verumtamen
1026 1277 1110 1310 haec
1129 1287 1193 1310 nos
1211 1276 1372 1309 historice
1398 1281 1530 1309 tantum
1557 1287 1755 1313 narramus;
1776 1286 1887 1320 neque
1906 1274 1998 1307 enim

321 1333 408 1365 iuter
432 1339 582 1377 quatuor
608 1333 691 1366 haec
717 1334 876 1371 nomina,
905 1333 1084 1378 Origenis,
1112 1332 1248 1377 Cyrilli,
1274 1333 1440 1370 Victoris,
1470 1338 1572 1377 atque
1597 1333 1749 1371 Leontii,
1777 1333 1998 1376 interponere

319 1395 474 1422 nostrum
502 1389 666 1423 iudicium
687 1390 859 1423 wilumus.
889 1390 1106 1435 Quamquam
1126 1390 1152 1423 si
1172 1400 1210 1423 ea
1230 1390 1344 1434 potius
1369 1400 1410 1422 cx
1435 1389 1579 1423 diversis
1601 1389 1758 1435 patribus
1783 1395 1901 1422 catena
1925 1393 1994 1425 est,

319 1452 353 1479 ut
381 1449 460 1480 satis
485 1453 641 1480 constare
667 1447 825 1486 videtur,
847 1459 952 1492 quarn
971 1447 1072 1481 unius
1096 1447 1247 1481 hominis
1272 1446 1487 1485 lucubratio,
1512 1458 1615 1480 nemo
1640 1448 1708 1481 iam
1731 1445 1913 1480 mirabitur
1937 1456 1995 1478 va-

316 1504 405 1536 riare
424 1504 458 1536 in
479 1503 585 1537 titulis
611 1505 751 1537 nomina
777 1510 972 1538 auctorum.
1000 1503 1090 1537 Nihil
1119 1515 1183 1537 nos
1208 1503 1313 1548 igitur
1338 1503 1455 1548 Cyrilti
1475 1503 1518 1536 ad
1542 1504 1646 1537 Marci
1671 1503 1887 1548 evangelium
1912 1513 1996 1548 pro-

315 1560 474 1602 scrimus;
497 1561 781 1606 quandoquidem
807 1573 896 1607 quae
915 1562 950 1594 in
969 1560 1146 1594 codicibus
1170 1562 1333 1594 vaticanis
1359 1561 1567 1594 incrementa
1594 1567 1711 1599 erant,
1734 1572 1773 1594 ea
1799 1570 1912 1605 neque
1929 1560 1996 1604 Cy-

317 1618 383 1650 rilli
404 1629 527 1651 nomen
555 1624 696 1664 gerunt,
718 1630 828 1663 neque
846 1619 914 1651 iam
935 1624 1013 1663 post
1031 1618 1252 1651 oxoniensem
1280 1617 1410 1651 librum
1429 1618 1602 1663 incognita
1621 1624 1711 1651 sunt.
1741 1617 1806 1651 Sed
1830 1628 1907 1650 eece
1933 1616 1995 1649 dc-

315 1686 410 1708 inum
429 1675 545 1720 Cyrilli
572 1675 720 1720 grandes
738 1682 771 1709 et
790 1674 949 1709 indubias
968 1675 1011 1708 ad
1030 1675 1156 1708 Lucam
1183 1673 1460 1713 lucubrationes,
1483 1676 1517 1708 in
1537 1676 1715 1720 superiore
1734 1674 1910 1708 volumine
1932 1683 1996 1707 nos

313 1733 375 1776 ipsi
402 1732 585 1765 edidimus.
614 1732 667 1765 Ad
694 1733 858 1766 Iohannis
888 1731 1104 1777 evangelium
1129 1737 1219 1765 extat
1244 1742 1387 1776 magnus
1414 1731 1531 1776 cyrilti
1557 1731 1743 1765 duodecim
1774 1731 1871 1764 libris
1898 1741 1994 1764 com-

312 1790 514 1832 mentariusg
536 1790 596 1823 sed
614 1791 694 1835 quia
720 1790 855 1835 septimi
875 1795 909 1822 et
930 1790 1042 1823 octaxi
1062 1788 1142 1822 libri
1164 1789 1304 1827 lacuna,
1328 1789 1464 1823 nonnisi
1485 1800 1551 1834 ope
1572 1795 1710 1823 catenae
1728 1788 1915 1833 gallicanae
1934 1798 1994 1821 ex-

313 1847 402 1892 pleta
424 1853 607 1892 utcumque
628 1847 756 1885 fuerat,
779 1846 844 1880 alia
862 1845 947 1880 mihi
968 1846 1205 1891 supplementa
1225 1847 1363 1879 inventa
1383 1852 1479 1884 sunt,
1500 1857 1589 1891 quae
1609 1858 1721 1891 neque
1740 1844 1914 1879 Aubertus
1931 1855 1993 1878 ne-

311 1904 580 1948 que,C0rdcrius
599 1905 633 1937 in
653 1904 822 1949 excerptis
843 1903 1037 1937 babuerunt
1050 1929 1058 1941 ,
1081 1909 1114 1936 et
1133 1903 1346 1948 praedictum
1365 1903 1612 1936 detrimentum
1634 1904 1806 1936 minuunt.
1834 1902 1887 1935 Ad
1907 1912 1992 1947 apo-

310 1961 478 1995 stolorum
511 1967 606 1995 actus
630 1961 821 2006 fragmenta
847 1961 966 2006 Cyritli
993 1971 1194 2006 paraveram
1222 1961 1432 1994 Oecumcnio
1464 1961 1659 2005 incognita;
1688 1960 1748 1994 sed
1780 1971 1818 1994 ea
1849 1960 1991 1993 demum

309 2019 428 2056 omisi,
454 2025 590 2063 praeter
617 2030 743 2057 unum,
768 2024 952 2064 postquam
976 2018 1123 2063 cognovi
1151 2028 1300 2062 nuperas
1325 2017 1368 2050 ad
1395 2029 1475 2051 cum
1501 2017 1631 2051 librum
1657 2030 1698 2051 cx
1729 2018 1856 2051 eatenis
1876 2022 1991 2050 acces-

310 2075 433 2109 siones.
464 2077 640 2110 Postremo
667 2076 709 2109 ad
735 2075 957 2121 apocalypsin
980 2075 1062 2108 nihil
1092 2074 1204 2108 habeo
1227 2075 1344 2120 Cyrilti
1371 2075 1464 2120 quod
1490 2074 1656 2109 adseram.

404 2133 438 2165 3.
468 2132 634 2177 Cyrillum
659 2132 842 2166 catholicas
866 2143 1007 2177 quoque
1026 2132 1187 2177 epistolas
1211 2133 1468 2165 commentariis
1492 2133 1560 2166 suis
1585 2133 1779 2170 ornaxisse,
1803 2132 1882 2165 satis
1906 2143 1990 2165 con-

307 2188 418 2223 stabat
439 2190 530 2235 apud
553 2190 849 2224 Montfauconium
868 2189 1033 2224 Biblioth.
1057 2190 1190 2223 coislin.
1214 2201 1248 2235 p.
1277 2191 1360 2225 1653.
1385 2189 1443 2223 ubi
1463 2191 1543 2224 isin
1568 2191 1806 2236 antiquissimo
1830 2190 1989 2234 miroque

306 2246 425 2281 codice
448 2248 553 2281 ·CC11-
575 2248 698 2281 saeculi
723 2249 774 2281 Ὗ·
797 2248 848 2281 vel
873 2249 942 2281 ·V1·
964 2254 1081 2281 narrat
1106 2254 1221 2281 extare
1249 2253 1320 2281 tum
1345 2248 1493 2281 aliorum
1517 2255 1673 2293 patrum,
1700 2254 1771 2281 tuin
1798 2248 1900 2281 etiam
1922 2247 1988 2291 Cy-

304 2303 373 2336 rilli
401 2303 548 2343 scholia,
572 2316 660 2349 quae
681 2311 792 2338 tamen
816 2306 888 2351 ipse
914 2316 984 2338 non
1009 2305 1139 2338 recitat.
1170 2304 1234 2338 Sed
1261 2306 1352 2338 enini
1379 2305 1557 2350 complura
1583 2305 1641 2338 dat
1664 2305 1845 2338 Cramerus
1870 2305 1904 2337 in
1931 2316 1987 2338 ca-

307 2367 383 2395 tena
410 2361 452 2394 ad
478 2361 662 2395 catholicas
690 2374 800 2408 nuper
826 2363 949 2395 Oxonii
981 2362 1084 2395 edita.
1114 2363 1186 2407 Ego
1211 2374 1296 2395 xero
1324 2374 1432 2407 quum
1459 2362 1578 2407 Cyrilli
1610 2373 1737 2395 nomen
1763 2363 1797 2395 in
1824 2362 1987 2395 xaticauis

304 2418 346 2450 ad
373 2425 429 2451 eas
454 2419 616 2464 epistolas
642 2420 895 2453 commentariis
921 2418 1046 2453 frustra
1070 2420 1296 2464 quaesissem,
1321 2419 1460 2452 tandein
1483 2420 1536 2452 liis
1562 2418 1685 2453 diebus
1710 2419 1845 2464 gemina
1872 2419 1986 2464 reperi

302 2474 419 2518 Cyritli
446 2475 489 2508 ad
516 2477 661 2520 primam
687 2475 848 2510 Iohannis
871 2475 1051 2522 epistolam
1076 2476 1224 2514 scholia,
1246 2487 1334 2520 qnae
1360 2476 1472 2510 fausto
1498 2488 1578 2510 casu
1604 2477 1819 2510 conservavit
1838 2477 1907 2509 Leo
1926 2486 1984 2521 pa-

304 2531 420 2565 tricius
445 2538 477 2565 et
502 2532 647 2566 Caniclei
676 2533 869 2578 praefectus
895 2534 930 2566 in
960 2544 1020 2567 sua
1046 2533 1172 2566 inedita
1203 2534 1380 2577 utriusque
1406 2534 1610 2567 Testamenti
1637 2534 1823 2566 summaria
1848 2533 1985 2578 exposi-

303 2589 413 2626 tione,
436 2590 530 2622 cuius
548 2590 631 2624 olim
657 2592 725 2625 Leo
751 2591 899 2625 Allatius
917 2591 961 2625 de
979 2591 1260 2637 Engastrimytho
1286 2603 1386 2637 capp.
1401 2593 1444 2625 19.
1467 2598 1499 2625 et
1520 2593 1584 2629 ΞΟ,
1609 2591 1704 2625 locos
1724 2598 1792 2625 tres
1811 2591 1960 2624 recitavit
1974 2615 1982 2626 ,

301 2646 360 2689 qui
389 2646 430 2679 ad
455 2647 657 2681 Testamenti
690 2649 814 2682 veteris
845 2648 954 2682 libros
984 2655 1151 2694 spectant.
1182 2650 1271 2689 Quin
1301 2649 1388 2682 adeo
1421 2649 1454 2681 in
1487 2648 1666 2682 codicibus
1695 2659 1835 2694 quoque
1860 2646 1986 2680 vindo-

301 2700 512 2736 bonensibus
536 2705 614 2737 157.
636 2710 668 2737 et
693 2707 774 2739 230.
802 2706 894 2752 apud
919 2705 1140 2740 Lambecium
1168 2706 1258 2739 idem
1285 2707 1408 2739 Leonis
1433 2706 1565 2751 patricii
1592 2717 1681 2751 opus
1705 2717 1774 2739 scrx
1785 2710 1872 2738 atur.
1901 2703 1983 2737 Mihi

300 2759 441 2804 quidem
468 2760 539 2795 duo
564 2762 729 2806 praedicti
756 2764 871 2809 operis
895 2763 1030 2797 codices
1049 2764 1194 2797 vaticani
1221 2764 1388 2809 comperti
1410 2769 1506 2801 sunt,
1531 2775 1682 2808 quorum
1707 2762 1792 2796 alter
1819 2762 1984 2805 integrior

301 2817 434 2861 gemina
463 2829 551 2863 quae
569 2819 638 2852 dixi
665 2820 781 2865 Cj‘rilli
802 2820 931 2855 scholia
955 2820 1199 2867 suppeditavit.
1231 2819 1410 2865 (Alterum
1437 2831 1577 2865 qnoque
1601 2819 1725 2854 diversi
1745 2819 1880 2864 generis
1899 2818 1983 2852 milii
