<?xml version="1.0" encoding="UTF-8"?>
<!DOCTYPE html PUBLIC "-//W3C//DTD XHTML 1.0 Transitional//EN"
    "http://www.w3.org/TR/xhtml1/DTD/xhtml1-transitional.dtd">
<html xmlns="http://www.w3.org/1999/xhtml" xml:lang="en" lang="en">
 <head>
  <title>
</title>
<meta http-equiv="Content-Type" content="text/html;charset=utf-8" />
  <meta name='ocr-system' content='tesseract 3.04.00' />
  <meta name='ocr-capabilities' content='ocr_page ocr_carea ocr_par ocr_line ocrx_word'/>
</head>
<body>
  <div class='ocr_page' id='page_1' title='image "./novaepatrumbibli03maiauoft/novaepatrumbibli03maiauoft_0725.png"; bbox 0 0 2205 3177; ppageno 0'>
   <div class='ocr_carea' id='block_1_1' title="bbox 797 174 1815 206">
    <p class='ocr_par' dir='ltr' id='par_1_1' title="bbox 797 174 1815 206">
     <span class='ocr_line' id='line_1_1' title="bbox 797 174 1815 206; baseline 0.001 -2"><span class='ocrx_word' id='word_1_1' title='bbox 797 182 830 205; x_wconf 73' lang='lat' dir='ltr'>m</span> <span class='ocrx_word' id='word_1_2' title='bbox 855 183 1007 204; x_wconf 75' lang='lat' dir='ltr'>PSALMUM</span> <span class='ocrx_word' id='word_1_3' title='bbox 1035 184 1153 205; x_wconf 72' lang='lat' dir='ltr'>wau.</span> <span class='ocrx_word' id='word_1_4' title='bbox 1746 174 1815 206; x_wconf 65' lang='grc' dir='ltr'>ΞΠ</span> 
     </span>
    </p>
   </div>
   <div class='ocr_carea' id='block_1_2' title="bbox 130 245 2054 2883">
    <p class='ocr_par' dir='ltr' id='par_1_2' title="bbox 130 245 2054 2883">
     <span class='ocr_line' id='line_1_2' title="bbox 130 245 1994 296; baseline -0.001 -13"><span class='ocrx_word' id='word_1_5' title='bbox 130 251 213 296; x_wconf 85' lang='lat' dir='ltr'>ipsis</span> <span class='ocrx_word' id='word_1_6' title='bbox 239 259 429 294; x_wconf 82' lang='lat' dir='ltr'>numquam</span> <span class='ocrx_word' id='word_1_7' title='bbox 456 247 610 281; x_wconf 87' lang='lat' dir='ltr'>desinam</span> <span class='ocrx_word' id='word_1_8' title='bbox 637 258 755 293; x_wconf 70' lang='lat' dir='ltr'>preces</span> <span class='ocrx_word' id='word_1_9' title='bbox 782 258 873 280; x_wconf 86' lang='lat' dir='ltr'>meas</span> <span class='ocrx_word' id='word_1_10' title='bbox 901 245 959 280; x_wconf 84' lang='lat' dir='ltr'>tibi</span> <span class='ocrx_word' id='word_1_11' title='bbox 987 247 1126 281; x_wconf 79' lang='lat' dir='ltr'>offerre.</span> <span class='ocrx_word' id='word_1_12' title='bbox 1155 248 1230 280; x_wconf 78' lang='lat' dir='ltr'>Hoc</span> <span class='ocrx_word' id='word_1_13' title='bbox 1258 247 1336 280; x_wconf 87' lang='lat' dir='ltr'>inde</span> <span class='ocrx_word' id='word_1_14' title='bbox 1364 253 1455 293; x_wconf 87' lang='lat' dir='ltr'>patet</span> <span class='ocrx_word' id='word_1_15' title='bbox 1471 274 1479 284; x_wconf 79' lang='grc'><strong>.</strong></span> <span class='ocrx_word' id='word_1_16' title='bbox 1507 248 1586 292; x_wconf 87' lang='lat' dir='ltr'>quia</span> <span class='ocrx_word' id='word_1_17' title='bbox 1612 247 1817 292; x_wconf 80' lang='lat' dir='ltr'>evangelista</span> <span class='ocrx_word' id='word_1_18' title='bbox 1858 260 1895 280; x_wconf 70' lang='lat' dir='ltr'>ar.</span> <span class='ocrx_word' id='word_1_19' title='bbox 1911 268 1933 287; x_wconf 70' lang='grc' dir='ltr'>ρ.</span> <span class='ocrx_word' id='word_1_20' title='bbox 1949 264 1994 281; x_wconf 55' lang='grc' dir='ltr'>Μ.</span> 
     </span>
     <span class='ocr_line' id='line_1_3' title="bbox 133 303 2023 353; baseline -0.002 -12"><span class='ocrx_word' id='word_1_21' title='bbox 133 308 212 342; x_wconf 85' lang='lat' dir='ltr'>facit</span> <span class='ocrx_word' id='word_1_22' title='bbox 237 318 316 341; x_wconf 88' lang='lat' dir='ltr'>eum</span> <span class='ocrx_word' id='word_1_23' title='bbox 336 304 371 339; x_wconf 82' lang='lat' dir='ltr'>in</span> <span class='ocrx_word' id='word_1_24' title='bbox 392 318 492 339; x_wconf 78' lang='lat' dir='ltr'>cruce</span> <span class='ocrx_word' id='word_1_25' title='bbox 520 317 583 351; x_wconf 90' lang='lat' dir='ltr'>pro</span> <span class='ocrx_word' id='word_1_26' title='bbox 603 303 865 339; x_wconf 67' lang='lat' dir='ltr'>crucifixoribus</span> <span class='ocrx_word' id='word_1_27' title='bbox 891 310 1047 337; x_wconf 84' lang='lat' dir='ltr'>orantem</span> <span class='ocrx_word' id='word_1_28' title='bbox 1071 306 1093 337; x_wconf 87' lang='lat'>&#39;.</span> <span class='ocrx_word' id='word_1_29' title='bbox 1117 305 1248 338; x_wconf 81' lang='lat' dir='ltr'>Deinde</span> <span class='ocrx_word' id='word_1_30' title='bbox 1267 304 1372 338; x_wconf 60' lang='lat' dir='ltr'>verba</span> <span class='ocrx_word' id='word_1_31' title='bbox 1400 306 1503 338; x_wconf 85' lang='lat' dir='ltr'>etiam</span> <span class='ocrx_word' id='word_1_32' title='bbox 1529 305 1693 338; x_wconf 78' lang='lat' dir='ltr'>orationis</span> <span class='ocrx_word' id='word_1_33' title='bbox 1713 306 1746 338; x_wconf 90' lang='lat' dir='ltr'>in</span> <span class='ocrx_word' id='word_1_34' title='bbox 1766 316 1818 338; x_wconf 81' lang='lat' dir='ltr'>se·</span> <span class='ocrx_word' id='word_1_35' title='bbox 1858 306 1936 353; x_wconf 40' lang='lat' dir='ltr'>gntae.</span> <span class='ocrx_word' id='word_1_36' title='bbox 1953 306 2023 327; x_wconf 53' lang='lat'>”¹¹¹</span> 
     </span>
     <span class='ocr_line' id='line_1_4' title="bbox 130 364 454 410; baseline -0.006 -11"><span class='ocrx_word' id='word_1_37' title='bbox 130 364 318 410; x_wconf 85' lang='lat' dir='ltr'>quentibus</span> <span class='ocrx_word' id='word_1_38' title='bbox 345 364 454 409; x_wconf 91' lang='lat' dir='ltr'>ponit.</span> 
     </span>
     <span class='ocr_line' id='line_1_5' title="bbox 743 427 1927 454; baseline 0.003 -5"><span class='ocrx_word' id='word_1_39' title='bbox 743 427 877 454; x_wconf 74' lang='lat' dir='ltr'>Tempus</span> <span class='ocrx_word' id='word_1_40' title='bbox 894 427 1099 454; x_wconf 72' lang='lat' dir='ltr'>beneplaciti,</span> <span class='ocrx_word' id='word_1_41' title='bbox 1117 427 1210 450; x_wconf 76' lang='lat' dir='ltr'>Deus.</span> <span class='ocrx_word' id='word_1_42' title='bbox 1859 438 1878 452; x_wconf 63' lang='grc' dir='ltr'>ν.</span> <span class='ocrx_word' id='word_1_43' title='bbox 1898 436 1927 452; x_wconf 55' lang='grc' dir='ltr'>ιι.</span> 
     </span>
     <span class='ocr_line' id='line_1_6' title="bbox 229 477 1821 524; baseline -0.001 -11"><span class='ocrx_word' id='word_1_44' title='bbox 229 479 356 513; x_wconf 89' lang='lat' dir='ltr'>Placuit</span> <span class='ocrx_word' id='word_1_45' title='bbox 384 480 456 512; x_wconf 85' lang='lat' dir='ltr'>Deo</span> <span class='ocrx_word' id='word_1_46' title='bbox 483 479 571 524; x_wconf 84' lang='lat' dir='ltr'>patri</span> <span class='ocrx_word' id='word_1_47' title='bbox 598 483 718 511; x_wconf 85' lang='lat' dir='ltr'>cuncta</span> <span class='ocrx_word' id='word_1_48' title='bbox 745 478 935 510; x_wconf 77' lang='lat' dir='ltr'>instaurare</span> <span class='ocrx_word' id='word_1_49' title='bbox 954 477 989 509; x_wconf 91' lang='lat' dir='ltr'>in</span> <span class='ocrx_word' id='word_1_50' title='bbox 1007 477 1162 515; x_wconf 71' lang='lat' dir='ltr'>Christo,</span> <span class='ocrx_word' id='word_1_51' title='bbox 1188 477 1221 509; x_wconf 89' lang='lat' dir='ltr'>id</span> <span class='ocrx_word' id='word_1_52' title='bbox 1249 483 1298 510; x_wconf 83' lang='lat' dir='ltr'>est</span> <span class='ocrx_word' id='word_1_53' title='bbox 1319 489 1492 511; x_wconf 79' lang='lat' dir='ltr'>resumere</span> <span class='ocrx_word' id='word_1_54' title='bbox 1512 489 1548 510; x_wconf 80' lang='lat' dir='ltr'>ac</span> <span class='ocrx_word' id='word_1_55' title='bbox 1569 478 1747 511; x_wconf 77' lang='lat' dir='ltr'>restituere</span> <span class='ocrx_word' id='word_1_56' title='bbox 1768 490 1821 511; x_wconf 86' lang='lat' dir='ltr'>re-</span> 
     </span>
     <span class='ocr_line' id='line_1_7' title="bbox 132 534 1822 581; baseline -0.002 -10"><span class='ocrx_word' id='word_1_57' title='bbox 132 549 212 570; x_wconf 87' lang='lat' dir='ltr'>rum</span> <span class='ocrx_word' id='word_1_58' title='bbox 238 543 397 570; x_wconf 83' lang='lat' dir='ltr'>naturam</span> <span class='ocrx_word' id='word_1_59' title='bbox 416 538 451 570; x_wconf 91' lang='lat' dir='ltr'>in</span> <span class='ocrx_word' id='word_1_60' title='bbox 470 536 652 581; x_wconf 88' lang='lat' dir='ltr'>pristinum</span> <span class='ocrx_word' id='word_1_61' title='bbox 678 541 817 568; x_wconf 83' lang='lat' dir='ltr'>statum.</span> <span class='ocrx_word' id='word_1_62' title='bbox 847 536 932 568; x_wconf 76' lang='lat' dir='ltr'>Nam</span> <span class='ocrx_word' id='word_1_63' title='bbox 960 534 1215 580; x_wconf 80' lang='lat' dir='ltr'>beneplacitum</span> <span class='ocrx_word' id='word_1_64' title='bbox 1235 542 1335 568; x_wconf 73' lang='lat' dir='ltr'>vocat</span> <span class='ocrx_word' id='word_1_65' title='bbox 1354 536 1415 569; x_wconf 90' lang='lat' dir='ltr'>Dei</span> <span class='ocrx_word' id='word_1_66' title='bbox 1441 536 1653 569; x_wconf 65' lang='lat' dir='ltr'>voluntatem</span> <span class='ocrx_word' id='word_1_67' title='bbox 1674 547 1736 569; x_wconf 75' lang='lat' dir='ltr'>nos</span> <span class='ocrx_word' id='word_1_68' title='bbox 1755 535 1822 569; x_wconf 86' lang='lat' dir='ltr'>sal-</span> 
     </span>
     <span class='ocr_line' id='line_1_8' title="bbox 133 591 1820 640; baseline 0 -14"><span class='ocrx_word' id='word_1_69' title='bbox 133 594 255 631; x_wconf 60' lang='lat' dir='ltr'>tandi.</span> <span class='ocrx_word' id='word_1_70' title='bbox 276 600 381 640; x_wconf 89' lang='lat' dir='ltr'>prout</span> <span class='ocrx_word' id='word_1_71' title='bbox 400 594 430 627; x_wconf 89' lang='lat' dir='ltr'>ei</span> <span class='ocrx_word' id='word_1_72' title='bbox 450 593 537 627; x_wconf 89' lang='lat' dir='ltr'>bene</span> <span class='ocrx_word' id='word_1_73' title='bbox 555 593 666 626; x_wconf 78' lang='lat' dir='ltr'>visum</span> <span class='ocrx_word' id='word_1_74' title='bbox 686 598 749 626; x_wconf 74' lang='lat' dir='ltr'>est.</span> <span class='ocrx_word' id='word_1_75' title='bbox 770 593 855 626; x_wconf 90' lang='lat' dir='ltr'>Cum</span> <span class='ocrx_word' id='word_1_76' title='bbox 874 603 958 637; x_wconf 74' lang='lat' dir='ltr'>ergo</span> <span class='ocrx_word' id='word_1_77' title='bbox 976 592 1068 625; x_wconf 64' lang='lat' dir='ltr'>i‘enit</span> <span class='ocrx_word' id='word_1_78' title='bbox 1090 591 1270 637; x_wconf 72' lang='lat' dir='ltr'>plenitudo</span> <span class='ocrx_word' id='word_1_79' title='bbox 1291 593 1470 637; x_wconf 83' lang='lat' dir='ltr'>temporis,</span> <span class='ocrx_word' id='word_1_80' title='bbox 1493 593 1582 626; x_wconf 77' lang='lat' dir='ltr'>misit</span> <span class='ocrx_word' id='word_1_81' title='bbox 1602 594 1692 626; x_wconf 85' lang='lat' dir='ltr'>Deus</span> <span class='ocrx_word' id='word_1_82' title='bbox 1712 593 1820 627; x_wconf 79' lang='lat' dir='ltr'>filium</span> 
     </span>
     <span class='ocr_line' id='line_1_9' title="bbox 134 649 2023 695; baseline -0.001 -9"><span class='ocrx_word' id='word_1_83' title='bbox 134 664 235 686; x_wconf 79' lang='lat' dir='ltr'>suum</span> <span class='ocrx_word' id='word_1_84' title='bbox 263 652 388 686; x_wconf 85' lang='lat' dir='ltr'>factum</span> <span class='ocrx_word' id='word_1_85' title='bbox 415 663 455 685; x_wconf 86' lang='lat' dir='ltr'>ex</span> <span class='ocrx_word' id='word_1_86' title='bbox 480 650 645 689; x_wconf 83' lang='lat' dir='ltr'>muliere,</span> <span class='ocrx_word' id='word_1_87' title='bbox 676 649 803 684; x_wconf 79' lang='lat' dir='ltr'>factum</span> <span class='ocrx_word' id='word_1_88' title='bbox 829 649 893 683; x_wconf 89' lang='lat' dir='ltr'>sub</span> <span class='ocrx_word' id='word_1_89' title='bbox 920 651 1014 695; x_wconf 72' lang='lat' dir='ltr'>lege,</span> <span class='ocrx_word' id='word_1_90' title='bbox 1037 656 1072 683; x_wconf 89' lang='lat' dir='ltr'>ut</span> <span class='ocrx_word' id='word_1_91' title='bbox 1099 661 1157 683; x_wconf 82' lang='lat' dir='ltr'>eos</span> <span class='ocrx_word' id='word_1_92' title='bbox 1183 650 1242 694; x_wconf 85' lang='lat' dir='ltr'>qui</span> <span class='ocrx_word' id='word_1_93' title='bbox 1270 649 1333 682; x_wconf 89' lang='lat' dir='ltr'>sub</span> <span class='ocrx_word' id='word_1_94' title='bbox 1360 650 1435 695; x_wconf 80' lang='lat' dir='ltr'>lege</span> <span class='ocrx_word' id='word_1_95' title='bbox 1462 657 1556 684; x_wconf 86' lang='lat' dir='ltr'>erant</span> <span class='ocrx_word' id='word_1_96' title='bbox 1586 651 1769 685; x_wconf 76' lang='lat' dir='ltr'>redimeret</span> <span class='ocrx_word' id='word_1_97' title='bbox 1794 652 1817 684; x_wconf 82' lang='lat'>&#39;.</span> <span class='ocrx_word' id='word_1_98' title='bbox 1864 659 1936 679; x_wconf 70' lang='lat'>·‹;:‚1.</span> <span class='ocrx_word' id='word_1_99' title='bbox 1952 659 1990 680; x_wconf 57' lang='lat' dir='ltr'>lv·</span> <span class='ocrx_word' id='word_1_100' title='bbox 2006 664 2023 680; x_wconf 59' lang='lat'>4-</span> 
     </span>
     <span class='ocr_line' id='line_1_10' title="bbox 131 706 1821 755; baseline -0.001 -13"><span class='ocrx_word' id='word_1_101' title='bbox 131 710 249 750; x_wconf 82' lang='lat' dir='ltr'>Quum</span> <span class='ocrx_word' id='word_1_102' title='bbox 275 721 358 755; x_wconf 88' lang='lat' dir='ltr'>ergo</span> <span class='ocrx_word' id='word_1_103' title='bbox 377 709 443 742; x_wconf 79' lang='lat' dir='ltr'>hoc</span> <span class='ocrx_word' id='word_1_104' title='bbox 461 707 527 741; x_wconf 89' lang='lat' dir='ltr'>sibi</span> <span class='ocrx_word' id='word_1_105' title='bbox 554 708 734 754; x_wconf 88' lang='lat' dir='ltr'>proposito</span> <span class='ocrx_word' id='word_1_106' title='bbox 762 707 830 741; x_wconf 77' lang='lat' dir='ltr'>tine</span> <span class='ocrx_word' id='word_1_107' title='bbox 856 708 1019 745; x_wconf 65' lang='lat' dir='ltr'>xenissm,</span> <span class='ocrx_word' id='word_1_108' title='bbox 1045 708 1109 741; x_wconf 90' lang='lat' dir='ltr'>ait:</span> <span class='ocrx_word' id='word_1_109' title='bbox 1133 714 1267 753; x_wconf 89' lang='lat' dir='ltr'>tempus</span> <span class='ocrx_word' id='word_1_110' title='bbox 1294 706 1518 752; x_wconf 66' lang='lat' dir='ltr'>beneplaciti:</span> <span class='ocrx_word' id='word_1_111' title='bbox 1540 708 1635 752; x_wconf 83' lang='lat' dir='ltr'>quod</span> <span class='ocrx_word' id='word_1_112' title='bbox 1664 708 1753 741; x_wconf 86' lang='lat' dir='ltr'>idem</span> <span class='ocrx_word' id='word_1_113' title='bbox 1773 716 1821 741; x_wconf 65' lang='lat' dir='ltr'>est</span> 
     </span>
     <span class='ocr_line' id='line_1_11' title="bbox 135 765 2054 811; baseline -0.003 -12"><span class='ocrx_word' id='word_1_114' title='bbox 135 772 237 811; x_wconf 88' lang='lat' dir='ltr'>atque</span> <span class='ocrx_word' id='word_1_115' title='bbox 263 766 349 799; x_wconf 85' lang='lat' dir='ltr'>illud</span> <span class='ocrx_word' id='word_1_116' title='bbox 372 767 403 798; x_wconf 72' lang='grc' dir='ltr'>ἐ</span> <span class='ocrx_word' id='word_1_117' title='bbox 428 766 523 799; x_wconf 74' lang='lat' dir='ltr'>venit</span> <span class='ocrx_word' id='word_1_118' title='bbox 547 765 646 799; x_wconf 88' lang='lat' dir='ltr'>hora.</span> <span class='ocrx_word' id='word_1_119' title='bbox 1861 773 2020 794; x_wconf 74' lang='lat' dir='ltr'>·10h.xvn.</span> <span class='ocrx_word' id='word_1_120' title='bbox 2040 777 2054 794; x_wconf 84' lang='lat' dir='ltr'>t.</span> 
     </span>
     <span class='ocr_line' id='line_1_12' title="bbox 356 830 1931 857; baseline -0.001 -4"><span class='ocrx_word' id='word_1_121' title='bbox 356 831 395 853; x_wconf 82' lang='lat' dir='ltr'>In</span> <span class='ocrx_word' id='word_1_122' title='bbox 413 831 621 853; x_wconf 75' lang='lat' dir='ltr'>multitudine</span> <span class='ocrx_word' id='word_1_123' title='bbox 636 831 869 853; x_wconf 75' lang='lat' dir='ltr'>misericordiae</span> <span class='ocrx_word' id='word_1_124' title='bbox 888 832 960 854; x_wconf 75' lang='lat' dir='ltr'>(uae</span> <span class='ocrx_word' id='word_1_125' title='bbox 977 830 1089 852; x_wconf 71' lang='lat' dir='ltr'>exaudi</span> <span class='ocrx_word' id='word_1_126' title='bbox 1107 837 1172 857; x_wconf 79' lang='lat' dir='ltr'>me,</span> <span class='ocrx_word' id='word_1_127' title='bbox 1188 831 1222 852; x_wconf 88' lang='lat' dir='ltr'>in</span> <span class='ocrx_word' id='word_1_128' title='bbox 1240 831 1373 853; x_wconf 73' lang='lat' dir='ltr'>veritate</span> <span class='ocrx_word' id='word_1_129' title='bbox 1389 830 1502 852; x_wconf 71' lang='lat' dir='ltr'>salutis</span> <span class='ocrx_word' id='word_1_130' title='bbox 1520 832 1602 852; x_wconf 76' lang='lat' dir='ltr'>tuae.</span> <span class='ocrx_word' id='word_1_131' title='bbox 1864 837 1882 850; x_wconf 68' lang='lat' dir='ltr'>r.</span> <span class='ocrx_word' id='word_1_132' title='bbox 1901 834 1931 851; x_wconf 72' lang='lat'>1¹1.</span> 
     </span>
     <span class='ocr_line' id='line_1_13' title="bbox 232 879 1825 926; baseline 0 -12"><span class='ocrx_word' id='word_1_133' title='bbox 232 882 307 915; x_wconf 86' lang='lat' dir='ltr'>Hoc</span> <span class='ocrx_word' id='word_1_134' title='bbox 326 887 440 914; x_wconf 88' lang='lat' dir='ltr'>autem</span> <span class='ocrx_word' id='word_1_135' title='bbox 459 880 632 919; x_wconf 83' lang='lat' dir='ltr'>effeceris,</span> <span class='ocrx_word' id='word_1_136' title='bbox 656 881 683 913; x_wconf 89' lang='lat' dir='ltr'>si</span> <span class='ocrx_word' id='word_1_137' title='bbox 702 887 879 914; x_wconf 89' lang='lat' dir='ltr'>mortuum</span> <span class='ocrx_word' id='word_1_138' title='bbox 899 891 952 913; x_wconf 88' lang='lat' dir='ltr'>me</span> <span class='ocrx_word' id='word_1_139' title='bbox 976 879 1123 913; x_wconf 46' lang='lat' dir='ltr'>satiabis</span> <span class='ocrx_word' id='word_1_140' title='bbox 1143 891 1204 925; x_wconf 87' lang='lat' dir='ltr'>per</span> <span class='ocrx_word' id='word_1_141' title='bbox 1224 881 1525 914; x_wconf 80' lang='lat' dir='ltr'>resurrectionem.</span> <span class='ocrx_word' id='word_1_142' title='bbox 1555 881 1641 912; x_wconf 86' lang='lat' dir='ltr'>Nam</span> <span class='ocrx_word' id='word_1_143' title='bbox 1660 892 1725 925; x_wconf 89' lang='lat' dir='ltr'>pro</span> <span class='ocrx_word' id='word_1_144' title='bbox 1744 882 1825 926; x_wconf 71' lang='lat' dir='ltr'>ipsis</span> 
     </span>
     <span class='ocr_line' id='line_1_14' title="bbox 138 936 1822 983; baseline 0.001 -13"><span class='ocrx_word' id='word_1_145' title='bbox 138 939 241 972; x_wconf 79' lang='lat' dir='ltr'>vitam</span> <span class='ocrx_word' id='word_1_146' title='bbox 261 949 430 983; x_wconf 88' lang='lat' dir='ltr'>recupero</span> <span class='ocrx_word' id='word_1_147' title='bbox 450 949 487 972; x_wconf 84' lang='lat' dir='ltr'>ae</span> <span class='ocrx_word' id='word_1_148' title='bbox 507 937 670 977; x_wconf 80' lang='lat' dir='ltr'>salutem,</span> <span class='ocrx_word' id='word_1_149' title='bbox 687 939 767 983; x_wconf 90' lang='lat' dir='ltr'>quia</span> <span class='ocrx_word' id='word_1_150' title='bbox 785 949 921 971; x_wconf 84' lang='lat' dir='ltr'>mecum</span> <span class='ocrx_word' id='word_1_151' title='bbox 941 936 1208 970; x_wconf 65' lang='lat' dir='ltr'>vivificabuntur</span> <span class='ocrx_word' id='word_1_152' title='bbox 1227 938 1285 981; x_wconf 86' lang='lat' dir='ltr'>qui</span> <span class='ocrx_word' id='word_1_153' title='bbox 1304 936 1351 971; x_wconf 94' lang='lat' dir='ltr'>ob</span> <span class='ocrx_word' id='word_1_154' title='bbox 1370 944 1547 983; x_wconf 76' lang='lat' dir='ltr'>peccatum</span> <span class='ocrx_word' id='word_1_155' title='bbox 1566 938 1694 970; x_wconf 72' lang='lat' dir='ltr'>mortui</span> <span class='ocrx_word' id='word_1_156' title='bbox 1714 944 1822 971; x_wconf 72' lang='lat' dir='ltr'>erant.</span> 
     </span>
     <span class='ocr_line' id='line_1_15' title="bbox 134 994 1826 1041; baseline 0 -13"><span class='ocrx_word' id='word_1_157' title='bbox 134 995 213 1029; x_wconf 90' lang='lat' dir='ltr'>Sola</span> <span class='ocrx_word' id='word_1_158' title='bbox 239 996 368 1041; x_wconf 79' lang='lat' dir='ltr'>quippe</span> <span class='ocrx_word' id='word_1_159' title='bbox 394 1006 474 1029; x_wconf 68' lang='lat' dir='ltr'>vera</span> <span class='ocrx_word' id='word_1_160' title='bbox 501 995 592 1029; x_wconf 89' lang='lat' dir='ltr'>salus</span> <span class='ocrx_word' id='word_1_161' title='bbox 618 1001 667 1029; x_wconf 84' lang='lat' dir='ltr'>est</span> <span class='ocrx_word' id='word_1_162' title='bbox 693 1007 797 1041; x_wconf 89' lang='lat' dir='ltr'>quam</span> <span class='ocrx_word' id='word_1_163' title='bbox 823 995 913 1028; x_wconf 89' lang='lat' dir='ltr'>Deus</span> <span class='ocrx_word' id='word_1_164' title='bbox 939 994 1097 1031; x_wconf 82' lang='lat' dir='ltr'>eonfert;</span> <span class='ocrx_word' id='word_1_165' title='bbox 1126 994 1321 1028; x_wconf 87' lang='lat' dir='ltr'>umbratilis</span> <span class='ocrx_word' id='word_1_166' title='bbox 1348 1001 1461 1028; x_wconf 83' lang='lat' dir='ltr'>autem</span> <span class='ocrx_word' id='word_1_167' title='bbox 1488 994 1547 1028; x_wconf 89' lang='lat' dir='ltr'>illa</span> <span class='ocrx_word' id='word_1_168' title='bbox 1573 1006 1676 1040; x_wconf 88' lang='lat' dir='ltr'>quam</span> <span class='ocrx_word' id='word_1_169' title='bbox 1704 995 1826 1028; x_wconf 78' lang='lat' dir='ltr'>medici</span> 
     </span>
     <span class='ocr_line' id='line_1_16' title="bbox 132 1051 758 1099; baseline 0 -13"><span class='ocrx_word' id='word_1_170' title='bbox 132 1051 308 1098; x_wconf 88' lang='lat' dir='ltr'>ducesque</span> <span class='ocrx_word' id='word_1_171' title='bbox 334 1054 547 1086; x_wconf 78' lang='lat' dir='ltr'>exercituum</span> <span class='ocrx_word' id='word_1_172' title='bbox 574 1059 758 1099; x_wconf 86' lang='lat' dir='ltr'>praestant.</span> 
     </span>
     <span class='ocr_line' id='line_1_17' title="bbox 483 1117 1932 1143; baseline -0.001 -3"><span class='ocrx_word' id='word_1_173' title='bbox 483 1117 615 1140; x_wconf 72' lang='lat' dir='ltr'>uinum</span> <span class='ocrx_word' id='word_1_174' title='bbox 630 1118 749 1140; x_wconf 76' lang='lat' dir='ltr'>liberer</span> <span class='ocrx_word' id='word_1_175' title='bbox 765 1123 801 1139; x_wconf 76' lang='lat' dir='ltr'>ex</span> <span class='ocrx_word' id='word_1_176' title='bbox 818 1117 997 1140; x_wconf 76' lang='lat' dir='ltr'>odientibus</span> <span class='ocrx_word' id='word_1_177' title='bbox 1014 1123 1076 1143; x_wconf 86' lang='lat' dir='ltr'>me,</span> <span class='ocrx_word' id='word_1_178' title='bbox 1093 1119 1123 1139; x_wconf 79' lang='lat' dir='ltr'>et</span> <span class='ocrx_word' id='word_1_179' title='bbox 1140 1117 1178 1138; x_wconf 74' lang='lat' dir='ltr'>«le</span> <span class='ocrx_word' id='word_1_180' title='bbox 1195 1117 1361 1143; x_wconf 74' lang='lat' dir='ltr'>profundis</span> <span class='ocrx_word' id='word_1_181' title='bbox 1378 1117 1483 1143; x_wconf 73' lang='lat' dir='ltr'>aquis:</span> <span class='ocrx_word' id='word_1_182' title='bbox 1864 1124 1884 1138; x_wconf 29' lang='lat' dir='ltr'>vi</span> <span class='ocrx_word' id='word_1_183' title='bbox 1902 1121 1932 1139; x_wconf 75' lang='lat'>15.</span> 
     </span>
     <span class='ocr_line' id='line_1_18' title="bbox 232 1166 1825 1211; baseline 0 -12"><span class='ocrx_word' id='word_1_184' title='bbox 232 1167 381 1200; x_wconf 80' lang='lat' dir='ltr'>Postulat</span> <span class='ocrx_word' id='word_1_185' title='bbox 403 1167 563 1200; x_wconf 80' lang='lat' dir='ltr'>Servator</span> <span class='ocrx_word' id='word_1_186' title='bbox 582 1173 617 1200; x_wconf 90' lang='lat' dir='ltr'>ut</span> <span class='ocrx_word' id='word_1_187' title='bbox 636 1167 845 1200; x_wconf 87' lang='lat' dir='ltr'>Iudaeorum</span> <span class='ocrx_word' id='word_1_188' title='bbox 866 1178 968 1199; x_wconf 88' lang='lat' dir='ltr'>manu</span> <span class='ocrx_word' id='word_1_189' title='bbox 988 1167 1171 1211; x_wconf 82' lang='lat' dir='ltr'>eripiatur,</span> <span class='ocrx_word' id='word_1_190' title='bbox 1188 1167 1246 1211; x_wconf 88' lang='lat' dir='ltr'>qui</span> <span class='ocrx_word' id='word_1_191' title='bbox 1266 1178 1344 1199; x_wconf 88' lang='lat' dir='ltr'>eum</span> <span class='ocrx_word' id='word_1_192' title='bbox 1364 1166 1507 1199; x_wconf 83' lang='lat' dir='ltr'>oderant</span> <span class='ocrx_word' id='word_1_193' title='bbox 1529 1172 1711 1211; x_wconf 84' lang='lat' dir='ltr'>propterea</span> <span class='ocrx_word' id='word_1_194' title='bbox 1731 1166 1825 1211; x_wconf 88' lang='lat' dir='ltr'>quod</span> 
     </span>
     <span class='ocr_line' id='line_1_19' title="bbox 136 1222 1826 1269; baseline 0.001 -13"><span class='ocrx_word' id='word_1_195' title='bbox 136 1222 301 1256; x_wconf 86' lang='lat' dir='ltr'>latentem</span> <span class='ocrx_word' id='word_1_196' title='bbox 327 1225 361 1257; x_wconf 90' lang='lat' dir='ltr'>in</span> <span class='ocrx_word' id='word_1_197' title='bbox 388 1223 530 1257; x_wconf 88' lang='lat' dir='ltr'>illorum</span> <span class='ocrx_word' id='word_1_198' title='bbox 557 1225 678 1257; x_wconf 87' lang='lat' dir='ltr'>animis</span> <span class='ocrx_word' id='word_1_199' title='bbox 705 1225 893 1269; x_wconf 87' lang='lat' dir='ltr'>nequitiam</span> <span class='ocrx_word' id='word_1_200' title='bbox 921 1223 1034 1269; x_wconf 86' lang='lat' dir='ltr'>palam</span> <span class='ocrx_word' id='word_1_201' title='bbox 1061 1223 1239 1269; x_wconf 81' lang='lat' dir='ltr'>arguebat.</span> <span class='ocrx_word' id='word_1_202' title='bbox 1270 1224 1329 1258; x_wconf 83' lang='lat' dir='ltr'>Vel</span> <span class='ocrx_word' id='word_1_203' title='bbox 1358 1223 1630 1269; x_wconf 81' lang='lat' dir='ltr'>profunditatem</span> <span class='ocrx_word' id='word_1_204' title='bbox 1659 1234 1826 1268; x_wconf 82' lang='lat' dir='ltr'>aquarum</span> 
     </span>
     <span class='ocr_line' id='line_1_20' title="bbox 137 1280 1826 1327; baseline 0 -13"><span class='ocrx_word' id='word_1_205' title='bbox 137 1280 219 1314; x_wconf 81' lang='lat' dir='ltr'>dicit</span> <span class='ocrx_word' id='word_1_206' title='bbox 246 1287 392 1315; x_wconf 83' lang='lat' dir='ltr'>mortem</span> <span class='ocrx_word' id='word_1_207' title='bbox 420 1293 458 1315; x_wconf 83' lang='lat' dir='ltr'>ac</span> <span class='ocrx_word' id='word_1_208' title='bbox 484 1283 706 1321; x_wconf 75' lang='lat' dir='ltr'>tentationes,</span> <span class='ocrx_word' id='word_1_209' title='bbox 728 1294 814 1327; x_wconf 83' lang='lat' dir='ltr'>quas</span> <span class='ocrx_word' id='word_1_210' title='bbox 841 1294 902 1315; x_wconf 84' lang='lat' dir='ltr'>nos</span> <span class='ocrx_word' id='word_1_211' title='bbox 927 1281 1063 1315; x_wconf 85' lang='lat' dir='ltr'>Christo</span> <span class='ocrx_word' id='word_1_212' title='bbox 1082 1281 1266 1315; x_wconf 72' lang='lat' dir='ltr'>adiuvante</span> <span class='ocrx_word' id='word_1_213' title='bbox 1292 1282 1471 1315; x_wconf 61' lang='lat' dir='ltr'>xinrimus.</span> <span class='ocrx_word' id='word_1_214' title='bbox 1501 1282 1612 1322; x_wconf 84' lang='lat' dir='ltr'>Quam</span> <span class='ocrx_word' id='word_1_215' title='bbox 1635 1282 1726 1315; x_wconf 91' lang='lat' dir='ltr'>enim</span> <span class='ocrx_word' id='word_1_216' title='bbox 1754 1293 1826 1315; x_wconf 88' lang='lat' dir='ltr'>rem</span> 
     </span>
     <span class='ocr_line' id='line_1_21' title="bbox 139 1339 1361 1385; baseline 0.002 -14"><span class='ocrx_word' id='word_1_217' title='bbox 139 1339 210 1384; x_wconf 87' lang='lat' dir='ltr'>ipse</span> <span class='ocrx_word' id='word_1_218' title='bbox 237 1344 384 1373; x_wconf 84' lang='lat' dir='ltr'>tentatus</span> <span class='ocrx_word' id='word_1_219' title='bbox 409 1346 570 1385; x_wconf 78' lang='lat' dir='ltr'>expertus</span> <span class='ocrx_word' id='word_1_220' title='bbox 595 1346 664 1379; x_wconf 83' lang='lat' dir='ltr'>est,</span> <span class='ocrx_word' id='word_1_221' title='bbox 686 1341 720 1373; x_wconf 93' lang='lat' dir='ltr'>in</span> <span class='ocrx_word' id='word_1_222' title='bbox 747 1339 867 1374; x_wconf 83' lang='lat' dir='ltr'>eadem</span> <span class='ocrx_word' id='word_1_223' title='bbox 895 1345 1006 1385; x_wconf 86' lang='lat' dir='ltr'>potest</span> <span class='ocrx_word' id='word_1_224' title='bbox 1033 1339 1188 1373; x_wconf 81' lang='lat' dir='ltr'>auxiliari</span> <span class='ocrx_word' id='word_1_225' title='bbox 1214 1341 1361 1373; x_wconf 76' lang='lat' dir='ltr'>tentatis.</span> 
     </span>
     <span class='ocr_line' id='line_1_22' title="bbox 683 1405 1932 1435; baseline -0.001 -7"><span class='ocrx_word' id='word_1_226' title='bbox 683 1405 729 1428; x_wconf 70' lang='lat' dir='ltr'>Ne</span> <span class='ocrx_word' id='word_1_227' title='bbox 745 1412 793 1429; x_wconf 83' lang='lat' dir='ltr'>me</span> <span class='ocrx_word' id='word_1_228' title='bbox 809 1406 971 1435; x_wconf 78' lang='lat' dir='ltr'>demergat</span> <span class='ocrx_word' id='word_1_229' title='bbox 987 1407 1154 1432; x_wconf 75' lang='lat' dir='ltr'>tempestas</span> <span class='ocrx_word' id='word_1_230' title='bbox 1172 1412 1282 1433; x_wconf 76' lang='lat' dir='ltr'>aquae.</span> <span class='ocrx_word' id='word_1_231' title='bbox 1865 1413 1885 1427; x_wconf 69' lang='lat' dir='ltr'>x.</span> <span class='ocrx_word' id='word_1_232' title='bbox 1903 1411 1932 1428; x_wconf 67' lang='grc' dir='ltr'>ιιι,</span> 
     </span>
     <span class='ocr_line' id='line_1_23' title="bbox 234 1453 1827 1500; baseline 0.001 -13"><span class='ocrx_word' id='word_1_233' title='bbox 234 1454 352 1499; x_wconf 74' lang='lat' dir='ltr'>Aquae</span> <span class='ocrx_word' id='word_1_234' title='bbox 371 1460 626 1500; x_wconf 82' lang='lat' dir='ltr'>tempestatem,</span> <span class='ocrx_word' id='word_1_235' title='bbox 648 1453 808 1499; x_wconf 65' lang='lat' dir='ltr'>abyssum</span> <span class='ocrx_word' id='word_1_236' title='bbox 821 1480 829 1492; x_wconf 87' lang='lat'><strong>‚</strong></span> <span class='ocrx_word' id='word_1_237' title='bbox 850 1460 1060 1500; x_wconf 88' lang='lat' dir='ltr'>puteumque</span> <span class='ocrx_word' id='word_1_238' title='bbox 1081 1455 1256 1500; x_wconf 87' lang='lat' dir='ltr'>appellare</span> <span class='ocrx_word' id='word_1_239' title='bbox 1274 1455 1429 1491; x_wconf 61' lang='lat' dir='ltr'>videtur,</span> <span class='ocrx_word' id='word_1_240' title='bbox 1450 1455 1502 1489; x_wconf 61' lang='lat' dir='ltr'>vel</span> <span class='ocrx_word' id='word_1_241' title='bbox 1526 1455 1754 1488; x_wconf 76' lang='lat' dir='ltr'>tentationum</span> <span class='ocrx_word' id='word_1_242' title='bbox 1773 1466 1827 1500; x_wconf 83' lang='lat' dir='ltr'>pe·</span> 
     </span>
     <span class='ocr_line' id='line_1_24' title="bbox 138 1510 2047 1557; baseline -0.001 -14"><span class='ocrx_word' id='word_1_243' title='bbox 138 1510 264 1549; x_wconf 87' lang='lat' dir='ltr'>ricula,</span> <span class='ocrx_word' id='word_1_244' title='bbox 290 1511 343 1544; x_wconf 66' lang='lat' dir='ltr'>vel</span> <span class='ocrx_word' id='word_1_245' title='bbox 372 1512 463 1557; x_wconf 84' lang='lat' dir='ltr'>ipsos</span> <span class='ocrx_word' id='word_1_246' title='bbox 490 1511 678 1557; x_wconf 90' lang='lat' dir='ltr'>aliquando</span> <span class='ocrx_word' id='word_1_247' title='bbox 704 1512 845 1546; x_wconf 81' lang='lat' dir='ltr'>inferos.</span> <span class='ocrx_word' id='word_1_248' title='bbox 876 1512 930 1545; x_wconf 81' lang='lat' dir='ltr'>Ait</span> <span class='ocrx_word' id='word_1_249' title='bbox 958 1513 1050 1545; x_wconf 91' lang='lat' dir='ltr'>enim</span> <span class='ocrx_word' id='word_1_250' title='bbox 1075 1513 1104 1544; x_wconf 74' lang='grc' dir='ltr'>ἐ</span> <span class='ocrx_word' id='word_1_251' title='bbox 1131 1512 1277 1545; x_wconf 79' lang='lat' dir='ltr'>eduxisti</span> <span class='ocrx_word' id='word_1_252' title='bbox 1304 1512 1346 1545; x_wconf 89' lang='lat' dir='ltr'>ab</span> <span class='ocrx_word' id='word_1_253' title='bbox 1375 1512 1492 1546; x_wconf 76' lang='lat' dir='ltr'>inseris</span> <span class='ocrx_word' id='word_1_254' title='bbox 1518 1513 1667 1546; x_wconf 88' lang='lat' dir='ltr'>animam</span> <span class='ocrx_word' id='word_1_255' title='bbox 1694 1523 1823 1545; x_wconf 84' lang='lat' dir='ltr'>meam:</span> <span class='ocrx_word' id='word_1_256' title='bbox 1866 1525 1874 1532; x_wconf 83' lang='lat'><em>.</em></span> <span class='ocrx_word' id='word_1_257' title='bbox 1892 1523 1927 1543; x_wconf 65' lang='lat' dir='ltr'>rsv</span> <span class='ocrx_word' id='word_1_258' title='bbox 1943 1523 2047 1544; x_wconf 39' lang='grc' dir='ltr'>»πλη</span> 
     </span>
     <span class='ocr_line' id='line_1_25' title="bbox 134 1568 1828 1616; baseline 0.001 -15"><span class='ocrx_word' id='word_1_259' title='bbox 134 1568 233 1612; x_wconf 87' lang='lat' dir='ltr'>quasi</span> <span class='ocrx_word' id='word_1_260' title='bbox 253 1569 296 1602; x_wconf 87' lang='lat' dir='ltr'>de</span> <span class='ocrx_word' id='word_1_261' title='bbox 315 1569 432 1614; x_wconf 89' lang='lat' dir='ltr'>aliquo</span> <span class='ocrx_word' id='word_1_262' title='bbox 451 1581 565 1603; x_wconf 88' lang='lat' dir='ltr'>sermo</span> <span class='ocrx_word' id='word_1_263' title='bbox 584 1571 626 1604; x_wconf 89' lang='lat' dir='ltr'>sit</span> <span class='ocrx_word' id='word_1_264' title='bbox 646 1570 704 1615; x_wconf 90' lang='lat' dir='ltr'>qui</span> <span class='ocrx_word' id='word_1_265' title='bbox 724 1571 759 1604; x_wconf 93' lang='lat' dir='ltr'>in</span> <span class='ocrx_word' id='word_1_266' title='bbox 781 1576 923 1616; x_wconf 85' lang='lat' dir='ltr'>puteum</span> <span class='ocrx_word' id='word_1_267' title='bbox 943 1570 1121 1608; x_wconf 85' lang='lat' dir='ltr'>inciderit,</span> <span class='ocrx_word' id='word_1_268' title='bbox 1146 1571 1241 1604; x_wconf 87' lang='lat' dir='ltr'>cuius</span> <span class='ocrx_word' id='word_1_269' title='bbox 1260 1582 1298 1604; x_wconf 89' lang='lat' dir='ltr'>os</span> <span class='ocrx_word' id='word_1_270' title='bbox 1318 1582 1397 1604; x_wconf 78' lang='lat' dir='ltr'>mox</span> <span class='ocrx_word' id='word_1_271' title='bbox 1418 1571 1572 1604; x_wconf 80' lang='lat' dir='ltr'>clausum</span> <span class='ocrx_word' id='word_1_272' title='bbox 1595 1570 1708 1603; x_wconf 87' lang='lat' dir='ltr'>fuerit.</span> <span class='ocrx_word' id='word_1_273' title='bbox 1739 1571 1828 1603; x_wconf 85' lang='lat' dir='ltr'>lam-</span> 
     </span>
     <span class='ocr_line' id='line_1_26' title="bbox 136 1626 1830 1673; baseline 0.001 -15"><span class='ocrx_word' id='word_1_274' title='bbox 136 1636 221 1658; x_wconf 86' lang='lat' dir='ltr'>vero</span> <span class='ocrx_word' id='word_1_275' title='bbox 239 1632 421 1672; x_wconf 81' lang='lat' dir='ltr'>postquam</span> <span class='ocrx_word' id='word_1_276' title='bbox 442 1627 610 1661; x_wconf 89' lang='lat' dir='ltr'>Dominus</span> <span class='ocrx_word' id='word_1_277' title='bbox 627 1627 744 1661; x_wconf 81' lang='lat' dir='ltr'>verbis</span> <span class='ocrx_word' id='word_1_278' title='bbox 763 1627 850 1666; x_wconf 83' lang='lat' dir='ltr'>illis,</span> <span class='ocrx_word' id='word_1_279' title='bbox 873 1626 998 1661; x_wconf 72' lang='lat' dir='ltr'>infixus</span> <span class='ocrx_word' id='word_1_280' title='bbox 1016 1639 1092 1661; x_wconf 90' lang='lat' dir='ltr'>sum</span> <span class='ocrx_word' id='word_1_281' title='bbox 1112 1628 1148 1661; x_wconf 93' lang='lat' dir='ltr'>in</span> <span class='ocrx_word' id='word_1_282' title='bbox 1167 1628 1252 1661; x_wconf 93' lang='lat' dir='ltr'>limo</span> <span class='ocrx_word' id='word_1_283' title='bbox 1272 1627 1467 1673; x_wconf 83' lang='lat' dir='ltr'>profundo,</span> <span class='ocrx_word' id='word_1_284' title='bbox 1489 1628 1645 1673; x_wconf 84' lang='lat' dir='ltr'>corporis</span> <span class='ocrx_word' id='word_1_285' title='bbox 1664 1628 1699 1660; x_wconf 89' lang='lat' dir='ltr'>in</span> <span class='ocrx_word' id='word_1_286' title='bbox 1718 1632 1830 1660; x_wconf 82' lang='lat' dir='ltr'>morte</span> 
     </span>
     <span class='ocr_line' id='line_1_27' title="bbox 137 1681 1831 1730; baseline 0.001 -15"><span class='ocrx_word' id='word_1_287' title='bbox 137 1681 401 1717; x_wconf 84' lang='lat' dir='ltr'>dissolutionem</span> <span class='ocrx_word' id='word_1_288' title='bbox 426 1684 596 1723; x_wconf 80' lang='lat' dir='ltr'>ostendit,</span> <span class='ocrx_word' id='word_1_289' title='bbox 619 1685 882 1730; x_wconf 81' lang='lat' dir='ltr'>ingressumque</span> <span class='ocrx_word' id='word_1_290' title='bbox 907 1685 950 1718; x_wconf 90' lang='lat' dir='ltr'>ad</span> <span class='ocrx_word' id='word_1_291' title='bbox 976 1685 1106 1719; x_wconf 87' lang='lat' dir='ltr'>inferos</span> <span class='ocrx_word' id='word_1_292' title='bbox 1132 1687 1302 1724; x_wconf 56' lang='lat' dir='ltr'>narrat-it,</span> <span class='ocrx_word' id='word_1_293' title='bbox 1327 1697 1418 1719; x_wconf 80' lang='lat' dir='ltr'>nune</span> <span class='ocrx_word' id='word_1_294' title='bbox 1437 1685 1480 1719; x_wconf 88' lang='lat' dir='ltr'>de</span> <span class='ocrx_word' id='word_1_295' title='bbox 1499 1685 1614 1719; x_wconf 88' lang='lat' dir='ltr'>reditu</span> <span class='ocrx_word' id='word_1_296' title='bbox 1639 1684 1740 1718; x_wconf 85' lang='lat' dir='ltr'>dicit:</span> <span class='ocrx_word' id='word_1_297' title='bbox 1762 1685 1831 1718; x_wconf 76' lang='lat' dir='ltr'>uti-</span> 
     </span>
     <span class='ocr_line' id='line_1_28' title="bbox 137 1741 1830 1788; baseline 0.001 -15"><span class='ocrx_word' id='word_1_298' title='bbox 137 1751 218 1773; x_wconf 84' lang='lat' dir='ltr'>nam</span> <span class='ocrx_word' id='word_1_299' title='bbox 244 1741 371 1787; x_wconf 86' lang='lat' dir='ltr'>eripiar</span> <span class='ocrx_word' id='word_1_300' title='bbox 397 1753 437 1775; x_wconf 80' lang='lat' dir='ltr'>ex</span> <span class='ocrx_word' id='word_1_301' title='bbox 463 1742 647 1787; x_wconf 79' lang='lat' dir='ltr'>profundis</span> <span class='ocrx_word' id='word_1_302' title='bbox 673 1742 787 1788; x_wconf 79' lang='lat' dir='ltr'>aquis!</span> <span class='ocrx_word' id='word_1_303' title='bbox 807 1749 841 1776; x_wconf 84' lang='lat' dir='ltr'>et</span> <span class='ocrx_word' id='word_1_304' title='bbox 868 1742 1012 1788; x_wconf 85' lang='lat' dir='ltr'>reliqua.</span> <span class='ocrx_word' id='word_1_305' title='bbox 1041 1744 1196 1788; x_wconf 85' lang='lat' dir='ltr'>Namque</span> <span class='ocrx_word' id='word_1_306' title='bbox 1223 1743 1304 1776; x_wconf 84' lang='lat' dir='ltr'>alias</span> <span class='ocrx_word' id='word_1_307' title='bbox 1329 1743 1470 1788; x_wconf 89' lang='lat' dir='ltr'>quidem</span> <span class='ocrx_word' id='word_1_308' title='bbox 1494 1744 1623 1776; x_wconf 88' lang='lat' dir='ltr'>animas</span> <span class='ocrx_word' id='word_1_309' title='bbox 1650 1741 1830 1776; x_wconf 83' lang='lat' dir='ltr'>absorbuit</span> 
     </span>
     <span class='ocr_line' id='line_1_29' title="bbox 139 1799 1828 1846; baseline 0.003 -17"><span class='ocrx_word' id='word_1_310' title='bbox 139 1808 233 1830; x_wconf 89' lang='lat' dir='ltr'>mors</span> <span class='ocrx_word' id='word_1_311' title='bbox 259 1799 477 1843; x_wconf 83' lang='lat' dir='ltr'>praevalens,</span> <span class='ocrx_word' id='word_1_312' title='bbox 499 1806 530 1833; x_wconf 89' lang='lat' dir='ltr'>et</span> <span class='ocrx_word' id='word_1_313' title='bbox 557 1806 681 1845; x_wconf 87' lang='lat' dir='ltr'>puteus</span> <span class='ocrx_word' id='word_1_314' title='bbox 699 1811 756 1834; x_wconf 86' lang='lat' dir='ltr'>eas</span> <span class='ocrx_word' id='word_1_315' title='bbox 775 1799 955 1833; x_wconf 80' lang='lat' dir='ltr'>coercebat</span> <span class='ocrx_word' id='word_1_316' title='bbox 976 1812 1035 1834; x_wconf 89' lang='lat' dir='ltr'>ore</span> <span class='ocrx_word' id='word_1_317' title='bbox 1055 1812 1119 1833; x_wconf 86' lang='lat' dir='ltr'>suo</span> <span class='ocrx_word' id='word_1_318' title='bbox 1138 1801 1267 1834; x_wconf 78' lang='lat' dir='ltr'>clauso.</span> <span class='ocrx_word' id='word_1_319' title='bbox 1298 1802 1405 1834; x_wconf 89' lang='lat' dir='ltr'>Porro</span> <span class='ocrx_word' id='word_1_320' title='bbox 1426 1807 1549 1846; x_wconf 82' lang='lat' dir='ltr'>puteus</span> <span class='ocrx_word' id='word_1_321' title='bbox 1568 1812 1628 1834; x_wconf 89' lang='lat' dir='ltr'>ore</span> <span class='ocrx_word' id='word_1_322' title='bbox 1652 1800 1828 1845; x_wconf 84' lang='lat' dir='ltr'>praeditus</span> 
     </span>
     <span class='ocr_line' id='line_1_30' title="bbox 138 1857 2004 1904; baseline 0.003 -17"><span class='ocrx_word' id='word_1_323' title='bbox 138 1865 233 1888; x_wconf 89' lang='lat' dir='ltr'>mors</span> <span class='ocrx_word' id='word_1_324' title='bbox 251 1862 318 1895; x_wconf 90' lang='lat' dir='ltr'>est,</span> <span class='ocrx_word' id='word_1_325' title='bbox 341 1868 430 1901; x_wconf 89' lang='lat' dir='ltr'>quae</span> <span class='ocrx_word' id='word_1_326' title='bbox 448 1869 569 1891; x_wconf 88' lang='lat' dir='ltr'>omnes</span> <span class='ocrx_word' id='word_1_327' title='bbox 588 1869 607 1891; x_wconf 90' lang='lat' dir='ltr'>a</span> <span class='ocrx_word' id='word_1_328' title='bbox 625 1857 763 1891; x_wconf 90' lang='lat' dir='ltr'>saeculo</span> <span class='ocrx_word' id='word_1_329' title='bbox 789 1857 986 1894; x_wconf 79' lang='lat' dir='ltr'>absorbuit,</span> <span class='ocrx_word' id='word_1_330' title='bbox 1011 1860 1070 1904; x_wconf 93' lang='lat' dir='ltr'>qui</span> <span class='ocrx_word' id='word_1_331' title='bbox 1090 1860 1124 1892; x_wconf 88' lang='lat' dir='ltr'>in</span> <span class='ocrx_word' id='word_1_332' title='bbox 1145 1870 1219 1892; x_wconf 75' lang='lat' dir='ltr'>eam</span> <span class='ocrx_word' id='word_1_333' title='bbox 1246 1859 1457 1895; x_wconf 83' lang='lat' dir='ltr'>inciderunt,</span> <span class='ocrx_word' id='word_1_334' title='bbox 1481 1857 1607 1903; x_wconf 80' lang='lat' dir='ltr'>quibus</span> <span class='ocrx_word' id='word_1_335' title='bbox 1634 1857 1825 1903; x_wconf 81' lang='lat' dir='ltr'>absorptis,</span> <span class='ocrx_word' id='word_1_336' title='bbox 1868 1870 1941 1893; x_wconf 62' lang='lat'>‹1122›-</span> <span class='ocrx_word' id='word_1_337' title='bbox 1958 1870 2004 1887; x_wconf 59' lang='lat'>2⁴0³»-</span> 
     </span>
     <span class='ocr_line' id='line_1_31' title="bbox 139 1912 1826 1962; baseline 0.002 -17"><span class='ocrx_word' id='word_1_338' title='bbox 139 1923 179 1945; x_wconf 93' lang='lat' dir='ltr'>os</span> <span class='ocrx_word' id='word_1_339' title='bbox 204 1912 345 1952; x_wconf 80' lang='lat' dir='ltr'>clausit,</span> <span class='ocrx_word' id='word_1_340' title='bbox 366 1926 410 1948; x_wconf 87' lang='lat' dir='ltr'>ne</span> <span class='ocrx_word' id='word_1_341' title='bbox 434 1916 511 1960; x_wconf 87' lang='lat' dir='ltr'>quis</span> <span class='ocrx_word' id='word_1_342' title='bbox 536 1915 580 1949; x_wconf 89' lang='lat' dir='ltr'>ad</span> <span class='ocrx_word' id='word_1_343' title='bbox 605 1916 712 1949; x_wconf 85' lang='lat' dir='ltr'>vitam</span> <span class='ocrx_word' id='word_1_344' title='bbox 737 1922 979 1950; x_wconf 84' lang='lat' dir='ltr'>reverteretur.</span> <span class='ocrx_word' id='word_1_345' title='bbox 1009 1917 1219 1956; x_wconf 61' lang='lat' dir='ltr'>Mihi—xero,</span> <span class='ocrx_word' id='word_1_346' title='bbox 1244 1918 1374 1962; x_wconf 79' lang='lat' dir='ltr'>inquit.</span> <span class='ocrx_word' id='word_1_347' title='bbox 1397 1916 1444 1950; x_wconf 90' lang='lat' dir='ltr'>nil</span> <span class='ocrx_word' id='word_1_348' title='bbox 1473 1916 1539 1950; x_wconf 89' lang='lat' dir='ltr'>tale</span> <span class='ocrx_word' id='word_1_349' title='bbox 1565 1917 1711 1950; x_wconf 68' lang='lat' dir='ltr'>exeniat.</span> <span class='ocrx_word' id='word_1_350' title='bbox 1740 1916 1826 1948; x_wconf 84' lang='lat' dir='ltr'>Dicit</span> 
     </span>
     <span class='ocr_line' id='line_1_32' title="bbox 140 1972 1830 2019; baseline 0.002 -17"><span class='ocrx_word' id='word_1_351' title='bbox 140 1976 255 2003; x_wconf 84' lang='lat' dir='ltr'>autem</span> <span class='ocrx_word' id='word_1_352' title='bbox 283 1977 543 2017; x_wconf 86' lang='lat' dir='ltr'>tempestatem,</span> <span class='ocrx_word' id='word_1_353' title='bbox 571 1972 811 2007; x_wconf 87' lang='lat' dir='ltr'>demonstrare</span> <span class='ocrx_word' id='word_1_354' title='bbox 841 1974 963 2007; x_wconf 64' lang='lat' dir='ltr'>votens</span> <span class='ocrx_word' id='word_1_355' title='bbox 995 1974 1253 2008; x_wconf 77' lang='lat' dir='ltr'>acerbissimum</span> <span class='ocrx_word' id='word_1_356' title='bbox 1284 1974 1437 2008; x_wconf 79' lang='lat' dir='ltr'>iudaicae</span> <span class='ocrx_word' id='word_1_357' title='bbox 1468 1985 1661 2019; x_wconf 71' lang='lat' dir='ltr'>synagogae</span> <span class='ocrx_word' id='word_1_358' title='bbox 1692 1973 1830 2006; x_wconf 85' lang='lat' dir='ltr'>naufra-</span> 
     </span>
     <span class='ocr_line' id='line_1_33' title="bbox 140 2027 1831 2077; baseline 0.002 -17"><span class='ocrx_word' id='word_1_359' title='bbox 140 2027 255 2071; x_wconf 78' lang='lat' dir='ltr'>gium,</span> <span class='ocrx_word' id='word_1_360' title='bbox 281 2030 453 2074; x_wconf 86' lang='lat' dir='ltr'>simulque</span> <span class='ocrx_word' id='word_1_361' title='bbox 479 2030 687 2076; x_wconf 84' lang='lat' dir='ltr'>deprecans,</span> <span class='ocrx_word' id='word_1_362' title='bbox 712 2043 755 2064; x_wconf 91' lang='lat' dir='ltr'>ne</span> <span class='ocrx_word' id='word_1_363' title='bbox 781 2043 858 2065; x_wconf 87' lang='lat' dir='ltr'>cum</span> <span class='ocrx_word' id='word_1_364' title='bbox 887 2031 944 2065; x_wconf 88' lang='lat' dir='ltr'>illa</span> <span class='ocrx_word' id='word_1_365' title='bbox 973 2032 1221 2065; x_wconf 76' lang='lat' dir='ltr'>incredulitatis</span> <span class='ocrx_word' id='word_1_366' title='bbox 1248 2032 1424 2077; x_wconf 86' lang='lat' dir='ltr'>profundo</span> <span class='ocrx_word' id='word_1_367' title='bbox 1449 2032 1648 2066; x_wconf 77' lang='lat' dir='ltr'>suffocetur.</span> <span class='ocrx_word' id='word_1_368' title='bbox 1677 2031 1745 2065; x_wconf 89' lang='lat' dir='ltr'>Cur</span> <span class='ocrx_word' id='word_1_369' title='bbox 1771 2043 1831 2065; x_wconf 86' lang='lat' dir='ltr'>au-</span> 
     </span>
     <span class='ocr_line' id='line_1_34' title="bbox 141 2088 1830 2134; baseline 0.003 -17"><span class='ocrx_word' id='word_1_370' title='bbox 141 2089 228 2123; x_wconf 88' lang='lat' dir='ltr'>tem,</span> <span class='ocrx_word' id='word_1_371' title='bbox 252 2097 359 2131; x_wconf 90' lang='lat' dir='ltr'>quum</span> <span class='ocrx_word' id='word_1_372' title='bbox 386 2088 544 2132; x_wconf 87' lang='lat' dir='ltr'>superius</span> <span class='ocrx_word' id='word_1_373' title='bbox 570 2088 728 2128; x_wconf 60' lang='lat' dir='ltr'>dixisset,</span> <span class='ocrx_word' id='word_1_374' title='bbox 752 2095 936 2134; x_wconf 75' lang='lat' dir='ltr'>tempestas</span> <span class='ocrx_word' id='word_1_375' title='bbox 963 2089 1147 2123; x_wconf 81' lang='lat' dir='ltr'>submersit</span> <span class='ocrx_word' id='word_1_376' title='bbox 1168 2101 1242 2127; x_wconf 91' lang='lat' dir='ltr'>me,</span> <span class='ocrx_word' id='word_1_377' title='bbox 1264 2102 1355 2123; x_wconf 85' lang='lat' dir='ltr'>nunc</span> <span class='ocrx_word' id='word_1_378' title='bbox 1374 2090 1436 2125; x_wconf 87' lang='lat' dir='ltr'>ait.</span> <span class='ocrx_word' id='word_1_379' title='bbox 1461 2101 1503 2123; x_wconf 92' lang='lat' dir='ltr'>ne</span> <span class='ocrx_word' id='word_1_380' title='bbox 1529 2101 1583 2122; x_wconf 84' lang='lat' dir='ltr'>me</span> <span class='ocrx_word' id='word_1_381' title='bbox 1610 2089 1830 2133; x_wconf 78' lang='lat' dir='ltr'>submergat?</span> 
     </span>
     <span class='ocr_line' id='line_1_35' title="bbox 141 2141 1830 2193; baseline 0.002 -18"><span class='ocrx_word' id='word_1_382' title='bbox 141 2141 226 2181; x_wconf 85' lang='lat' dir='ltr'>Quia</span> <span class='ocrx_word' id='word_1_383' title='bbox 255 2142 328 2177; x_wconf 85' lang='lat' dir='ltr'>fieri</span> <span class='ocrx_word' id='word_1_384' title='bbox 356 2151 469 2190; x_wconf 80' lang='lat' dir='ltr'>potest</span> <span class='ocrx_word' id='word_1_385' title='bbox 496 2152 531 2179; x_wconf 93' lang='lat' dir='ltr'>ut</span> <span class='ocrx_word' id='word_1_386' title='bbox 559 2145 775 2184; x_wconf 83' lang='lat' dir='ltr'>submersus,</span> <span class='ocrx_word' id='word_1_387' title='bbox 797 2145 914 2180; x_wconf 87' lang='lat' dir='ltr'>denuo</span> <span class='ocrx_word' id='word_1_388' title='bbox 942 2153 1051 2180; x_wconf 85' lang='lat' dir='ltr'>enatet</span> <span class='ocrx_word' id='word_1_389' title='bbox 1067 2173 1074 2183; x_wconf 82' lang='grc'><strong>.</strong></span> <span class='ocrx_word' id='word_1_390' title='bbox 1096 2154 1194 2192; x_wconf 76' lang='lat' dir='ltr'>rogat</span> <span class='ocrx_word' id='word_1_391' title='bbox 1220 2153 1257 2181; x_wconf 88' lang='lat' dir='ltr'>ut</span> <span class='ocrx_word' id='word_1_392' title='bbox 1283 2159 1370 2193; x_wconf 86' lang='lat' dir='ltr'>quae</span> <span class='ocrx_word' id='word_1_393' title='bbox 1390 2158 1508 2193; x_wconf 86' lang='lat' dir='ltr'>passus</span> <span class='ocrx_word' id='word_1_394' title='bbox 1534 2153 1600 2183; x_wconf 82' lang='lat' dir='ltr'>est.</span> <span class='ocrx_word' id='word_1_395' title='bbox 1624 2159 1741 2180; x_wconf 75' lang='lat' dir='ltr'>rursus</span> <span class='ocrx_word' id='word_1_396' title='bbox 1762 2158 1830 2179; x_wconf 91' lang='lat' dir='ltr'>non</span> 
     </span>
     <span class='ocr_line' id='line_1_36' title="bbox 141 2201 1831 2251; baseline 0.003 -19"><span class='ocrx_word' id='word_1_397' title='bbox 141 2201 348 2245; x_wconf 79' lang='lat' dir='ltr'>experiatur.</span> <span class='ocrx_word' id='word_1_398' title='bbox 370 2202 509 2236; x_wconf 86' lang='lat' dir='ltr'>Fluctus</span> <span class='ocrx_word' id='word_1_399' title='bbox 527 2204 691 2248; x_wconf 83' lang='lat' dir='ltr'>cognovi,</span> <span class='ocrx_word' id='word_1_400' title='bbox 708 2210 741 2236; x_wconf 84' lang='lat' dir='ltr'>et</span> <span class='ocrx_word' id='word_1_401' title='bbox 760 2203 824 2237; x_wconf 86' lang='lat' dir='ltr'>alia</span> <span class='ocrx_word' id='word_1_402' title='bbox 843 2204 1061 2242; x_wconf 83' lang='lat' dir='ltr'>huiusmodi,</span> <span class='ocrx_word' id='word_1_403' title='bbox 1079 2205 1353 2251; x_wconf 81' lang='lat' dir='ltr'>con‹·itatamque</span> <span class='ocrx_word' id='word_1_404' title='bbox 1373 2204 1565 2239; x_wconf 87' lang='lat' dir='ltr'>terribilem</span> <span class='ocrx_word' id='word_1_405' title='bbox 1584 2205 1747 2238; x_wconf 74' lang='lat' dir='ltr'>adversus</span> <span class='ocrx_word' id='word_1_406' title='bbox 1765 2205 1831 2237; x_wconf 88' lang='lat' dir='ltr'>ani-</span> 
     </span>
     <span class='ocr_line' id='line_1_37' title="bbox 142 2260 1829 2308; baseline 0.002 -18"><span class='ocrx_word' id='word_1_407' title='bbox 142 2268 234 2291; x_wconf 86' lang='lat' dir='ltr'>mam</span> <span class='ocrx_word' id='word_1_408' title='bbox 254 2260 443 2304; x_wconf 86' lang='lat' dir='ltr'>procellam</span> <span class='ocrx_word' id='word_1_409' title='bbox 463 2262 574 2294; x_wconf 86' lang='lat' dir='ltr'>carnis</span> <span class='ocrx_word' id='word_1_410' title='bbox 592 2260 828 2307; x_wconf 85' lang='lat' dir='ltr'>passionibus;</span> <span class='ocrx_word' id='word_1_411' title='bbox 849 2261 976 2307; x_wconf 83' lang='lat' dir='ltr'>quibus</span> <span class='ocrx_word' id='word_1_412' title='bbox 994 2268 1130 2307; x_wconf 83' lang='lat' dir='ltr'>oportet</span> <span class='ocrx_word' id='word_1_413' title='bbox 1152 2274 1187 2296; x_wconf 87' lang='lat' dir='ltr'>se</span> <span class='ocrx_word' id='word_1_414' title='bbox 1207 2263 1385 2297; x_wconf 86' lang='lat' dir='ltr'>difficilem</span> <span class='ocrx_word' id='word_1_415' title='bbox 1405 2262 1572 2308; x_wconf 81' lang='lat' dir='ltr'>praebere</span> <span class='ocrx_word' id='word_1_416' title='bbox 1585 2289 1592 2301; x_wconf 93' lang='lat'><strong><em>‚</em></strong></span> <span class='ocrx_word' id='word_1_417' title='bbox 1616 2274 1728 2307; x_wconf 86' lang='lat' dir='ltr'>neque</span> <span class='ocrx_word' id='word_1_418' title='bbox 1753 2261 1829 2296; x_wconf 80' lang='lat' dir='ltr'>salsi</span> 
     </span>
     <span class='ocr_line' id='line_1_38' title="bbox 142 2314 1832 2366; baseline 0.003 -18"><span class='ocrx_word' id='word_1_419' title='bbox 142 2315 279 2349; x_wconf 89' lang='lat' dir='ltr'>illarum</span> <span class='ocrx_word' id='word_1_420' title='bbox 300 2317 456 2352; x_wconf 77' lang='lat' dir='ltr'>humoris</span> <span class='ocrx_word' id='word_1_421' title='bbox 475 2314 684 2353; x_wconf 78' lang='lat' dir='ltr'>exundantia</span> <span class='ocrx_word' id='word_1_422' title='bbox 701 2319 822 2358; x_wconf 88' lang='lat' dir='ltr'>obrui;</span> <span class='ocrx_word' id='word_1_423' title='bbox 840 2319 897 2353; x_wconf 71' lang='lat' dir='ltr'>sed</span> <span class='ocrx_word' id='word_1_424' title='bbox 919 2331 1018 2353; x_wconf 81' lang='lat' dir='ltr'>orare</span> <span class='ocrx_word' id='word_1_425' title='bbox 1040 2332 1174 2365; x_wconf 59' lang='lat' dir='ltr'>semper</span> <span class='ocrx_word' id='word_1_426' title='bbox 1191 2321 1381 2354; x_wconf 71' lang='lat' dir='ltr'>dicentem:</span> <span class='ocrx_word' id='word_1_427' title='bbox 1403 2322 1534 2355; x_wconf 87' lang='lat' dir='ltr'>utinam</span> <span class='ocrx_word' id='word_1_428' title='bbox 1552 2320 1679 2354; x_wconf 86' lang='lat' dir='ltr'>liberer</span> <span class='ocrx_word' id='word_1_429' title='bbox 1697 2332 1737 2354; x_wconf 81' lang='lat' dir='ltr'>ex</span> <span class='ocrx_word' id='word_1_430' title='bbox 1756 2331 1832 2366; x_wconf 86' lang='lat' dir='ltr'>pro-</span> 
     </span>
     <span class='ocr_line' id='line_1_39' title="bbox 143 2372 624 2422; baseline 0.008 -16"><span class='ocrx_word' id='word_1_431' title='bbox 143 2372 258 2408; x_wconf 89' lang='lat' dir='ltr'>fundis</span> <span class='ocrx_word' id='word_1_432' title='bbox 285 2375 398 2420; x_wconf 86' lang='lat' dir='ltr'>aquis!</span> <span class='ocrx_word' id='word_1_433' title='bbox 419 2382 449 2408; x_wconf 86' lang='lat' dir='ltr'>et</span> <span class='ocrx_word' id='word_1_434' title='bbox 480 2376 624 2422; x_wconf 85' lang='lat' dir='ltr'>reliqua.</span> 
     </span>
     <span class='ocr_line' id='line_1_40' title="bbox 455 2442 1936 2473; baseline 0 -8"><span class='ocrx_word' id='word_1_435' title='bbox 455 2442 577 2466; x_wconf 69' lang='lat' dir='ltr'>Exaudi</span> <span class='ocrx_word' id='word_1_436' title='bbox 594 2449 657 2470; x_wconf 83' lang='lat' dir='ltr'>me,</span> <span class='ocrx_word' id='word_1_437' title='bbox 673 2443 822 2471; x_wconf 78' lang='lat' dir='ltr'>Domine,</span> <span class='ocrx_word' id='word_1_438' title='bbox 837 2445 985 2471; x_wconf 77' lang='lat' dir='ltr'>quoniam</span> <span class='ocrx_word' id='word_1_439' title='bbox 1003 2444 1140 2473; x_wconf 76' lang='lat' dir='ltr'>benigna</span> <span class='ocrx_word' id='word_1_440' title='bbox 1157 2446 1202 2467; x_wconf 76' lang='lat' dir='ltr'>est</span> <span class='ocrx_word' id='word_1_441' title='bbox 1219 2444 1436 2467; x_wconf 75' lang='lat' dir='ltr'>misericordia</span> <span class='ocrx_word' id='word_1_442' title='bbox 1453 2446 1519 2466; x_wconf 73' lang='lat' dir='ltr'>tua.</span> <span class='ocrx_word' id='word_1_443' title='bbox 1870 2453 1888 2466; x_wconf 59' lang='grc' dir='ltr'>ι.</span> <span class='ocrx_word' id='word_1_444' title='bbox 1907 2450 1936 2467; x_wconf 71' lang='grc' dir='ltr'>ιτ,</span> 
     </span>
     <span class='ocr_line' id='line_1_41' title="bbox 240 2490 1830 2539; baseline 0.002 -16"><span class='ocrx_word' id='word_1_445' title='bbox 240 2490 307 2524; x_wconf 91' lang='lat' dir='ltr'>Cur</span> <span class='ocrx_word' id='word_1_446' title='bbox 325 2503 410 2525; x_wconf 67' lang='lat' dir='ltr'>vero</span> <span class='ocrx_word' id='word_1_447' title='bbox 429 2493 530 2525; x_wconf 89' lang='lat' dir='ltr'>etiam</span> <span class='ocrx_word' id='word_1_448' title='bbox 550 2493 751 2538; x_wconf 81' lang='lat' dir='ltr'>Unigenitus</span> <span class='ocrx_word' id='word_1_449' title='bbox 770 2493 921 2538; x_wconf 86' lang='lat' dir='ltr'>indigeat</span> <span class='ocrx_word' id='word_1_450' title='bbox 940 2493 1114 2531; x_wconf 78' lang='lat' dir='ltr'>exaudiri,</span> <span class='ocrx_word' id='word_1_451' title='bbox 1139 2505 1247 2538; x_wconf 86' lang='lat' dir='ltr'>quum</span> <span class='ocrx_word' id='word_1_452' title='bbox 1267 2495 1307 2526; x_wconf 84' lang='lat' dir='ltr'>sit</span> <span class='ocrx_word' id='word_1_453' title='bbox 1330 2505 1391 2538; x_wconf 84' lang='lat' dir='ltr'>par</span> <span class='ocrx_word' id='word_1_454' title='bbox 1417 2494 1503 2539; x_wconf 91' lang='lat' dir='ltr'>patri</span> <span class='ocrx_word' id='word_1_455' title='bbox 1523 2500 1555 2527; x_wconf 87' lang='lat' dir='ltr'>et</span> <span class='ocrx_word' id='word_1_456' title='bbox 1575 2493 1708 2537; x_wconf 81' lang='lat' dir='ltr'>aequali</span> <span class='ocrx_word' id='word_1_457' title='bbox 1730 2504 1830 2539; x_wconf 84' lang='lat' dir='ltr'>prae-</span> 
     </span>
     <span class='ocr_line' id='line_1_42' title="bbox 143 2546 1828 2596; baseline 0.002 -16"><span class='ocrx_word' id='word_1_458' title='bbox 143 2546 236 2581; x_wconf 89' lang='lat' dir='ltr'>ditus</span> <span class='ocrx_word' id='word_1_459' title='bbox 261 2547 448 2593; x_wconf 78' lang='lat' dir='ltr'>dignitate,</span> <span class='ocrx_word' id='word_1_460' title='bbox 469 2561 605 2583; x_wconf 86' lang='lat' dir='ltr'>causam</span> <span class='ocrx_word' id='word_1_461' title='bbox 633 2551 775 2596; x_wconf 88' lang='lat' dir='ltr'>ipsemet</span> <span class='ocrx_word' id='word_1_462' title='bbox 800 2550 901 2587; x_wconf 85' lang='lat' dir='ltr'>dicit,</span> <span class='ocrx_word' id='word_1_463' title='bbox 924 2552 1004 2596; x_wconf 83' lang='lat' dir='ltr'>quia</span> <span class='ocrx_word' id='word_1_464' title='bbox 1031 2563 1156 2596; x_wconf 88' lang='lat' dir='ltr'>nempe</span> <span class='ocrx_word' id='word_1_465' title='bbox 1182 2550 1330 2595; x_wconf 78' lang='lat' dir='ltr'>benigna</span> <span class='ocrx_word' id='word_1_466' title='bbox 1356 2557 1405 2584; x_wconf 86' lang='lat' dir='ltr'>est</span> <span class='ocrx_word' id='word_1_467' title='bbox 1433 2550 1669 2584; x_wconf 83' lang='lat' dir='ltr'>misericordia</span> <span class='ocrx_word' id='word_1_468' title='bbox 1694 2556 1770 2584; x_wconf 88' lang='lat' dir='ltr'>tua:</span> <span class='ocrx_word' id='word_1_469' title='bbox 1794 2550 1828 2584; x_wconf 86' lang='lat' dir='ltr'>id</span> 
     </span>
     <span class='ocr_line' id='line_1_43' title="bbox 144 2605 1833 2654; baseline 0.002 -16"><span class='ocrx_word' id='word_1_470' title='bbox 144 2611 217 2642; x_wconf 79' lang='lat' dir='ltr'>est.</span> <span class='ocrx_word' id='word_1_471' title='bbox 246 2605 376 2640; x_wconf 83' lang='lat' dir='ltr'>idcireo</span> <span class='ocrx_word' id='word_1_472' title='bbox 402 2607 556 2641; x_wconf 70' lang='lat' dir='ltr'>exaudiri</span> <span class='ocrx_word' id='word_1_473' title='bbox 584 2607 721 2653; x_wconf 83' lang='lat' dir='ltr'>indigeo</span> <span class='ocrx_word' id='word_1_474' title='bbox 747 2608 826 2653; x_wconf 88' lang='lat' dir='ltr'>quia</span> <span class='ocrx_word' id='word_1_475' title='bbox 852 2608 959 2642; x_wconf 90' lang='lat' dir='ltr'>homo</span> <span class='ocrx_word' id='word_1_476' title='bbox 986 2620 1046 2654; x_wconf 85' lang='lat' dir='ltr'>per</span> <span class='ocrx_word' id='word_1_477' title='bbox 1073 2614 1165 2641; x_wconf 88' lang='lat' dir='ltr'>tuam</span> <span class='ocrx_word' id='word_1_478' title='bbox 1193 2619 1273 2653; x_wconf 82' lang='lat' dir='ltr'>erga</span> <span class='ocrx_word' id='word_1_479' title='bbox 1300 2608 1456 2642; x_wconf 87' lang='lat' dir='ltr'>homines</span> <span class='ocrx_word' id='word_1_480' title='bbox 1482 2608 1698 2642; x_wconf 85' lang='lat' dir='ltr'>clementiam</span> <span class='ocrx_word' id='word_1_481' title='bbox 1726 2608 1833 2643; x_wconf 82' lang='lat' dir='ltr'>sactus</span> 
     </span>
     <span class='ocr_line' id='line_1_44' title="bbox 143 2664 1278 2712; baseline 0.002 -16"><span class='ocrx_word' id='word_1_482' title='bbox 143 2674 238 2701; x_wconf 82' lang='lat' dir='ltr'>sum.</span> <span class='ocrx_word' id='word_1_483' title='bbox 261 2670 362 2709; x_wconf 88' lang='lat' dir='ltr'>atque</span> <span class='ocrx_word' id='word_1_484' title='bbox 388 2664 568 2698; x_wconf 90' lang='lat' dir='ltr'>hominum</span> <span class='ocrx_word' id='word_1_485' title='bbox 596 2676 697 2699; x_wconf 87' lang='lat' dir='ltr'>causa</span> <span class='ocrx_word' id='word_1_486' title='bbox 723 2665 789 2699; x_wconf 85' lang='lat' dir='ltr'>hoc</span> <span class='ocrx_word' id='word_1_487' title='bbox 814 2673 892 2712; x_wconf 81' lang='lat' dir='ltr'>apte</span> <span class='ocrx_word' id='word_1_488' title='bbox 918 2666 1070 2699; x_wconf 82' lang='lat' dir='ltr'>officium</span> <span class='ocrx_word' id='word_1_489' title='bbox 1097 2666 1278 2711; x_wconf 76' lang='lat' dir='ltr'>assumpsi.</span> 
     </span>
     <span class='ocr_line' id='line_1_45' title="bbox 666 2731 1937 2758; baseline -0.001 -4"><span class='ocrx_word' id='word_1_490' title='bbox 666 2731 711 2754; x_wconf 78' lang='lat' dir='ltr'>Ne</span> <span class='ocrx_word' id='word_1_491' title='bbox 728 2733 851 2755; x_wconf 70' lang='lat' dir='ltr'>avertas</span> <span class='ocrx_word' id='word_1_492' title='bbox 868 2733 980 2755; x_wconf 69' lang='lat' dir='ltr'>facient</span> <span class='ocrx_word' id='word_1_493' title='bbox 996 2734 1083 2755; x_wconf 75' lang='lat' dir='ltr'>tunm</span> <span class='ocrx_word' id='word_1_494' title='bbox 1100 2739 1119 2754; x_wconf 73' lang='lat' dir='ltr'><strong>a</strong></span> <span class='ocrx_word' id='word_1_495' title='bbox 1135 2738 1233 2758; x_wconf 76' lang='lat' dir='ltr'>puero</span> <span class='ocrx_word' id='word_1_496' title='bbox 1250 2734 1313 2754; x_wconf 77' lang='lat' dir='ltr'>tuo.</span> <span class='ocrx_word' id='word_1_497' title='bbox 1870 2740 1881 2754; x_wconf 71' lang='lat' dir='ltr'>v.</span> <span class='ocrx_word' id='word_1_498' title='bbox 1909 2738 1937 2754; x_wconf 52' lang='lat' dir='ltr'>is.</span> 
     </span>
     <span class='ocr_line' id='line_1_46' title="bbox 241 2780 1830 2827; baseline 0.001 -13"><span class='ocrx_word' id='word_1_499' title='bbox 241 2781 326 2822; x_wconf 86' lang='lat' dir='ltr'>Quia</span> <span class='ocrx_word' id='word_1_500' title='bbox 354 2787 451 2826; x_wconf 88' lang='lat' dir='ltr'>pater</span> <span class='ocrx_word' id='word_1_501' title='bbox 475 2792 615 2827; x_wconf 88' lang='lat' dir='ltr'>quoque</span> <span class='ocrx_word' id='word_1_502' title='bbox 634 2780 681 2815; x_wconf 93' lang='lat' dir='ltr'>ob</span> <span class='ocrx_word' id='word_1_503' title='bbox 700 2781 822 2815; x_wconf 84' lang='lat' dir='ltr'>Adami</span> <span class='ocrx_word' id='word_1_504' title='bbox 848 2783 1153 2827; x_wconf 84' lang='lat' dir='ltr'>transgressionem</span> <span class='ocrx_word' id='word_1_505' title='bbox 1179 2781 1222 2814; x_wconf 90' lang='lat' dir='ltr'>ab</span> <span class='ocrx_word' id='word_1_506' title='bbox 1241 2781 1392 2815; x_wconf 84' lang='lat' dir='ltr'>humana</span> <span class='ocrx_word' id='word_1_507' title='bbox 1418 2788 1538 2816; x_wconf 90' lang='lat' dir='ltr'>natura</span> <span class='ocrx_word' id='word_1_508' title='bbox 1565 2789 1671 2817; x_wconf 89' lang='lat' dir='ltr'>semet</span> <span class='ocrx_word' id='word_1_509' title='bbox 1696 2788 1830 2816; x_wconf 85' lang='lat' dir='ltr'>averte-</span> 
     </span>
     <span class='ocr_line' id='line_1_47' title="bbox 146 2838 1831 2883; baseline 0.001 -12"><span class='ocrx_word' id='word_1_510' title='bbox 146 2844 215 2877; x_wconf 82' lang='lat' dir='ltr'>rat,</span> <span class='ocrx_word' id='word_1_511' title='bbox 237 2839 366 2872; x_wconf 87' lang='lat' dir='ltr'>idcirco</span> <span class='ocrx_word' id='word_1_512' title='bbox 385 2845 423 2872; x_wconf 87' lang='lat' dir='ltr'>ut</span> <span class='ocrx_word' id='word_1_513' title='bbox 442 2838 559 2872; x_wconf 86' lang='lat' dir='ltr'>denuo</span> <span class='ocrx_word' id='word_1_514' title='bbox 584 2838 706 2873; x_wconf 85' lang='lat' dir='ltr'>faciem</span> <span class='ocrx_word' id='word_1_515' title='bbox 732 2849 829 2873; x_wconf 88' lang='lat' dir='ltr'>suam</span> <span class='ocrx_word' id='word_1_516' title='bbox 853 2839 895 2873; x_wconf 88' lang='lat' dir='ltr'>ad</span> <span class='ocrx_word' id='word_1_517' title='bbox 922 2840 1018 2874; x_wconf 86' lang='lat' dir='ltr'>illam</span> <span class='ocrx_word' id='word_1_518' title='bbox 1044 2844 1221 2873; x_wconf 87' lang='lat' dir='ltr'>convertat</span> <span class='ocrx_word' id='word_1_519' title='bbox 1246 2845 1345 2883; x_wconf 85' lang='lat' dir='ltr'>rogat</span> <span class='ocrx_word' id='word_1_520' title='bbox 1363 2838 1535 2879; x_wconf 87' lang='lat' dir='ltr'>Christus,</span> <span class='ocrx_word' id='word_1_521' title='bbox 1558 2845 1592 2873; x_wconf 86' lang='lat' dir='ltr'>et</span> <span class='ocrx_word' id='word_1_522' title='bbox 1609 2850 1653 2874; x_wconf 90' lang='lat' dir='ltr'>ne</span> <span class='ocrx_word' id='word_1_523' title='bbox 1671 2840 1758 2872; x_wconf 86' lang='lat' dir='ltr'>iram</span> <span class='ocrx_word' id='word_1_524' title='bbox 1777 2849 1831 2872; x_wconf 80' lang='lat' dir='ltr'>re·</span> 
     </span>
    </p>
   </div>
  </div>
 </body>
</html>
