<?xml version="1.0" encoding="UTF-8"?>
<!DOCTYPE html PUBLIC "-//W3C//DTD XHTML 1.0 Transitional//EN"
    "http://www.w3.org/TR/xhtml1/DTD/xhtml1-transitional.dtd">
<html xmlns="http://www.w3.org/1999/xhtml" xml:lang="en" lang="en">
 <head>
  <title>
</title>
<meta http-equiv="Content-Type" content="text/html;charset=utf-8" />
  <meta name='ocr-system' content='tesseract 3.04.00' />
  <meta name='ocr-capabilities' content='ocr_page ocr_carea ocr_par ocr_line ocrx_word'/>
</head>
<body>
  <div class='ocr_page' id='page_1' title='image "./novaepatrumbibli03maiauoft/novaepatrumbibli03maiauoft_0510.png"; bbox 0 0 2205 3177; ppageno 0'>
   <div class='ocr_carea' id='block_1_1' title="bbox 217 283 367 304">
    <p class='ocr_par' dir='ltr' id='par_1_1' title="bbox 217 283 367 304">
     <span class='ocr_line' id='line_1_1' title="bbox 217 283 367 304; baseline -0.007 -1"><span class='ocrx_word' id='word_1_1' title='bbox 217 288 256 303; x_wconf 72' lang='lat' dir='ltr'>ix·</span> <span class='ocrx_word' id='word_1_2' title='bbox 287 283 367 304; x_wconf 60' lang='grc' dir='ltr'>λὶ.τ.</span> 
     </span>
    </p>
   </div>
   <div class='ocr_carea' id='block_1_2' title="bbox 199 798 370 818">
    <p class='ocr_par' dir='ltr' id='par_1_2' title="bbox 199 798 370 818">
     <span class='ocr_line' id='line_1_2' title="bbox 199 798 370 818; baseline -0.012 0"><span class='ocrx_word' id='word_1_3' title='bbox 199 803 202 806; x_wconf 84' lang='grc'><strong><em>’</em></strong></span> <span class='ocrx_word' id='word_1_4' title='bbox 222 799 268 818; x_wconf 47' lang='grc' dir='ltr'>Ιυέ.Δ</span> <span class='ocrx_word' id='word_1_5' title='bbox 285 798 322 817; x_wconf 95' lang='lat' dir='ltr'>lll.</span> <span class='ocrx_word' id='word_1_6' title='bbox 342 800 370 817; x_wconf 71' lang='grc' dir='ltr'>Ιύ.</span> 
     </span>
    </p>
   </div>
   <div class='ocr_carea' id='block_1_3' title="bbox 410 204 1868 304">
    <p class='ocr_par' dir='ltr' id='par_1_3' title="bbox 410 204 1868 304">
     <span class='ocr_line' id='line_1_3' title="bbox 410 204 1730 237; baseline 0 -5"><span class='ocrx_word' id='word_1_7' title='bbox 410 204 454 237; x_wconf 72' lang='grc'>3-3</span> <span class='ocrx_word' id='word_1_8' title='bbox 747 211 774 232; x_wconf 85' lang='lat' dir='ltr'>s.</span> <span class='ocrx_word' id='word_1_9' title='bbox 803 209 928 231; x_wconf 70' lang='lat' dir='ltr'>cuum</span> <span class='ocrx_word' id='word_1_10' title='bbox 955 208 1054 230; x_wconf 67' lang='lat' dir='ltr'>ALEx.</span> <span class='ocrx_word' id='word_1_11' title='bbox 1084 208 1178 231; x_wconf 69' lang='lat' dir='ltr'>axrt.</span> <span class='ocrx_word' id='word_1_12' title='bbox 1208 209 1240 231; x_wconf 71' lang='lat' dir='ltr'>m·</span> <span class='ocrx_word' id='word_1_13' title='bbox 1266 208 1367 231; x_wconf 78' lang='lat' dir='ltr'>ErlsT.</span> <span class='ocrx_word' id='word_1_14' title='bbox 1396 208 1438 231; x_wconf 71' lang='lat' dir='ltr'>An</span> <span class='ocrx_word' id='word_1_15' title='bbox 1464 208 1544 231; x_wconf 70' lang='lat' dir='ltr'>nou.</span> <span class='ocrx_word' id='word_1_16' title='bbox 1573 208 1644 232; x_wconf 70' lang='lat' dir='ltr'>mr.</span> <span class='ocrx_word' id='word_1_17' title='bbox 1674 210 1730 232; x_wconf 74' lang='lat' dir='ltr'>xv.</span> 
     </span>
     <span class='ocr_line' id='line_1_4' title="bbox 610 268 1868 304; baseline -0.001 -4"><span class='ocrx_word' id='word_1_18' title='bbox 610 278 682 300; x_wconf 67' lang='lat' dir='ltr'>luteo</span> <span class='ocrx_word' id='word_1_19' title='bbox 698 277 844 303; x_wconf 66' lang='lat' dir='ltr'>suscipite</span> <span class='ocrx_word' id='word_1_20' title='bbox 860 268 1066 303; x_wconf 24' lang='lat' dir='ltr'>nno-rutrum,</span> <span class='ocrx_word' id='word_1_21' title='bbox 1082 276 1159 299; x_wconf 71' lang='lat' dir='ltr'>sicu!</span> <span class='ocrx_word' id='word_1_22' title='bbox 1177 278 1209 299; x_wconf 70' lang='lat' dir='ltr'>et</span> <span class='ocrx_word' id='word_1_23' title='bbox 1224 275 1368 298; x_wconf 69' lang='lat' dir='ltr'>Christus</span> <span class='ocrx_word' id='word_1_24' title='bbox 1384 276 1517 303; x_wconf 72' lang='lat' dir='ltr'>suscepit</span> <span class='ocrx_word' id='word_1_25' title='bbox 1534 282 1584 299; x_wconf 75' lang='lat' dir='ltr'>vos</span> <span class='ocrx_word' id='word_1_26' title='bbox 1599 276 1633 298; x_wconf 83' lang='grc' dir='ltr'>ἰιι</span> <span class='ocrx_word' id='word_1_27' title='bbox 1651 276 1784 304; x_wconf 62' lang='lat' dir='ltr'>glou-inm</span> <span class='ocrx_word' id='word_1_28' title='bbox 1800 276 1868 300; x_wconf 72' lang='lat' dir='ltr'>Dei.</span> 
     </span>
    </p>
   </div>
   <div class='ocr_carea' id='block_1_4' title="bbox 407 328 2080 1351">
    <p class='ocr_par' dir='ltr' id='par_1_4' title="bbox 407 328 2080 1351">
     <span class='ocr_line' id='line_1_5' title="bbox 502 328 2072 376; baseline -0.001 -11"><span class='ocrx_word' id='word_1_29' title='bbox 502 332 596 365; x_wconf 85' lang='lat' dir='ltr'>Multi</span> <span class='ocrx_word' id='word_1_30' title='bbox 616 342 723 364; x_wconf 87' lang='lat' dir='ltr'>unum</span> <span class='ocrx_word' id='word_1_31' title='bbox 742 342 867 375; x_wconf 80' lang='lat' dir='ltr'>corpus</span> <span class='ocrx_word' id='word_1_32' title='bbox 890 341 1023 367; x_wconf 77' lang='lat' dir='ltr'>sumus.</span> <span class='ocrx_word' id='word_1_33' title='bbox 1051 336 1085 365; x_wconf 86' lang='lat' dir='ltr'>ct</span> <span class='ocrx_word' id='word_1_34' title='bbox 1103 328 1256 363; x_wconf 83' lang='lat' dir='ltr'>membra</span> <span class='ocrx_word' id='word_1_35' title='bbox 1276 329 1489 368; x_wconf 78' lang='lat' dir='ltr'>alterutriuS,</span> <span class='ocrx_word' id='word_1_36' title='bbox 1510 330 1606 363; x_wconf 82' lang='lat' dir='ltr'>sicuti</span> <span class='ocrx_word' id='word_1_37' title='bbox 1630 331 1795 376; x_wconf 85' lang='lat' dir='ltr'>scriptum</span> <span class='ocrx_word' id='word_1_38' title='bbox 1815 337 1882 368; x_wconf 86' lang='lat' dir='ltr'>est.</span> <span class='ocrx_word' id='word_1_39' title='bbox 1904 332 2072 365; x_wconf 85' lang='lat' dir='ltr'>constrin—</span> 
     </span>
     <span class='ocr_line' id='line_1_6' title="bbox 408 387 2072 436; baseline -0.001 -13"><span class='ocrx_word' id='word_1_40' title='bbox 408 397 506 436; x_wconf 67' lang='lat' dir='ltr'>gente</span> <span class='ocrx_word' id='word_1_41' title='bbox 526 400 587 422; x_wconf 85' lang='lat' dir='ltr'>nos</span> <span class='ocrx_word' id='word_1_42' title='bbox 606 389 637 421; x_wconf 89' lang='lat' dir='ltr'>iu</span> <span class='ocrx_word' id='word_1_43' title='bbox 658 388 821 423; x_wconf 84' lang='lat' dir='ltr'>unitatem</span> <span class='ocrx_word' id='word_1_44' title='bbox 842 387 976 421; x_wconf 86' lang='lat' dir='ltr'>Christo</span> <span class='ocrx_word' id='word_1_45' title='bbox 995 388 1141 421; x_wconf 80' lang='lat' dir='ltr'>caritatis</span> <span class='ocrx_word' id='word_1_46' title='bbox 1158 387 1315 421; x_wconf 61' lang='lat' dir='ltr'>vinculis.</span> <span class='ocrx_word' id='word_1_47' title='bbox 1338 387 1412 432; x_wconf 80' lang='lat' dir='ltr'>lpse</span> <span class='ocrx_word' id='word_1_48' title='bbox 1431 393 1481 420; x_wconf 86' lang='lat' dir='ltr'>est</span> <span class='ocrx_word' id='word_1_49' title='bbox 1499 387 1591 420; x_wconf 87' lang='lat' dir='ltr'>enim</span> <span class='ocrx_word' id='word_1_50' title='bbox 1609 388 1666 431; x_wconf 88' lang='lat' dir='ltr'>qui</span> <span class='ocrx_word' id='word_1_51' title='bbox 1687 387 1764 421; x_wconf 86' lang='lat' dir='ltr'>fecit</span> <span class='ocrx_word' id='word_1_52' title='bbox 1783 394 1927 433; x_wconf 85' lang='lat' dir='ltr'>utraque</span> <span class='ocrx_word' id='word_1_53' title='bbox 1944 400 2072 425; x_wconf 65' lang='lat' dir='ltr'>unum.</span> 
     </span>
     <span class='ocr_line' id='line_1_7' title="bbox 409 443 2074 491; baseline -0.001 -12"><span class='ocrx_word' id='word_1_54' title='bbox 409 446 558 479; x_wconf 67' lang='lat' dir='ltr'>medium</span> <span class='ocrx_word' id='word_1_55' title='bbox 577 446 741 490; x_wconf 82' lang='lat' dir='ltr'>parietem</span> <span class='ocrx_word' id='word_1_56' title='bbox 760 445 926 478; x_wconf 75' lang='lat' dir='ltr'>maceriae</span> <span class='ocrx_word' id='word_1_57' title='bbox 947 444 1099 483; x_wconf 75' lang='lat' dir='ltr'>solvens,</span> <span class='ocrx_word' id='word_1_58' title='bbox 1129 444 1237 489; x_wconf 77' lang='lat' dir='ltr'>legem</span> <span class='ocrx_word' id='word_1_59' title='bbox 1258 450 1520 489; x_wconf 80' lang='lat' dir='ltr'>praeceptorum</span> <span class='ocrx_word' id='word_1_60' title='bbox 1545 443 1690 477; x_wconf 86' lang='lat' dir='ltr'>decretis</span> <span class='ocrx_word' id='word_1_61' title='bbox 1713 444 1902 478; x_wconf 85' lang='lat' dir='ltr'>destruens.</span> <span class='ocrx_word' id='word_1_62' title='bbox 1932 446 2074 491; x_wconf 76' lang='lat' dir='ltr'>Oportet</span> 
     </span>
     <span class='ocr_line' id='line_1_8' title="bbox 409 500 2075 548; baseline 0.001 -13"><span class='ocrx_word' id='word_1_63' title='bbox 409 504 510 548; x_wconf 69' lang='lat' dir='ltr'>igitur</span> <span class='ocrx_word' id='word_1_64' title='bbox 534 501 654 535; x_wconf 86' lang='lat' dir='ltr'>cadem</span> <span class='ocrx_word' id='word_1_65' title='bbox 681 512 801 535; x_wconf 79' lang='lat' dir='ltr'>omncs</span> <span class='ocrx_word' id='word_1_66' title='bbox 824 501 972 535; x_wconf 66' lang='lat' dir='ltr'>invicem</span> <span class='ocrx_word' id='word_1_67' title='bbox 997 502 1139 539; x_wconf 82' lang='lat' dir='ltr'>sentire;</span> <span class='ocrx_word' id='word_1_68' title='bbox 1164 507 1197 535; x_wconf 83' lang='lat' dir='ltr'>et</span> <span class='ocrx_word' id='word_1_69' title='bbox 1222 502 1249 534; x_wconf 90' lang='lat' dir='ltr'>si</span> <span class='ocrx_word' id='word_1_70' title='bbox 1273 513 1380 534; x_wconf 87' lang='lat' dir='ltr'>uuum</span> <span class='ocrx_word' id='word_1_71' title='bbox 1406 500 1601 534; x_wconf 78' lang='lat' dir='ltr'>membrum</span> <span class='ocrx_word' id='word_1_72' title='bbox 1629 500 1757 545; x_wconf 90' lang='lat' dir='ltr'>aliquid</span> <span class='ocrx_word' id='word_1_73' title='bbox 1784 502 1927 547; x_wconf 84' lang='lat' dir='ltr'>patitur,</span> <span class='ocrx_word' id='word_1_74' title='bbox 1956 508 2075 536; x_wconf 91' lang='lat' dir='ltr'>cuncta</span> 
     </span>
     <span class='ocr_line' id='line_1_9' title="bbox 407 556 2077 604; baseline 0 -11"><span class='ocrx_word' id='word_1_75' title='bbox 407 560 555 604; x_wconf 87' lang='lat' dir='ltr'>compati</span> <span class='ocrx_word' id='word_1_76' title='bbox 574 557 747 596; x_wconf 69' lang='lat' dir='ltr'>mcmbraz</span> <span class='ocrx_word' id='word_1_77' title='bbox 766 559 817 592; x_wconf 89' lang='lat' dir='ltr'>siu</span> <span class='ocrx_word' id='word_1_78' title='bbox 834 570 940 592; x_wconf 90' lang='lat' dir='ltr'>unum</span> <span class='ocrx_word' id='word_1_79' title='bbox 958 558 1151 592; x_wconf 76' lang='lat' dir='ltr'>membrum</span> <span class='ocrx_word' id='word_1_80' title='bbox 1169 558 1398 603; x_wconf 78' lang='lat' dir='ltr'>glorificatur,</span> <span class='ocrx_word' id='word_1_81' title='bbox 1416 564 1534 592; x_wconf 85' lang='lat' dir='ltr'>cuncta</span> <span class='ocrx_word' id='word_1_82' title='bbox 1554 556 1710 592; x_wconf 86' lang='lat' dir='ltr'>membra</span> <span class='ocrx_word' id='word_1_83' title='bbox 1728 558 1889 603; x_wconf 83' lang='lat' dir='ltr'>gaudere.</span> <span class='ocrx_word' id='word_1_84' title='bbox 1912 559 1992 593; x_wconf 88' lang='lat' dir='ltr'>ldeo</span> <span class='ocrx_word' id='word_1_85' title='bbox 2010 572 2077 593; x_wconf 91' lang='lat' dir='ltr'>sus-</span> 
     </span>
     <span class='ocr_line' id='line_1_10' title="bbox 409 616 2076 662; baseline 0.001 -12"><span class='ocrx_word' id='word_1_86' title='bbox 409 617 528 662; x_wconf 82' lang='lat' dir='ltr'>cipite.</span> <span class='ocrx_word' id='word_1_87' title='bbox 549 617 676 661; x_wconf 91' lang='lat' dir='ltr'>inquit,</span> <span class='ocrx_word' id='word_1_88' title='bbox 697 617 918 654; x_wconf 75' lang='lat' dir='ltr'>alterutrum,</span> <span class='ocrx_word' id='word_1_89' title='bbox 939 617 1023 649; x_wconf 89' lang='lat' dir='ltr'>sicut</span> <span class='ocrx_word' id='word_1_90' title='bbox 1045 623 1076 650; x_wconf 88' lang='lat' dir='ltr'>et</span> <span class='ocrx_word' id='word_1_91' title='bbox 1094 616 1246 649; x_wconf 89' lang='lat' dir='ltr'>Christus</span> <span class='ocrx_word' id='word_1_92' title='bbox 1263 617 1409 661; x_wconf 76' lang='lat' dir='ltr'>suscepit</span> <span class='ocrx_word' id='word_1_93' title='bbox 1430 628 1491 650; x_wconf 83' lang='lat' dir='ltr'>vos</span> <span class='ocrx_word' id='word_1_94' title='bbox 1515 617 1549 649; x_wconf 91' lang='lat' dir='ltr'>in</span> <span class='ocrx_word' id='word_1_95' title='bbox 1575 616 1721 661; x_wconf 80' lang='lat' dir='ltr'>gloriam</span> <span class='ocrx_word' id='word_1_96' title='bbox 1748 616 1820 649; x_wconf 86' lang='lat' dir='ltr'>Dei.</span> <span class='ocrx_word' id='word_1_97' title='bbox 1849 616 2076 662; x_wconf 87' lang='lat' dir='ltr'>Suscipiemus</span> 
     </span>
     <span class='ocr_line' id='line_1_11' title="bbox 409 673 2077 719; baseline 0 -12"><span class='ocrx_word' id='word_1_98' title='bbox 409 680 521 708; x_wconf 84' lang='lat' dir='ltr'>autem</span> <span class='ocrx_word' id='word_1_99' title='bbox 540 675 702 711; x_wconf 63' lang='lat' dir='ltr'>invicem,</span> <span class='ocrx_word' id='word_1_100' title='bbox 725 674 751 707; x_wconf 91' lang='lat' dir='ltr'>si</span> <span class='ocrx_word' id='word_1_101' title='bbox 770 674 889 707; x_wconf 85' lang='lat' dir='ltr'>cadem</span> <span class='ocrx_word' id='word_1_102' title='bbox 907 674 1032 707; x_wconf 81' lang='lat' dir='ltr'>sentire</span> <span class='ocrx_word' id='word_1_103' title='bbox 1050 673 1278 707; x_wconf 67' lang='lat' dir='ltr'>voluerimus.-</span> <span class='ocrx_word' id='word_1_104' title='bbox 1301 673 1447 707; x_wconf 80' lang='lat' dir='ltr'>serentes</span> <span class='ocrx_word' id='word_1_105' title='bbox 1464 674 1545 706; x_wconf 79' lang='lat' dir='ltr'>item</span> <span class='ocrx_word' id='word_1_106' title='bbox 1566 673 1651 707; x_wconf 85' lang='lat' dir='ltr'>alter</span> <span class='ocrx_word' id='word_1_107' title='bbox 1669 673 1813 707; x_wconf 86' lang='lat' dir='ltr'>alterius</span> <span class='ocrx_word' id='word_1_108' title='bbox 1824 673 1992 719; x_wconf 86' lang='lat' dir='ltr'>pondera,</span> <span class='ocrx_word' id='word_1_109' title='bbox 2013 685 2077 708; x_wconf 90' lang='lat' dir='ltr'>ser·</span> 
     </span>
     <span class='ocr_line' id='line_1_12' title="bbox 408 729 2074 777; baseline -0.001 -12"><span class='ocrx_word' id='word_1_110' title='bbox 408 737 595 777; x_wconf 76' lang='lat' dir='ltr'>vantesque</span> <span class='ocrx_word' id='word_1_111' title='bbox 615 732 780 765; x_wconf 84' lang='lat' dir='ltr'>unitatem</span> <span class='ocrx_word' id='word_1_112' title='bbox 801 732 940 777; x_wconf 82' lang='lat' dir='ltr'>spiritus</span> <span class='ocrx_word' id='word_1_113' title='bbox 958 731 994 763; x_wconf 84' lang='lat' dir='ltr'>in</span> <span class='ocrx_word' id='word_1_114' title='bbox 1012 729 1150 763; x_wconf 69' lang='lat' dir='ltr'>vinculo</span> <span class='ocrx_word' id='word_1_115' title='bbox 1168 731 1272 775; x_wconf 79' lang='lat' dir='ltr'>paciS.</span> <span class='ocrx_word' id='word_1_116' title='bbox 1296 730 1347 763; x_wconf 89' lang='lat' dir='ltr'>Sic</span> <span class='ocrx_word' id='word_1_117' title='bbox 1367 742 1428 764; x_wconf 91' lang='lat' dir='ltr'>nos</span> <span class='ocrx_word' id='word_1_118' title='bbox 1446 741 1584 775; x_wconf 86' lang='lat' dir='ltr'>quoque</span> <span class='ocrx_word' id='word_1_119' title='bbox 1603 731 1856 776; x_wconf 81' lang='lat' dir='ltr'>suscepitDeus</span> <span class='ocrx_word' id='word_1_120' title='bbox 1872 731 1907 764; x_wconf 87' lang='lat' dir='ltr'>in</span> <span class='ocrx_word' id='word_1_121' title='bbox 1928 731 2074 765; x_wconf 87' lang='lat' dir='ltr'>Christo.</span> 
     </span>
     <span class='ocr_line' id='line_1_13' title="bbox 411 781 2076 834; baseline -0.001 -11"><span class='ocrx_word' id='word_1_122' title='bbox 411 791 495 823; x_wconf 85' lang='lat' dir='ltr'>Nam</span> <span class='ocrx_word' id='word_1_123' title='bbox 513 800 614 823; x_wconf 72' lang='lat' dir='ltr'>verax</span> <span class='ocrx_word' id='word_1_124' title='bbox 633 795 682 823; x_wconf 90' lang='lat' dir='ltr'>est</span> <span class='ocrx_word' id='word_1_125' title='bbox 699 790 758 834; x_wconf 89' lang='lat' dir='ltr'>qui</span> <span class='ocrx_word' id='word_1_126' title='bbox 776 788 861 822; x_wconf 63' lang='lat' dir='ltr'>dixit</span> <span class='ocrx_word' id='word_1_127' title='bbox 881 788 908 833; x_wconf 71' lang='grc' dir='ltr'>’ς</span> <span class='ocrx_word' id='word_1_128' title='bbox 930 789 976 821; x_wconf 88' lang='lat' dir='ltr'>sic</span> <span class='ocrx_word' id='word_1_129' title='bbox 996 788 1105 820; x_wconf 85' lang='lat' dir='ltr'>Deum</span> <span class='ocrx_word' id='word_1_130' title='bbox 1124 786 1281 821; x_wconf 78' lang='lat' dir='ltr'>dilexisse</span> <span class='ocrx_word' id='word_1_131' title='bbox 1306 787 1474 821; x_wconf 90' lang='lat' dir='ltr'>mundum</span> <span class='ocrx_word' id='word_1_132' title='bbox 1494 794 1531 822; x_wconf 87' lang='lat' dir='ltr'>ut</span> <span class='ocrx_word' id='word_1_133' title='bbox 1553 787 1661 821; x_wconf 81' lang='lat' dir='ltr'>lilium</span> <span class='ocrx_word' id='word_1_134' title='bbox 1683 800 1782 823; x_wconf 90' lang='lat' dir='ltr'>suum</span> <span class='ocrx_word' id='word_1_135' title='bbox 1804 781 1990 834; x_wconf 41' lang='lat' dir='ltr'>pro&#39;nohis</span> <span class='ocrx_word' id='word_1_136' title='bbox 2010 794 2076 822; x_wconf 90' lang='lat' dir='ltr'>tra—</span> 
     </span>
     <span class='ocr_line' id='line_1_14' title="bbox 409 845 2077 890; baseline 0.001 -10"><span class='ocrx_word' id='word_1_137' title='bbox 409 846 547 880; x_wconf 76' lang='lat' dir='ltr'>diderit.</span> <span class='ocrx_word' id='word_1_138' title='bbox 576 847 680 880; x_wconf 84' lang='lat' dir='ltr'>Datus</span> <span class='ocrx_word' id='word_1_139' title='bbox 701 852 751 880; x_wconf 83' lang='lat' dir='ltr'>cst</span> <span class='ocrx_word' id='word_1_140' title='bbox 768 847 860 879; x_wconf 88' lang='lat' dir='ltr'>enim</span> <span class='ocrx_word' id='word_1_141' title='bbox 878 856 942 890; x_wconf 88' lang='lat' dir='ltr'>pro</span> <span class='ocrx_word' id='word_1_142' title='bbox 967 845 1122 878; x_wconf 85' lang='lat' dir='ltr'>omnium</span> <span class='ocrx_word' id='word_1_143' title='bbox 1146 850 1303 878; x_wconf 90' lang='lat' dir='ltr'>nostrum</span> <span class='ocrx_word' id='word_1_144' title='bbox 1320 845 1389 879; x_wconf 83' lang='lat' dir='ltr'>vita</span> <span class='ocrx_word' id='word_1_145' title='bbox 1414 845 1594 884; x_wconf 82' lang='lat' dir='ltr'>redimiae,</span> <span class='ocrx_word' id='word_1_146' title='bbox 1623 852 1655 879; x_wconf 90' lang='lat' dir='ltr'>et</span> <span class='ocrx_word' id='word_1_147' title='bbox 1675 858 1693 880; x_wconf 90' lang='lat' dir='ltr'>a</span> <span class='ocrx_word' id='word_1_148' title='bbox 1714 853 1824 880; x_wconf 85' lang='lat' dir='ltr'>morte</span> <span class='ocrx_word' id='word_1_149' title='bbox 1843 847 1998 881; x_wconf 87' lang='lat' dir='ltr'>translati</span> <span class='ocrx_word' id='word_1_150' title='bbox 2018 846 2077 881; x_wconf 86' lang='lat' dir='ltr'>fui-</span> 
     </span>
     <span class='ocr_line' id='line_1_15' title="bbox 409 901 2079 950; baseline 0 -12"><span class='ocrx_word' id='word_1_151' title='bbox 409 916 501 942; x_wconf 74' lang='lat' dir='ltr'>mus,</span> <span class='ocrx_word' id='word_1_152' title='bbox 525 911 557 938; x_wconf 91' lang='lat' dir='ltr'>et</span> <span class='ocrx_word' id='word_1_153' title='bbox 583 916 624 937; x_wconf 81' lang='lat' dir='ltr'>ex</span> <span class='ocrx_word' id='word_1_154' title='bbox 644 909 753 937; x_wconf 89' lang='lat' dir='ltr'>morte</span> <span class='ocrx_word' id='word_1_155' title='bbox 781 915 818 937; x_wconf 85' lang='lat' dir='ltr'>ac</span> <span class='ocrx_word' id='word_1_156' title='bbox 841 909 980 948; x_wconf 87' lang='lat' dir='ltr'>peccato</span> <span class='ocrx_word' id='word_1_157' title='bbox 1006 901 1186 947; x_wconf 80' lang='lat' dir='ltr'>redempti.</span> <span class='ocrx_word' id='word_1_158' title='bbox 1215 902 1327 947; x_wconf 83' lang='lat' dir='ltr'>Atque</span> <span class='ocrx_word' id='word_1_159' title='bbox 1352 901 1452 936; x_wconf 90' lang='lat' dir='ltr'>huius</span> <span class='ocrx_word' id='word_1_160' title='bbox 1477 902 1738 949; x_wconf 84' lang='lat' dir='ltr'>dispensationis</span> <span class='ocrx_word' id='word_1_161' title='bbox 1764 915 1905 950; x_wconf 90' lang='lat' dir='ltr'>scopum</span> <span class='ocrx_word' id='word_1_162' title='bbox 1930 904 2079 938; x_wconf 84' lang='lat' dir='ltr'>illustrat</span> 
     </span>
     <span class='ocr_line' id='line_1_16' title="bbox 409 959 2075 1007; baseline 0.001 -12"><span class='ocrx_word' id='word_1_163' title='bbox 409 961 545 999; x_wconf 88' lang='lat' dir='ltr'>dicens,</span> <span class='ocrx_word' id='word_1_164' title='bbox 565 961 736 995; x_wconf 84' lang='lat' dir='ltr'>Christum</span> <span class='ocrx_word' id='word_1_165' title='bbox 761 960 886 993; x_wconf 81' lang='lat' dir='ltr'>sactum</span> <span class='ocrx_word' id='word_1_166' title='bbox 911 971 981 993; x_wconf 81' lang='lat' dir='ltr'>csse</span> <span class='ocrx_word' id='word_1_167' title='bbox 1000 959 1264 1007; x_wconf 75' lang='lat' dir='ltr'>circumcisionis</span> <span class='ocrx_word' id='word_1_168' title='bbox 1282 959 1476 993; x_wconf 87' lang='lat' dir='ltr'>ministrum</span> <span class='ocrx_word' id='word_1_169' title='bbox 1501 971 1565 1005; x_wconf 91' lang='lat' dir='ltr'>pro</span> <span class='ocrx_word' id='word_1_170' title='bbox 1588 961 1749 1000; x_wconf 62' lang='lat' dir='ltr'>x‘eritate,</span> <span class='ocrx_word' id='word_1_171' title='bbox 1771 966 1804 995; x_wconf 86' lang='lat' dir='ltr'>et</span> <span class='ocrx_word' id='word_1_172' title='bbox 1827 962 1970 1007; x_wconf 86' lang='lat' dir='ltr'>reliqua.</span> <span class='ocrx_word' id='word_1_173' title='bbox 1989 963 2075 996; x_wconf 90' lang='lat' dir='ltr'>Nam</span> 
     </span>
     <span class='ocr_line' id='line_1_17' title="bbox 409 1015 2076 1064; baseline 0 -12"><span class='ocrx_word' id='word_1_174' title='bbox 409 1019 488 1064; x_wconf 87' lang='lat' dir='ltr'>quia</span> <span class='ocrx_word' id='word_1_175' title='bbox 506 1018 710 1051; x_wconf 90' lang='lat' dir='ltr'>ludaeorum</span> <span class='ocrx_word' id='word_1_176' title='bbox 731 1016 928 1063; x_wconf 84' lang='lat' dir='ltr'>parentibus</span> <span class='ocrx_word' id='word_1_177' title='bbox 947 1017 1151 1062; x_wconf 83' lang='lat' dir='ltr'>promiserat</span> <span class='ocrx_word' id='word_1_178' title='bbox 1169 1016 1276 1054; x_wconf 89' lang='lat' dir='ltr'>Deus,</span> <span class='ocrx_word' id='word_1_179' title='bbox 1303 1015 1565 1050; x_wconf 88' lang='lat' dir='ltr'>benedicturum</span> <span class='ocrx_word' id='word_1_180' title='bbox 1583 1028 1618 1050; x_wconf 87' lang='lat' dir='ltr'>se</span> <span class='ocrx_word' id='word_1_181' title='bbox 1640 1017 1756 1052; x_wconf 85' lang='lat' dir='ltr'>futuro</span> <span class='ocrx_word' id='word_1_182' title='bbox 1774 1030 1814 1052; x_wconf 76' lang='lat' dir='ltr'>ex</span> <span class='ocrx_word' id='word_1_183' title='bbox 1834 1019 1916 1064; x_wconf 89' lang='lat' dir='ltr'>ipsis</span> <span class='ocrx_word' id='word_1_184' title='bbox 1935 1019 2076 1057; x_wconf 83' lang='lat' dir='ltr'>semini,</span> 
     </span>
     <span class='ocr_line' id='line_1_18' title="bbox 410 1073 2077 1121; baseline -0.001 -11"><span class='ocrx_word' id='word_1_185' title='bbox 410 1083 442 1110; x_wconf 85' lang='lat' dir='ltr'>et</span> <span class='ocrx_word' id='word_1_186' title='bbox 460 1083 629 1110; x_wconf 80' lang='lat' dir='ltr'>astrorum</span> <span class='ocrx_word' id='word_1_187' title='bbox 647 1075 842 1109; x_wconf 83' lang='lat' dir='ltr'>caelestium</span> <span class='ocrx_word' id='word_1_188' title='bbox 862 1075 968 1107; x_wconf 89' lang='lat' dir='ltr'>instar</span> <span class='ocrx_word' id='word_1_189' title='bbox 984 1073 1309 1119; x_wconf 85' lang='lat' dir='ltr'>multiplicaturum,</span> <span class='ocrx_word' id='word_1_190' title='bbox 1326 1073 1405 1107; x_wconf 84' lang='lat' dir='ltr'>ideo</span> <span class='ocrx_word' id='word_1_191' title='bbox 1424 1075 1581 1119; x_wconf 86' lang='lat' dir='ltr'>apparuit</span> <span class='ocrx_word' id='word_1_192' title='bbox 1596 1076 1630 1108; x_wconf 93' lang='lat' dir='ltr'>in</span> <span class='ocrx_word' id='word_1_193' title='bbox 1648 1086 1765 1113; x_wconf 89' lang='lat' dir='ltr'>carne,</span> <span class='ocrx_word' id='word_1_194' title='bbox 1783 1076 1956 1121; x_wconf 84' lang='lat' dir='ltr'>factusque</span> <span class='ocrx_word' id='word_1_195' title='bbox 1971 1075 2077 1109; x_wconf 90' lang='lat' dir='ltr'>homo</span> 
     </span>
     <span class='ocr_line' id='line_1_19' title="bbox 411 1131 2079 1178; baseline 0 -12"><span class='ocrx_word' id='word_1_196' title='bbox 411 1140 476 1171; x_wconf 83' lang='lat' dir='ltr'>cst.</span> <span class='ocrx_word' id='word_1_197' title='bbox 497 1134 555 1178; x_wconf 89' lang='lat' dir='ltr'>qui</span> <span class='ocrx_word' id='word_1_198' title='bbox 573 1134 662 1166; x_wconf 85' lang='lat' dir='ltr'>Deus</span> <span class='ocrx_word' id='word_1_199' title='bbox 685 1131 905 1176; x_wconf 89' lang='lat' dir='ltr'>Verbumque</span> <span class='ocrx_word' id='word_1_200' title='bbox 923 1132 1108 1177; x_wconf 85' lang='lat' dir='ltr'>ipsummet</span> <span class='ocrx_word' id='word_1_201' title='bbox 1125 1137 1215 1169; x_wconf 83' lang='lat' dir='ltr'>erat,</span> <span class='ocrx_word' id='word_1_202' title='bbox 1235 1131 1294 1176; x_wconf 90' lang='lat' dir='ltr'>qui</span> <span class='ocrx_word' id='word_1_203' title='bbox 1314 1131 1508 1164; x_wconf 66' lang='lat' dir='ltr'>universam</span> <span class='ocrx_word' id='word_1_204' title='bbox 1526 1142 1600 1164; x_wconf 90' lang='lat' dir='ltr'>rem</span> <span class='ocrx_word' id='word_1_205' title='bbox 1621 1137 1768 1165; x_wconf 89' lang='lat' dir='ltr'>creatam</span> <span class='ocrx_word' id='word_1_206' title='bbox 1786 1139 1981 1171; x_wconf 73' lang='lat' dir='ltr'>conservat,</span> <span class='ocrx_word' id='word_1_207' title='bbox 2001 1144 2079 1166; x_wconf 86' lang='lat' dir='ltr'>cun-</span> 
     </span>
     <span class='ocr_line' id='line_1_20' title="bbox 411 1188 2076 1236; baseline -0.002 -12"><span class='ocrx_word' id='word_1_208' title='bbox 411 1192 538 1236; x_wconf 83' lang='lat' dir='ltr'>ctisque</span> <span class='ocrx_word' id='word_1_209' title='bbox 563 1189 832 1224; x_wconf 80' lang='lat' dir='ltr'>incolumitatem</span> <span class='ocrx_word' id='word_1_210' title='bbox 856 1188 975 1222; x_wconf 86' lang='lat' dir='ltr'>tribuit</span> <span class='ocrx_word' id='word_1_211' title='bbox 994 1194 1112 1234; x_wconf 87' lang='lat' dir='ltr'>utpote</span> <span class='ocrx_word' id='word_1_212' title='bbox 1129 1189 1232 1222; x_wconf 89' lang='lat' dir='ltr'>Deus.</span> <span class='ocrx_word' id='word_1_213' title='bbox 1261 1189 1358 1222; x_wconf 83' lang='lat' dir='ltr'>Venit</span> <span class='ocrx_word' id='word_1_214' title='bbox 1378 1194 1492 1222; x_wconf 92' lang='lat' dir='ltr'>autem</span> <span class='ocrx_word' id='word_1_215' title='bbox 1509 1188 1545 1221; x_wconf 90' lang='lat' dir='ltr'>in</span> <span class='ocrx_word' id='word_1_216' title='bbox 1563 1188 1654 1222; x_wconf 90' lang='lat' dir='ltr'>hunc</span> <span class='ocrx_word' id='word_1_217' title='bbox 1673 1188 1842 1221; x_wconf 89' lang='lat' dir='ltr'>mundum</span> <span class='ocrx_word' id='word_1_218' title='bbox 1861 1200 1938 1221; x_wconf 87' lang='lat' dir='ltr'>cum</span> <span class='ocrx_word' id='word_1_219' title='bbox 1958 1199 2076 1225; x_wconf 83' lang='lat' dir='ltr'>carne,</span> 
     </span>
     <span class='ocr_line' id='line_1_21' title="bbox 412 1245 2080 1291; baseline -0.002 -10"><span class='ocrx_word' id='word_1_220' title='bbox 412 1259 480 1282; x_wconf 91' lang='lat' dir='ltr'>nou</span> <span class='ocrx_word' id='word_1_221' title='bbox 506 1254 618 1281; x_wconf 88' lang='lat' dir='ltr'>tamen</span> <span class='ocrx_word' id='word_1_222' title='bbox 640 1253 677 1280; x_wconf 91' lang='lat' dir='ltr'>ut</span> <span class='ocrx_word' id='word_1_223' title='bbox 701 1248 730 1280; x_wconf 96' lang='lat' dir='ltr'>ei</span> <span class='ocrx_word' id='word_1_224' title='bbox 758 1247 1025 1284; x_wconf 79' lang='lat' dir='ltr'>ministraretur,</span> <span class='ocrx_word' id='word_1_225' title='bbox 1053 1245 1113 1279; x_wconf 91' lang='lat' dir='ltr'>sed</span> <span class='ocrx_word' id='word_1_226' title='bbox 1138 1251 1176 1279; x_wconf 88' lang='lat' dir='ltr'>ut</span> <span class='ocrx_word' id='word_1_227' title='bbox 1200 1246 1273 1291; x_wconf 90' lang='lat' dir='ltr'>ipse</span> <span class='ocrx_word' id='word_1_228' title='bbox 1299 1246 1433 1291; x_wconf 88' lang='lat' dir='ltr'>potius,</span> <span class='ocrx_word' id='word_1_229' title='bbox 1462 1246 1547 1279; x_wconf 90' lang='lat' dir='ltr'>sicut</span> <span class='ocrx_word' id='word_1_230' title='bbox 1571 1246 1634 1284; x_wconf 88' lang='lat' dir='ltr'>ait,</span> <span class='ocrx_word' id='word_1_231' title='bbox 1662 1246 1886 1283; x_wconf 72' lang='lat' dir='ltr'>ministraret,</span> <span class='ocrx_word' id='word_1_232' title='bbox 1914 1245 2080 1278; x_wconf 87' lang='lat' dir='ltr'>animam—</span> 
     </span>
     <span class='ocr_line' id='line_1_22' title="bbox 410 1301 2078 1351; baseline -0.002 -12"><span class='ocrx_word' id='word_1_233' title='bbox 410 1317 477 1351; x_wconf 90' lang='lat' dir='ltr'>que</span> <span class='ocrx_word' id='word_1_234' title='bbox 498 1316 594 1338; x_wconf 85' lang='lat' dir='ltr'>suam</span> <span class='ocrx_word' id='word_1_235' title='bbox 619 1316 684 1350; x_wconf 89' lang='lat' dir='ltr'>pro</span> <span class='ocrx_word' id='word_1_236' title='bbox 702 1304 819 1338; x_wconf 88' lang='lat' dir='ltr'>multis</span> <span class='ocrx_word' id='word_1_237' title='bbox 836 1304 1111 1349; x_wconf 84' lang='lat' dir='ltr'>redemptionem</span> <span class='ocrx_word' id='word_1_238' title='bbox 1130 1302 1292 1337; x_wconf 86' lang='lat' dir='ltr'>traderet.</span> <span class='ocrx_word' id='word_1_239' title='bbox 1317 1302 1472 1337; x_wconf 84' lang='lat' dir='ltr'>Profecto</span> <span class='ocrx_word' id='word_1_240' title='bbox 1499 1301 1667 1337; x_wconf 83' lang='lat' dir='ltr'>fatebatur</span> <span class='ocrx_word' id='word_1_241' title='bbox 1684 1314 1718 1336; x_wconf 85' lang='lat' dir='ltr'>se</span> <span class='ocrx_word' id='word_1_242' title='bbox 1736 1302 1911 1336; x_wconf 87' lang='lat' dir='ltr'>manifeste</span> <span class='ocrx_word' id='word_1_243' title='bbox 1927 1302 2078 1339; x_wconf 81' lang='lat' dir='ltr'>venisse,</span> 
     </span>
    </p>
   </div>
   <div class='ocr_carea' id='block_1_5' title="bbox 354 1358 2085 1408">
    <p class='ocr_par' dir='ltr' id='par_1_5' title="bbox 354 1358 2085 1408">
     <span class='ocr_line' id='line_1_23' title="bbox 354 1358 2085 1408; baseline -0.002 -12"><span class='ocrx_word' id='word_1_244' title='bbox 354 1374 372 1391; x_wconf 65' lang='grc' dir='ltr'>τ.</span> <span class='ocrx_word' id='word_1_245' title='bbox 413 1368 450 1395; x_wconf 90' lang='lat' dir='ltr'>ut</span> <span class='ocrx_word' id='word_1_246' title='bbox 474 1362 641 1408; x_wconf 88' lang='lat' dir='ltr'>promissa</span> <span class='ocrx_word' id='word_1_247' title='bbox 666 1361 810 1395; x_wconf 78' lang='lat' dir='ltr'>Israheli‘</span> <span class='ocrx_word' id='word_1_248' title='bbox 833 1361 1034 1406; x_wconf 88' lang='lat' dir='ltr'>compleret.</span> <span class='ocrx_word' id='word_1_249' title='bbox 1063 1358 1185 1394; x_wconf 86' lang='lat' dir='ltr'>Aiebat</span> <span class='ocrx_word' id='word_1_250' title='bbox 1210 1361 1320 1394; x_wconf 89' lang='lat' dir='ltr'>enim:</span> <span class='ocrx_word' id='word_1_251' title='bbox 1346 1371 1415 1394; x_wconf 90' lang='lat' dir='ltr'>non</span> <span class='ocrx_word' id='word_1_252' title='bbox 1441 1371 1517 1393; x_wconf 90' lang='lat' dir='ltr'>sum</span> <span class='ocrx_word' id='word_1_253' title='bbox 1543 1360 1665 1394; x_wconf 89' lang='lat' dir='ltr'>missus</span> <span class='ocrx_word' id='word_1_254' title='bbox 1694 1360 1757 1393; x_wconf 91' lang='lat' dir='ltr'>nisi</span> <span class='ocrx_word' id='word_1_255' title='bbox 1781 1359 1824 1393; x_wconf 93' lang='lat' dir='ltr'>ad</span> <span class='ocrx_word' id='word_1_256' title='bbox 1849 1370 1930 1393; x_wconf 85' lang='lat' dir='ltr'>oves</span> <span class='ocrx_word' id='word_1_257' title='bbox 1955 1359 2085 1393; x_wconf 82' lang='lat' dir='ltr'>domus</span> 
     </span>
    </p>
   </div>
   <div class='ocr_carea' id='block_1_6' title="bbox 411 1416 2086 1692">
    <p class='ocr_par' dir='ltr' id='par_1_6' title="bbox 411 1416 2086 1692">
     <span class='ocr_line' id='line_1_24' title="bbox 414 1416 2086 1465; baseline -0.002 -12"><span class='ocrx_word' id='word_1_258' title='bbox 414 1420 569 1454; x_wconf 84' lang='lat' dir='ltr'>Israhelis</span> <span class='ocrx_word' id='word_1_259' title='bbox 593 1431 681 1465; x_wconf 89' lang='lat' dir='ltr'>quae</span> <span class='ocrx_word' id='word_1_260' title='bbox 706 1420 890 1465; x_wconf 89' lang='lat' dir='ltr'>perierant.</span> <span class='ocrx_word' id='word_1_261' title='bbox 917 1417 1149 1459; x_wconf 89' lang='lat' dir='ltr'>Quamobrem</span> <span class='ocrx_word' id='word_1_262' title='bbox 1176 1417 1269 1452; x_wconf 90' lang='lat' dir='ltr'>haud</span> <span class='ocrx_word' id='word_1_263' title='bbox 1295 1417 1505 1451; x_wconf 85' lang='lat' dir='ltr'>mendaciter</span> <span class='ocrx_word' id='word_1_264' title='bbox 1529 1417 1654 1452; x_wconf 90' lang='lat' dir='ltr'>Paulus</span> <span class='ocrx_word' id='word_1_265' title='bbox 1681 1418 1743 1455; x_wconf 86' lang='lat' dir='ltr'>ait,</span> <span class='ocrx_word' id='word_1_266' title='bbox 1767 1418 1961 1451; x_wconf 87' lang='lat' dir='ltr'>ministrum</span> <span class='ocrx_word' id='word_1_267' title='bbox 1980 1416 2086 1463; x_wconf 35' lang='lat' dir='ltr'>illum·</span> 
     </span>
     <span class='ocr_line' id='line_1_25' title="bbox 413 1473 2079 1521; baseline -0.002 -10"><span class='ocrx_word' id='word_1_268' title='bbox 413 1477 513 1511; x_wconf 89' lang='lat' dir='ltr'>fuisse</span> <span class='ocrx_word' id='word_1_269' title='bbox 537 1477 823 1515; x_wconf 80' lang='lat' dir='ltr'>circumcisionis,</span> <span class='ocrx_word' id='word_1_270' title='bbox 850 1482 888 1509; x_wconf 90' lang='lat' dir='ltr'>ut</span> <span class='ocrx_word' id='word_1_271' title='bbox 913 1475 1080 1521; x_wconf 86' lang='lat' dir='ltr'>promissa</span> <span class='ocrx_word' id='word_1_272' title='bbox 1101 1473 1255 1520; x_wconf 87' lang='lat' dir='ltr'>patribus</span> <span class='ocrx_word' id='word_1_273' title='bbox 1279 1480 1351 1518; x_wconf 86' lang='lat' dir='ltr'>rata</span> <span class='ocrx_word' id='word_1_274' title='bbox 1370 1473 1530 1513; x_wconf 85' lang='lat' dir='ltr'>haberet,</span> <span class='ocrx_word' id='word_1_275' title='bbox 1552 1475 1692 1519; x_wconf 90' lang='lat' dir='ltr'>eiusque</span> <span class='ocrx_word' id='word_1_276' title='bbox 1716 1475 1767 1508; x_wconf 90' lang='lat' dir='ltr'>rei</span> <span class='ocrx_word' id='word_1_277' title='bbox 1792 1485 1891 1508; x_wconf 87' lang='lat' dir='ltr'>causa</span> <span class='ocrx_word' id='word_1_278' title='bbox 1917 1473 2079 1507; x_wconf 89' lang='lat' dir='ltr'>traditum</span> 
     </span>
     <span class='ocr_line' id='line_1_26' title="bbox 413 1530 2080 1580; baseline -0.002 -13"><span class='ocrx_word' id='word_1_279' title='bbox 413 1534 515 1569; x_wconf 81' lang='lat' dir='ltr'>fuisse</span> <span class='ocrx_word' id='word_1_280' title='bbox 539 1546 557 1568; x_wconf 90' lang='lat' dir='ltr'>a</span> <span class='ocrx_word' id='word_1_281' title='bbox 583 1535 655 1569; x_wconf 89' lang='lat' dir='ltr'>Deo</span> <span class='ocrx_word' id='word_1_282' title='bbox 681 1540 793 1579; x_wconf 87' lang='lat' dir='ltr'>patre,</span> <span class='ocrx_word' id='word_1_283' title='bbox 817 1539 919 1580; x_wconf 85' lang='lat' dir='ltr'>atque</span> <span class='ocrx_word' id='word_1_284' title='bbox 944 1538 982 1566; x_wconf 89' lang='lat' dir='ltr'>ut</span> <span class='ocrx_word' id='word_1_285' title='bbox 1007 1530 1423 1576; x_wconf 56' lang='lat' dir='ltr'>misericordiamethnici</span> <span class='ocrx_word' id='word_1_286' title='bbox 1451 1537 1756 1576; x_wconf 83' lang='lat' dir='ltr'>consequerentur,</span> <span class='ocrx_word' id='word_1_287' title='bbox 1775 1534 1847 1576; x_wconf 82' lang='lat' dir='ltr'>quo</span> <span class='ocrx_word' id='word_1_288' title='bbox 1864 1537 1897 1564; x_wconf 93' lang='lat' dir='ltr'>et</span> <span class='ocrx_word' id='word_1_289' title='bbox 1915 1531 1979 1577; x_wconf 86' lang='lat' dir='ltr'>ipsi</span> <span class='ocrx_word' id='word_1_290' title='bbox 2001 1542 2080 1565; x_wconf 92' lang='lat' dir='ltr'>eum</span> 
     </span>
     <span class='ocr_line' id='line_1_27' title="bbox 411 1587 2077 1638; baseline -0.002 -12"><span class='ocrx_word' id='word_1_291' title='bbox 411 1590 642 1638; x_wconf 79' lang='lat' dir='ltr'>glorificarent</span> <span class='ocrx_word' id='word_1_292' title='bbox 661 1597 835 1636; x_wconf 88' lang='lat' dir='ltr'>tamquam</span> <span class='ocrx_word' id='word_1_293' title='bbox 854 1589 1007 1623; x_wconf 91' lang='lat' dir='ltr'>omnium</span> <span class='ocrx_word' id='word_1_294' title='bbox 1025 1595 1232 1626; x_wconf 87' lang='lat' dir='ltr'>creatorem,</span> <span class='ocrx_word' id='word_1_295' title='bbox 1254 1594 1287 1622; x_wconf 90' lang='lat' dir='ltr'>et</span> <span class='ocrx_word' id='word_1_296' title='bbox 1306 1587 1484 1634; x_wconf 82' lang='lat' dir='ltr'>opificem,</span> <span class='ocrx_word' id='word_1_297' title='bbox 1505 1594 1732 1627; x_wconf 69' lang='lat' dir='ltr'>servatorem,</span> <span class='ocrx_word' id='word_1_298' title='bbox 1753 1599 1791 1622; x_wconf 85' lang='lat' dir='ltr'>ac</span> <span class='ocrx_word' id='word_1_299' title='bbox 1808 1588 2077 1634; x_wconf 84' lang='lat' dir='ltr'>redemptorem.</span> 
     </span>
     <span class='ocr_line' id='line_1_28' title="bbox 412 1644 2081 1692; baseline -0.003 -9"><span class='ocrx_word' id='word_1_300' title='bbox 412 1649 554 1682; x_wconf 82' lang='lat' dir='ltr'>Prorsus</span> <span class='ocrx_word' id='word_1_301' title='bbox 579 1649 671 1683; x_wconf 89' lang='lat' dir='ltr'>enim</span> <span class='ocrx_word' id='word_1_302' title='bbox 686 1647 885 1683; x_wconf 65' lang='lat' dir='ltr'>cavendum</span> <span class='ocrx_word' id='word_1_303' title='bbox 909 1652 998 1686; x_wconf 88' lang='lat' dir='ltr'>erat,</span> <span class='ocrx_word' id='word_1_304' title='bbox 1018 1644 1300 1691; x_wconf 87' lang='lat' dir='ltr'>quandoquidem</span> <span class='ocrx_word' id='word_1_305' title='bbox 1319 1644 1365 1679; x_wconf 93' lang='lat' dir='ltr'>ob</span> <span class='ocrx_word' id='word_1_306' title='bbox 1391 1656 1485 1679; x_wconf 88' lang='lat' dir='ltr'>suam</span> <span class='ocrx_word' id='word_1_307' title='bbox 1511 1645 1655 1679; x_wconf 81' lang='lat' dir='ltr'>multam</span> <span class='ocrx_word' id='word_1_308' title='bbox 1679 1644 1954 1680; x_wconf 85' lang='lat' dir='ltr'>incredulitatem</span> <span class='ocrx_word' id='word_1_309' title='bbox 1976 1645 2081 1692; x_wconf 87' lang='lat' dir='ltr'>impie</span> 
     </span>
    </p>
   </div>
   <div class='ocr_carea' id='block_1_7' title="bbox 373 1697 2081 1750">
    <p class='ocr_par' dir='ltr' id='par_1_7' title="bbox 373 1697 2081 1750">
     <span class='ocr_line' id='line_1_29' title="bbox 373 1697 2081 1750; baseline -0.003 -8"><span class='ocrx_word' id='word_1_310' title='bbox 373 1740 376 1743; x_wconf 83' lang='lat'>.</span> <span class='ocrx_word' id='word_1_311' title='bbox 413 1718 492 1741; x_wconf 84' lang='lat' dir='ltr'>eum</span> <span class='ocrx_word' id='word_1_312' title='bbox 517 1707 657 1741; x_wconf 86' lang='lat' dir='ltr'>laeserat</span> <span class='ocrx_word' id='word_1_313' title='bbox 684 1706 902 1740; x_wconf 88' lang='lat' dir='ltr'>circumcisus</span> <span class='ocrx_word' id='word_1_314' title='bbox 927 1703 1095 1750; x_wconf 90' lang='lat' dir='ltr'>populus,</span> <span class='ocrx_word' id='word_1_315' title='bbox 1124 1715 1186 1737; x_wconf 87' lang='lat' dir='ltr'>nec</span> <span class='ocrx_word' id='word_1_316' title='bbox 1212 1702 1364 1737; x_wconf 84' lang='lat' dir='ltr'>eiusdem</span> <span class='ocrx_word' id='word_1_317' title='bbox 1389 1697 1661 1748; x_wconf 80' lang='lat' dir='ltr'>redemptionem</span> <span class='ocrx_word' id='word_1_318' title='bbox 1688 1702 1888 1741; x_wconf 81' lang='lat' dir='ltr'>admiserat,</span> <span class='ocrx_word' id='word_1_319' title='bbox 1914 1715 1957 1737; x_wconf 90' lang='lat' dir='ltr'>ne</span> <span class='ocrx_word' id='word_1_320' title='bbox 1981 1704 2081 1738; x_wconf 90' lang='lat' dir='ltr'>inuti-</span> 
     </span>
    </p>
   </div>
   <div class='ocr_carea' id='block_1_8' title="bbox 414 1760 2082 2094">
    <p class='ocr_par' dir='ltr' id='par_1_8' title="bbox 414 1760 2082 2094">
     <span class='ocr_line' id='line_1_30' title="bbox 414 1760 2075 1805; baseline -0.001 -9"><span class='ocrx_word' id='word_1_321' title='bbox 414 1763 455 1796; x_wconf 86' lang='lat' dir='ltr'>lis</span> <span class='ocrx_word' id='word_1_322' title='bbox 479 1762 653 1797; x_wconf 75' lang='lat' dir='ltr'>videretur</span> <span class='ocrx_word' id='word_1_323' title='bbox 670 1761 852 1796; x_wconf 79' lang='lat' dir='ltr'>ineffabilis</span> <span class='ocrx_word' id='word_1_324' title='bbox 876 1762 996 1796; x_wconf 91' lang='lat' dir='ltr'>caritas</span> <span class='ocrx_word' id='word_1_325' title='bbox 1018 1761 1097 1799; x_wconf 80' lang='lat' dir='ltr'>Dei,</span> <span class='ocrx_word' id='word_1_326' title='bbox 1123 1760 1207 1794; x_wconf 90' lang='lat' dir='ltr'>dum</span> <span class='ocrx_word' id='word_1_327' title='bbox 1230 1760 1285 1793; x_wconf 78' lang='lat' dir='ltr'>vix</span> <span class='ocrx_word' id='word_1_328' title='bbox 1310 1760 1408 1805; x_wconf 87' lang='lat' dir='ltr'>pauci</span> <span class='ocrx_word' id='word_1_329' title='bbox 1431 1760 1644 1794; x_wconf 62' lang='lat' dir='ltr'>salx-arentur</span> <span class='ocrx_word' id='word_1_330' title='bbox 1670 1760 1846 1794; x_wconf 81' lang='lat' dir='ltr'>credentes</span> <span class='ocrx_word' id='word_1_331' title='bbox 1867 1760 2075 1795; x_wconf 86' lang='lat' dir='ltr'>Israhelitae.</span> 
     </span>
     <span class='ocr_line' id='line_1_31' title="bbox 417 1817 2081 1864; baseline -0.002 -10"><span class='ocrx_word' id='word_1_332' title='bbox 417 1819 546 1854; x_wconf 85' lang='lat' dir='ltr'>[dcirco</span> <span class='ocrx_word' id='word_1_333' title='bbox 571 1820 710 1854; x_wconf 86' lang='lat' dir='ltr'>dilatata</span> <span class='ocrx_word' id='word_1_334' title='bbox 735 1821 770 1853; x_wconf 92' lang='lat' dir='ltr'>in</span> <span class='ocrx_word' id='word_1_335' title='bbox 793 1831 912 1853; x_wconf 89' lang='lat' dir='ltr'>omnes</span> <span class='ocrx_word' id='word_1_336' title='bbox 930 1829 1076 1864; x_wconf 88' lang='lat' dir='ltr'>superna</span> <span class='ocrx_word' id='word_1_337' title='bbox 1102 1817 1298 1856; x_wconf 86' lang='lat' dir='ltr'>clementia,</span> <span class='ocrx_word' id='word_1_338' title='bbox 1320 1818 1490 1864; x_wconf 84' lang='lat' dir='ltr'>adsumpti</span> <span class='ocrx_word' id='word_1_339' title='bbox 1516 1823 1596 1851; x_wconf 88' lang='lat' dir='ltr'>sunt</span> <span class='ocrx_word' id='word_1_340' title='bbox 1619 1817 1763 1856; x_wconf 84' lang='lat' dir='ltr'>ethnici,</span> <span class='ocrx_word' id='word_1_341' title='bbox 1785 1824 1819 1851; x_wconf 89' lang='lat' dir='ltr'>et</span> <span class='ocrx_word' id='word_1_342' title='bbox 1841 1818 2024 1863; x_wconf 87' lang='lat' dir='ltr'>sapientiae</span> <span class='ocrx_word' id='word_1_343' title='bbox 2046 1818 2081 1851; x_wconf 92' lang='lat' dir='ltr'>in</span> 
     </span>
     <span class='ocr_line' id='line_1_32' title="bbox 416 1873 2082 1921; baseline -0.001 -11"><span class='ocrx_word' id='word_1_344' title='bbox 416 1873 548 1911; x_wconf 82' lang='lat' dir='ltr'>Christo</span> <span class='ocrx_word' id='word_1_345' title='bbox 565 1877 767 1921; x_wconf 76' lang='lat' dir='ltr'>mysterium</span> <span class='ocrx_word' id='word_1_346' title='bbox 786 1888 804 1910; x_wconf 90' lang='lat' dir='ltr'>a</span> <span class='ocrx_word' id='word_1_347' title='bbox 822 1887 884 1910; x_wconf 87' lang='lat' dir='ltr'>suo</span> <span class='ocrx_word' id='word_1_348' title='bbox 902 1874 1119 1921; x_wconf 85' lang='lat' dir='ltr'>benignitatis</span> <span class='ocrx_word' id='word_1_349' title='bbox 1136 1886 1241 1920; x_wconf 91' lang='lat' dir='ltr'>scopo</span> <span class='ocrx_word' id='word_1_350' title='bbox 1265 1886 1336 1908; x_wconf 86' lang='lat' dir='ltr'>non</span> <span class='ocrx_word' id='word_1_351' title='bbox 1356 1874 1543 1909; x_wconf 70' lang='lat' dir='ltr'>aberravit:</span> <span class='ocrx_word' id='word_1_352' title='bbox 1563 1874 1711 1908; x_wconf 69' lang='lat' dir='ltr'>salvatus</span> <span class='ocrx_word' id='word_1_353' title='bbox 1731 1880 1780 1908; x_wconf 87' lang='lat' dir='ltr'>est</span> <span class='ocrx_word' id='word_1_354' title='bbox 1797 1875 1905 1913; x_wconf 79' lang='lat' dir='ltr'>enim,</span> <span class='ocrx_word' id='word_1_355' title='bbox 1926 1875 2005 1909; x_wconf 88' lang='lat' dir='ltr'>loco</span> <span class='ocrx_word' id='word_1_356' title='bbox 2022 1885 2082 1908; x_wconf 88' lang='lat' dir='ltr'>eo—</span> 
     </span>
     <span class='ocr_line' id='line_1_33' title="bbox 417 1930 2082 1980; baseline -0.002 -11"><span class='ocrx_word' id='word_1_357' title='bbox 417 1947 493 1969; x_wconf 88' lang='lat' dir='ltr'>rum</span> <span class='ocrx_word' id='word_1_358' title='bbox 509 1930 569 1980; x_wconf 84' lang='lat' dir='ltr'>qui</span> <span class='ocrx_word' id='word_1_359' title='bbox 586 1934 800 1973; x_wconf 79' lang='lat' dir='ltr'>exciderunt,</span> <span class='ocrx_word' id='word_1_360' title='bbox 816 1934 994 1968; x_wconf 81' lang='lat' dir='ltr'>universus</span> <span class='ocrx_word' id='word_1_361' title='bbox 1011 1933 1178 1970; x_wconf 84' lang='lat' dir='ltr'>mundus,</span> <span class='ocrx_word' id='word_1_362' title='bbox 1195 1933 1266 1966; x_wconf 89' lang='lat' dir='ltr'>Deo</span> <span class='ocrx_word' id='word_1_363' title='bbox 1284 1933 1478 1966; x_wconf 87' lang='lat' dir='ltr'>miserante.</span> <span class='ocrx_word' id='word_1_364' title='bbox 1500 1931 1601 1973; x_wconf 90' lang='lat' dir='ltr'>Quod</span> <span class='ocrx_word' id='word_1_365' title='bbox 1620 1939 1732 1966; x_wconf 86' lang='lat' dir='ltr'>autem</span> <span class='ocrx_word' id='word_1_366' title='bbox 1750 1931 1963 1978; x_wconf 90' lang='lat' dir='ltr'>praedictum</span> <span class='ocrx_word' id='word_1_367' title='bbox 1980 1932 2082 1966; x_wconf 85' lang='lat' dir='ltr'>fuerit</span> 
     </span>
     <span class='ocr_line' id='line_1_34' title="bbox 416 1984 2082 2037; baseline -0.001 -12"><span class='ocrx_word' id='word_1_368' title='bbox 416 1992 482 2025; x_wconf 89' lang='lat' dir='ltr'>hoc</span> <span class='ocrx_word' id='word_1_369' title='bbox 508 1992 708 2037; x_wconf 68' lang='lat' dir='ltr'>mysterium</span> <span class='ocrx_word' id='word_1_370' title='bbox 734 1996 929 2024; x_wconf 85' lang='lat' dir='ltr'>sanctorum</span> <span class='ocrx_word' id='word_1_371' title='bbox 953 2001 1055 2029; x_wconf 72' lang='lat' dir='ltr'>voce,</span> <span class='ocrx_word' id='word_1_372' title='bbox 1082 1990 1141 2035; x_wconf 90' lang='lat' dir='ltr'>qui</span> <span class='ocrx_word' id='word_1_373' title='bbox 1166 1990 1200 2023; x_wconf 89' lang='lat' dir='ltr'>in</span> <span class='ocrx_word' id='word_1_374' title='bbox 1225 1990 1345 2035; x_wconf 86' lang='lat' dir='ltr'>spiritu</span> <span class='ocrx_word' id='word_1_375' title='bbox 1371 1989 1484 2023; x_wconf 86' lang='lat' dir='ltr'>futura</span> <span class='ocrx_word' id='word_1_376' title='bbox 1510 1984 1844 2035; x_wconf 72' lang='lat' dir='ltr'>praecognoverunt,</span> <span class='ocrx_word' id='word_1_377' title='bbox 1869 1989 2082 2024; x_wconf 88' lang='lat' dir='ltr'>demonstrat</span> 
     </span>
     <span class='ocr_line' id='line_1_35' title="bbox 417 2046 1313 2094; baseline -0.002 -12"><span class='ocrx_word' id='word_1_378' title='bbox 417 2048 565 2083; x_wconf 67' lang='lat' dir='ltr'>exidenti</span> <span class='ocrx_word' id='word_1_379' title='bbox 591 2048 725 2094; x_wconf 86' lang='lat' dir='ltr'>prolato</span> <span class='ocrx_word' id='word_1_380' title='bbox 751 2047 1008 2093; x_wconf 83' lang='lat' dir='ltr'>prophetiarum</span> <span class='ocrx_word' id='word_1_381' title='bbox 1035 2047 1229 2081; x_wconf 89' lang='lat' dir='ltr'>testimonio</span> <span class='ocrx_word' id='word_1_382' title='bbox 1253 2046 1313 2092; x_wconf 90' lang='grc'>(1)</span> 
     </span>
    </p>
   </div>
   <div class='ocr_carea' id='block_1_9' title="bbox 422 2228 2082 2314">
    <p class='ocr_par' dir='ltr' id='par_1_9' title="bbox 422 2228 2082 2314">
     <span class='ocr_line' id='line_1_36' title="bbox 517 2228 2082 2265; baseline -0.001 -8"><span class='ocrx_word' id='word_1_383' title='bbox 517 2233 551 2262; x_wconf 73' lang='grc'>(1)</span> <span class='ocrx_word' id='word_1_384' title='bbox 571 2231 669 2257; x_wconf 75' lang='lat' dir='ltr'>Extant</span> <span class='ocrx_word' id='word_1_385' title='bbox 692 2230 756 2257; x_wconf 85' lang='lat' dir='ltr'>haec</span> <span class='ocrx_word' id='word_1_386' title='bbox 774 2230 929 2265; x_wconf 82' lang='lat' dir='ltr'>prophetica</span> <span class='ocrx_word' id='word_1_387' title='bbox 950 2230 1105 2258; x_wconf 84' lang='lat' dir='ltr'>testimonia</span> <span class='ocrx_word' id='word_1_388' title='bbox 1125 2230 1155 2257; x_wconf 90' lang='lat' dir='ltr'>in</span> <span class='ocrx_word' id='word_1_389' title='bbox 1176 2230 1315 2257; x_wconf 76' lang='lat' dir='ltr'>versiculis</span> <span class='ocrx_word' id='word_1_390' title='bbox 1333 2232 1413 2262; x_wconf 84' lang='grc'>9-12,</span> <span class='ocrx_word' id='word_1_391' title='bbox 1433 2230 1462 2256; x_wconf 87' lang='lat' dir='ltr'>in</span> <span class='ocrx_word' id='word_1_392' title='bbox 1483 2237 1552 2264; x_wconf 87' lang='lat' dir='ltr'>quae</span> <span class='ocrx_word' id='word_1_393' title='bbox 1572 2229 1653 2256; x_wconf 86' lang='lat' dir='ltr'>etiam</span> <span class='ocrx_word' id='word_1_394' title='bbox 1677 2232 1892 2255; x_wconf 84' lang='lat' dir='ltr'>commentatum</span> <span class='ocrx_word' id='word_1_395' title='bbox 1912 2228 2012 2261; x_wconf 75' lang='lat' dir='ltr'>fuisse,</span> <span class='ocrx_word' id='word_1_396' title='bbox 2031 2236 2082 2256; x_wconf 83' lang='lat' dir='ltr'>nee</span> 
     </span>
     <span class='ocr_line' id='line_1_37' title="bbox 422 2272 1948 2314; baseline -0.002 -12"><span class='ocrx_word' id='word_1_397' title='bbox 422 2283 476 2302; x_wconf 86' lang='lat' dir='ltr'>uon</span> <span class='ocrx_word' id='word_1_398' title='bbox 494 2275 523 2302; x_wconf 88' lang='lat' dir='ltr'>in</span> <span class='ocrx_word' id='word_1_399' title='bbox 542 2275 674 2310; x_wconf 86' lang='lat' dir='ltr'>reliquam</span> <span class='ocrx_word' id='word_1_400' title='bbox 696 2279 807 2310; x_wconf 47' lang='lat' dir='ltr'>partem,</span> <span class='ocrx_word' id='word_1_401' title='bbox 822 2274 957 2310; x_wconf 82' lang='lat' dir='ltr'>Epistulae</span> <span class='ocrx_word' id='word_1_402' title='bbox 978 2274 1283 2314; x_wconf 37' lang='lat' dir='ltr'>cyrillum-credimus,</span> <span class='ocrx_word' id='word_1_403' title='bbox 1303 2275 1355 2302; x_wconf 85' lang='lat' dir='ltr'>etsi</span> <span class='ocrx_word' id='word_1_404' title='bbox 1376 2274 1447 2301; x_wconf 86' lang='lat' dir='ltr'>nihil</span> <span class='ocrx_word' id='word_1_405' title='bbox 1466 2274 1560 2310; x_wconf 70' lang='lat' dir='ltr'>cyrilli</span> <span class='ocrx_word' id='word_1_406' title='bbox 1581 2277 1717 2310; x_wconf 84' lang='lat' dir='ltr'>praeterea</span> <span class='ocrx_word' id='word_1_407' title='bbox 1736 2273 1764 2300; x_wconf 89' lang='lat' dir='ltr'>in</span> <span class='ocrx_word' id='word_1_408' title='bbox 1786 2272 1878 2300; x_wconf 83' lang='lat' dir='ltr'>codice</span> <span class='ocrx_word' id='word_1_409' title='bbox 1899 2277 1948 2301; x_wconf 87' lang='lat' dir='ltr'>est.</span> 
     </span>
    </p>
   </div>
  </div>
 </body>
</html>
