2205 3177
426 115 472 148 90
1083 122 1218 145 nicena
1243 122 1434 145 PRAEFATIO.

426 196 505 221 aegre
527 194 611 220 genus
634 186 784 214 humanum
809 184 842 212 ad
864 185 991 212 virtutem
1015 185 1103 219 necti,
1123 189 1150 212 et
1171 185 1234 221 quia

426 239 520 260 sumus
542 231 574 258 ad
600 230 764 264 voluptatem
790 229 935 264 proclives,
957 233 1058 256 rectam
1080 237 1130 257 nos
1152 230 1235 257 vitain

428 276 577 309 rieulifxt‘re,
595 273 728 300 melodiae
747 272 946 300 iucunditatem
962 272 1136 308 dogmatibus
1155 274 1235 301 inmi-

426 321 496 347 scuit
505 340 511 346 .
523 323 552 345 ut
565 317 713 345 auditionis
725 317 858 344 sum-itate
871 325 1027 344 sermonum
1040 317 1186 345 utilitatem
1198 317 1236 345 la-

427 368 514 391 tenter
527 363 716 396 reciperemus.
734 363 772 387 Ac.
785 360 1017 396 quemadmodum
1031 361 1166 396 sapientes
1179 370 1235 388 me-

425 407 478 433 dici
494 414 555 433 cum
572 405 719 433 austeriora
739 409 821 440 atque
840 413 931 432 amara
953 404 1136 433 remediorum
1157 406 1236 441 phar—

427 459 500 478 maca
521 450 587 477 dant
605 450 723 484 aegrotis
744 458 775 476 ac
795 450 1010 483 nauseantibus,
1033 458 1063 477 ea
1083 450 1235 478 tolerabilia

426 496 513 522 faeere
526 495 628 525 solent,
647 494 736 521 mellis
755 493 927 522 iucunditate
946 494 1119 527 condientes;
1137 496 1176 523 sic
1195 500 1235 523 et-

427 540 479 564 iam
494 538 575 564 vitam
589 546 651 565 cum
669 538 768 565 virtute
784 543 888 572 actam,
903 547 949 574 per
965 547 993 566 se
1012 543 1082 566 certe
1097 547 1235 575 asperam,

427 581 560 609 melodiae
579 590 644 609 usus
663 590 772 610 suavem
795 582 892 610 reddit.
914 584 1058 618 Propterea
1079 583 1236 610 harmonica

427 627 493 653 haec
514 626 682 661 psalmorum
703 627 809 654 cantica
827 631 893 654 sunt
911 628 1077 662 excogitata,
1097 632 1127 655 ut
1146 632 1237 655 tenera

425 676 511 698 aetate
532 671 624 705 pueri,
645 671 685 698 rel
705 671 821 706 quilibet
840 672 1004 699 iuvenilibus
1022 671 1142 699 moribus
1161 680 1237 707 prae-

427 715 494 747 diti,
508 716 597 750 specie
614 714 726 750 quidem
742 715 884 743 videantur
901 716 993 743 cantui
1006 715 1148 749 indulgere.
1158 737 1165 749 ,
1179 724 1236 742 rea-

428 767 474 794 pse
487 764 579 786 autem
599 759 684 786 animi
701 759 821 794 ipsorum
837 759 1008 786 erudiantur.
1024 759 1047 786 Ο
1060 760 1168 793 sapiens
1184 767 1238 785 ma-

427 804 507 836 =sistri
529 803 688 836 inventum,
710 804 757 838 qui
781 808 812 830 ut
833 811 883 830 nos
905 811 1065 830 caneremus
1087 803 1188 835 simul,
1213 807 1240 830 et

427 848 506 875 utilia
524 847 707 880 disceremus,
721 847 830 883 provide
849 847 952 874 effecit!
972 847 1052 874 Unde
1070 847 1152 874 etiam
1171 847 1238 874 vali-

427 891 489 920 dius
512 892 612 919 animis
636 892 834 927 imprimuntur
856 891 1014 918 doctrinae:
1040 899 1104 918 nam
1126 891 1238 918 seientia

428 937 562 963 violenter
585 936 700 968 tradita,
724 935 870 971 perdurare
892 944 948 963 non
970 935 1054 963 solet:
1079 943 1158 963 secus
1179 943 1240 962 vero

430 980 562 1015 quicquid
587 980 786 1007 delectabiliter
807 983 833 1007 et
854 979 972 1007 iucunde
995 979 1075 1006 nobis
1096 979 1240 1011 inseritur,

431 1024 457 1051 id
472 1024 597 1051 stabilius
610 1025 638 1050 in
656 1024 756 1050 animis
772 1024 873 1050 nostris
890 1023 998 1050 residet.
1016 1022 1159 1050 Manifesta
1178 1030 1241 1057 ergo

430 1076 526 1101 causa,
547 1067 581 1094 01)
601 1076 683 1102 qnam
706 1075 761 1094 non
781 1067 840 1094 sine
860 1067 998 1102 voluptate
1018 1066 1159 1102 psallendo
1178 1074 1242 1101 ope-

432 1121 488 1140 ram
503 1113 615 1145 damus,
631 1114 696 1140 haec
710 1117 764 1146 est,
779 1120 876 1147 nempe
890 1112 952 1147 quia
965 1112 1043 1139 verba
1059 1120 1121 1138 cum
1137 1111 1243 1138 melodo

431 1162 513 1184 cantu
537 1158 710 1192 proferimus.

647 1202 651 1207 '
704 1202 828 1237 Gregorii
848 1201 969 1238 nysseni.

478 1245 591 1272 Videtur
611 1250 702 1273 autem
723 1254 771 1281 per
787 1246 1003 1281 philosophiam,
1024 1253 1092 1280 qnae
1114 1246 1140 1272 in
1162 1245 1244 1272 melo-

428 1289 472 1316 dia
492 1290 543 1316 sita
565 1294 619 1322 est,
642 1291 731 1317 maius
751 1289 832 1325 quid,
853 1298 936 1325 quam
956 1290 1036 1325 vulgo
1055 1290 1242 1323 existimatur,

432 1334 590 1366 significari.
613 1334 686 1368 Quid
709 1343 788 1369 porro
809 1335 867 1361 aio?
886 1333 985 1361 Audivi
1006 1342 1020 1361 a
1041 1333 1177 1369 quodam,
1197 1334 1244 1369 qui

430 1377 463 1404 de.
478 1382 570 1405 nostra
591 1383 690 1406 natura
707 1378 876 1411 disserebat,
894 1378 1015 1414 sapiente
1032 1386 1145 1413 parrum
1161 1377 1244 1405 veluti

430 1422 566 1449 mundum
581 1430 640 1450 esse
659 1423 815 1456 hominem,
831 1427 929 1449 cuncta
950 1423 978 1448 in
992 1430 1020 1449 se
1038 1422 1130 1456 magni
1149 1420 1244 1449 mundi

429 1467 567 1495 elementa
583 1467 780 1494 continentem.
800 1468 901 1493 Revera
919 1466 1038 1493 universi
1055 1466 1136 1493 huius
1154 1465 1245 1500 dispo-

429 1512 507 1545 sitio,
530 1512 634 1539 musica
659 1510 793 1547 quaedam
817 1510 961 1537 harmonia
982 1514 1037 1543 est,
1058 1510 1246 1545 multipliciter

430 1557 569 1591 varieque,
588 1564 643 1583 non
660 1556 720 1582 sine
739 1560 832 1582 tamen
851 1554 945 1582 ordine
963 1553 1082 1589 quodam
1102 1554 1245 1589 rhythmo-

428 1609 497 1636 que,
520 1602 592 1628 inter
611 1609 639 1627 se
660 1600 832 1627 concinnata.
855 1600 912 1626 llae
930 1598 1020 1625 divina
1040 1598 1188 1634 hymnodia
1210 1598 1246 1624 vi-

431 1647 511 1674 detur
536 1647 600 1673 mihi
625 1654 741 1680 maanus
762 1644 849 1672 David
871 1643 982 1677 audita,
1005 1643 1103 1670 dixisse
1127 1642 1245 1677 quodam

432 1691 457 1717 in
483 1691 602 1726 psalmo,
625 1690 730 1718 laudari
753 1691 841 1716 Deum
864 1693 891 1715 et
914 1688 947 1715 ab
971 1688 1031 1715 aliis
1052 1688 1158 1715 cunctis
1180 1687 1245 1714 caeli

432 1735 592 1765 virtutibus,
608 1739 633 1761 et
648 1743 663 1761 a
678 1734 790 1761 sidereis
808 1732 1005 1764 luminaribus,
1019 1740 1033 1759 a
1047 1731 1103 1759 sole
1117 1740 1147 1758 ac
1164 1731 1245 1763 luna,

431 1787 445 1805 a
467 1779 549 1805 caelis
572 1779 728 1809 caelorum,
755 1782 781 1804 et
803 1777 836 1804 ab
860 1777 938 1811 aquis
959 1784 1028 1811 quae
1051 1783 1132 1810 supra
1156 1775 1246 1802 caelos

432 1827 505 1849 sunt.
520 1823 547 1849 Si
560 1830 624 1857 ergo
637 1822 799 1849 universalis
812 1821 878 1847 haec
897 1820 1054 1855 dispositio,
1070 1819 1171 1846 musica
1186 1819 1246 1845 har-

433 1866 524 1893 monia
543 1870 597 1898 est,
616 1866 737 1899 itemque
757 1865 838 1891 homo
854 1863 974 1891 mundus
994 1871 1091 1898 parvus
1111 1867 1165 1894 est,
1187 1870 1244 1889 nlu-

431 1912 487 1938 siea
503 1911 548 1937 illa
570 1918 639 1945 qnae
658 1910 685 1936 in
705 1903 831 1936 unirerso
849 1908 1031 1943 conspicitur,
1047 1907 1141 1934 eadem
1155 1908 1183 1934 in
1197 1907 1245 1933 hu—

433 1964 514 1982 mana
533 1963 640 1990 quoque
659 1959 758 1981 natura
780 1953 928 1989 apparebit.
1226 1946 1231 1952 '

498 2000 526 2028 ld
542 2000 662 2027 ostendit
674 2008 736 2033 orna
743 2000 801 2026 nica
817 2007 926 2034 quoque
943 1999 1063 2033 eorporis
1076 1998 1160 2025 nostri
1173 2006 1245 2025 com-

434 2038 530 2080 pat-res,
550 2053 632 2079 quam
653 2048 749 2071 natura
769 2043 802 2070 ad
824 2044 956 2070 musicam
977 2043 1161 2077 operationem
1180 2042 1245 2070 affa-

432 2088 481 2116 bre
495 2089 602 2116 struxit
617 2088 698 2115 Vides
712 2088 827 2115 arteriae
843 2087 952 2119 tibiam,
967 2087 1047 2121 palati
1063 2086 1244 2119 testudinem,

434 2138 460 2161 et
478 2134 604 2165 1111011110,
624 2133 811 2164 maxillarum,
830 2136 911 2166 atque
929 2132 998 2164 oris,
1019 2130 1183 2158 chordarum
1203 2131 1245 2157 in-

434 2182 490 2205 star
512 2186 543 2205 ac
571 2177 664 2213 plectri
689 2178 717 2203 in
742 2177 863 2208 cithara,
890 2176 1082 2203 resonantiam.
1109 2176 1245 2211 Quoniam

436 2222 520 2257 igitur
538 2221 612 2256 quod
632 2220 783 2248 secundum
805 2225 931 2247 naturam
954 2224 1008 2252 est,
1030 2220 1057 2247 id
1074 2224 1188 2247 naturae
1208 2224 1247 2247 est

434 2266 569 2299 amicum,
583 2265 854 2300 demonstratumque
869 2264 921 2292 suit
933 2272 1081 2300 congruam
1096 2273 1153 2292 esse
1168 2265 1246 2292 nobis

1287 185 1447 213 naturaliter
1469 185 1615 218 musicam3
1636 185 1696 214 ideo
1718 194 1835 222 magnus
1856 187 1940 214 David
1962 188 2093 215 virtutum

1288 230 1475 263 magisterium
1495 230 1629 265 implicuit
1648 231 1795 264 melodiae,
1816 239 1864 259 eeu
1887 232 1983 259 mellea
2003 231 2094 259 dulce-

1287 274 1351 301 dine
1369 274 1496 301 sublimia
1518 273 1646 309 dogmata
1667 283 1820 311 aspergens.
1842 276 1963 311 Mihique
1984 283 2031 311 per
2053 284 2094 303 ae-

1287 319 1407 353 nigmata
1430 317 1544 345 suadere
1565 318 1684 351 videtur,
1705 327 1760 346 non
1785 325 1907 355 oportere
1931 319 2096 347 inincundos

1288 372 1375 399 neque
1388 362 1520 390 absurdos
1535 371 1623 398 neque
1635 363 1752 391 absonos
1766 364 1908 392 hominum
1921 373 1984 392 eum
1996 366 2096 392 virtute

1288 408 1435 435 viventium
1449 415 1506 434 esse
1525 415 1626 440 mores,
1640 407 1686 434 sed
1702 407 1770 435 bene
1788 409 1877 443 potius
1889 409 2052 444 compositos
2065 415 2096 435 110

1290 451 1458 484 modulatos,
1472 459 1560 487 neque
1577 451 1649 479 ultra
1666 451 1785 478 debitam
1804 453 1936 480 rationem
1953 460 2096 487 exaggera-

1289 501 1339 524 tos.
1362 497 1522 529 Insrineitur
1540 496 1612 523 enim
1622 517 1629 528 ,
1643 496 1727 523 nimia
1741 496 1857 523 chordae
1874 497 2041 529 intensione,
2055 504 2096 524 re-

1288 545 1330 568 eta
1353 541 1522 575 temperatio.
1548 541 1641 575 Neque
1664 547 1759 567 rursus
1780 539 1942 568 immodicae
1964 540 2097 575 voluptati

1289 584 1470 612 effundendae
1491 585 1612 611 habenae
1630 589 1703 611 sunt.
1724 585 1800 611 Muta
1819 585 1892 611 enim
1911 585 2036 620 vocisque
2051 592 2096 611 ex-

1290 637 1350 663 pers
1372 630 1401 655 iit
1422 630 1512 656 anima
1532 629 1701 664 voluptatum
1722 628 1894 663 passionibus
1913 629 2038 656 relaxata.
2060 630 2097 655 Ex

1290 672 1371 700 dictis
1392 675 1482 709 itaque
1504 678 1591 709 patet,
1613 672 1667 709 1106
1685 673 1817 700 melodiae
1837 674 1961 707 aenigma
1981 677 2097 708 spectet,

1290 725 1387 752 nempe
1402 722 1433 745 ut
1446 718 1601 752 passionum
1617 717 1811 745 cohibitionem
1823 716 1950 751 suadeat,
1964 725 2032 752 quae
2047 725 2097 745 no-

1290 760 1333 788 bis
1346 769 1393 796 per
1408 761 1526 789 diversas
1540 762 1609 789 vitae
1623 762 1694 788 vices
1708 759 1844 789 eveniunt.
1862 760 2045 796 Quamobrem
2059 760 2098 789 di-

1291 805 1367 831 vinae
1386 805 1468 831 11111115
1488 806 1606 832 musicae
1627 805 1778 839 praeclaros
1799 804 1912 832 effeetus
1931 804 2029 831 Davidi
2047 805 2099 839 ipsi

1291 848 1417 875 attribuit
1435 848 1563 882 historia,
1581 849 1627 884 qui
1639 850 1749 876 Saulem
1767 849 1947 876 insanientem
1960 857 1991 876 ac
2010 852 2101 876 mente

1292 891 1429 919 deiectum
1446 889 1532 927 quum
1552 893 1788 928 deprehendisset,
1809 893 1890 920 talem
1910 892 1986 920 illius
2006 892 2100 920 morbo

1293 935 1457 963 medicinam
1471 936 1592 964 canendo
1604 937 1681 970 fecit,
1695 941 1726 964 ut
1738 936 1772 963 ad
1786 937 1938 964 naturalem
1951 936 2051 964 mentis
2063 935 2100 963 sa-

1293 979 1422 1007 eultatem
1442 978 1560 1006 redierit.

1620 1024 1774 1059 Epiphanii.

1359 1069 1529 1096 Psalmorum
1544 1073 1634 1096 autem
1648 1069 1764 1102 librum,
1781 1069 1809 1096 id
1829 1070 1901 1096 enim
1914 1060 2101 1104 quaerendum

1294 1117 1447 1149 supererat,
1468 1114 1497 1140 in
1520 1113 1627 1140 libellos
1648 1115 1770 1147 quinque
1793 1113 1907 1142 Hebraei
1930 1112 2101 1148 dispescunt,

1294 1161 1326 1184 ut
1346 1158 1410 1184 hinc
1430 1165 1515 1184 novus
1534 1156 1733 1192 pentateuchus
1752 1160 1859 1183 exortus
1879 1157 1923 1183 sit.
1943 1157 2068 1191 Namque
2088 1165 2102 1184 a

1295 1202 1316 1227 1.
1338 1201 1372 1228 ad
1391 1202 1451 1228 XL.
1473 1201 1625 1236 psalmum,
1646 1204 1775 1235 reputant
1791 1199 1915 1226 libellum
1932 1200 2060 1234 primum.
2081 1202 2103 1227 A

1295 1247 1370 1273 XLI.
1384 1246 1418 1274 ad
1430 1247 1538 1278 LXXI,
1552 1245 1678 1272 alterum.
1697 1246 1720 1271 A
1737 1244 1854 1271 LXXII.
1870 1243 1904 1270 ad
1917 1244 2104 1273 LXXXVIII,

1296 1290 1417 1316 tertium.
1439 1289 1481 1316 Ab
1494 1289 1650 1315 LXXXIV.
1667 1287 1701 1315 ad
1713 1288 1795 1315 CXV.
1813 1291 1952 1322 quartum.
1973 1287 2046 1313 Hine
2062 1294 2106 1313 us-

1296 1342 1349 1369 que
1370 1333 1404 1361 ad
1428 1334 1509 1360 finem
1535 1333 1679 1360 conficitur
1702 1333 1824 1368 quintus.
1851 1333 1974 1366 Namque
1996 1338 2106 1358 omnem

1298 1379 1433 1412 psalmum
1443 1400 1449 1411 ,
1467 1379 1545 1405 cuins
1564 1378 1594 1404 in
1607 1377 1682 1405 calce
1698 1381 1739 1404 est
1753 1389 1765 1399 κ
1778 1375 1939 1403 benedictus
1955 1375 2106 1407 Dominus,

1297 1423 1359 1456 fiat,
1383 1423 1430 1449 fiat
1452 1435 1462 1445 u
1484 1423 1567 1449 finem
1588 1421 1675 1449 facere
1696 1421 1790 1448 libello
1810 1424 1992 1453 censuerunt3
2012 1419 2108 1455 quinta

1298 1471 1405 1493 tantum
1419 1467 1553 1497 sectione,
1568 1474 1616 1501 pro
1628 1478 1639 1489 «
1651 1465 1812 1493 benedictus
1821 1465 1956 1492 Dominus
1967 1476 1979 1488 »
1993 1463 2109 1492 habente

1301 1524 1311 1534 «
1329 1512 1418 1539 omnis
1437 1512 1549 1547 spiritus
1568 1511 1662 1538 laudet
1682 1511 1842 1538 Dominum.
1860 1523 1871 1534 ι»
1887 1510 1974 1546 Quale
1990 1518 2051 1537 vero
2069 1513 2110 1537 est

1300 1557 1382 1583 huius
1394 1556 1498 1583 ordinis
1511 1556 1676 1583 artificium?
1689 1557 1778 1583 Prima
1791 1555 1902 1591 quidem
1917 1555 2015 1588 sectio,
2026 1563 2040 1582 a
2055 1562 2110 1581 ma-

1299 1600 1357 1627 litia
1376 1600 1516 1627 hominem
1531 1600 1654 1627 retrahit.
1672 1599 1812 1632 Secunda,
1829 1599 1904 1626 hunc
1920 1599 1975 1626 iam
1990 1598 2111 1626 melioris

1300 1645 1337 1671 rei
1355 1644 1501 1679 cupidum,
1513 1645 1589 1679 quasi
1604 1652 1710 1671 cervam
1724 1644 1862 1670 sitientem
1871 1665 1877 1676 ,
1888 1643 2007 1671 deducit.
2020 1643 2110 1670 Tertia

1300 1693 1477 1723 spectatorem
1495 1696 1557 1715 eum
1576 1687 1641 1715 facit
1661 1696 1752 1714 rerum
1770 1692 1898 1715 naturae:
1919 1695 2002 1722 quam
2021 1687 2110 1714 bonus

1299 1733 1386 1765 enim,
1402 1733 1454 1765 ait,
1471 1734 1544 1759 Dens
1562 1732 1703 1759 Israhelis!
1726 1733 1782 1766 Ego
1797 1739 1857 1758 1010
1874 1731 1986 1758 beluino
1999 1731 2111 1765 ingenio

1299 1784 1372 1803 eram
1393 1785 1454 1803 cum
1475 1776 1639 1803 caducarum
1658 1785 1749 1803 rerum
1768 1776 1880 1803 modulo
1893 1776 1996 1803 bonum
2015 1775 2110 1802 metie-

1299 1820 1360 1847 bar:
1375 1829 1448 1847 nun(¹
1461 1829 1522 1847 vero
1534 1825 1623 1847 tecum
1635 1828 1694 1847 sum
1704 1841 1710 1852 ,
1723 1824 1867 1855 postquam
1879 1819 1913 1847 ad
1925 1819 2028 1854 potiora
2038 1823 2112 1845 tran-

1298 1867 1356 1892 5111.
1374 1866 1476 1900 Quarta
1495 1865 1635 1892 hominem
1654 1865 1758 1892 11101105
1775 1865 1919 1900 profanum
1933 1873 1990 1891 esse
2004 1872 2058 1891 non
2074 1864 2110 1891 si-

1299 1910 1354 1941 nit,
1368 1909 1415 1935 sed
1431 1911 1486 1936 1)οο
1502 1910 1619 1944 copulat.
1635 1910 1702 1936 Nam
1718 1910 1878 1936 LXXXIX.
1895 1908 2000 1944 psalmo
2012 1908 2111 1935 inscri-

1299 1958 1344 1979 tur
1365 1954 1474 1980 titulus:
1496 1954 1582 1980 oratio
1594 1954 1681 1989 Moysi
1703 1953 1809 1980 1101111111
1829 1953 1888 1979 Dei.
1910 1953 2012 1987 Quinta
2025 1952 2053 1978 in
2067 1960 2111 1979 su-

1299 1997 1383 2032 premi
1405 1997 1504 2031 gradus
1526 1997 1646 2023 culmine
1662 1996 1771 2029 statuit,
1791 1996 1839 2023 ubi
1860 1997 1997 2023 humanae
2015 1995 2112 2022 salutis

1299 2041 1530 2076 complementum
1544 2047 1592 2068 est.
1614 2041 1710 2068 Omnis
1724 2042 1813 2074 euim,
1828 2041 1932 2076 inquit,
1946 2040 2038 2067 anima
2051 2040 2111 2067 lau-

1299 2085 1345 2113 det
1366 2087 1527 2113 Dominum.
1864 2107 1866 2109 ,

1366 2132 1438 2157 llaec
1459 2131 1555 2165 gustus
1576 2138 1656 2157 causa
1679 2130 1752 2157 dicta
1773 2131 1838 2157 sint.
1862 2131 1919 2157 Iam
1944 2134 2052 2165 tempus
2073 2134 2114 2157 est

1299 2179 1331 2202 ut
1342 2175 1480 2210 opiparam
1495 2175 1582 2210 ipsam
1597 2182 1734 2207 mensam,
1748 2183 1829 2209 quam
1846 2174 1925 2202 divus
1938 2174 2023 2201 David
2038 2182 2113 2209 prae-

1301 2220 1381 2247 claris
1402 2220 1520 2247 convivis
1539 2220 1596 2247 suis
1613 2220 1767 2255 apparavit,
1788 2220 1972 2247 exhibeamus.

516 2401 623 2428 Deinde
648 2403 676 2427 in
695 2400 851 2436 praeclaro
872 2403 988 2428 illectae
1012 2401 1106 2427 codice
1131 2403 1258 2435 sequitur
1279 2401 1458 2435 amplissima
1482 2403 1600 2428 Parrum
1625 2408 1792 2435 qraecorum
1818 2401 1920 2426 catena
1943 2401 1970 2425 itt
1986 2398 2116 2434 psalmos

438 2453 522 2479 raeque
541 2446 580 2471 ml
594 2448 689 2472 LXXI
697 2448 727 2477 Ἰ,
745 2444 775 2470 id
793 2447 834 2471 est
846 2445 983 2480 psallerh'
1004 2445 1172 2472 dinn’dhmz:
1190 2454 1310 2480 namque
1330 2445 1422 2472 altera
1440 2453 1513 2480 pars
1529 2445 1650 2471 secundo
1668 2446 1786 2471 catenae
1806 2443 1958 2476 volumine,
1972 2442 2047 2477 quod
2063 2450 2115 2477 pe=

439 2491 502 2519 rm,
523 2490 729 2517 continebatur.
750 2492 835 2517 Hanc
850 2498 898 2516 nos
919 2490 1023 2516 codicis
1046 2491 1172 2516 raficani
1192 2492 1321 2516 catenam
1344 2491 1456 2516 interim
1476 2490 1750 2523 proelermz'tlimus,
1770 2490 1821 2515 etsi
1839 2488 1875 2515 ab
1898 2487 1950 2514 illa
1968 2487 2047 2514 edila
2061 2494 2116 2521 per

439 2534 607 2561 Cordermm
631 2534 713 2561 ,valde
732 2533 840 2568 differt.
866 2536 955 2561 Caum
970 2535 1106 2560 sumimus
1128 2541 1163 2559 ex
1177 2533 1232 2559 lim·
1251 2536 1352 2560 catena
1373 2535 1429 2560 rat.
1445 2533 1698 2568 Cyrillem1,'cui11s
1717 2534 1781 2559 ilem
1802 2533 1914 2559 nonnisi
1931 2531 2039 2558 inedita
2055 2538 2115 2565 seq-

440 2580 532 2604 menla
553 2581 648 2605 nesle-0
669 2581 695 2605 ῖιι
718 2578 789 2605 libro
812 2578 997 2610 collocamus,
1018 2579 1127 2603 omissis
1149 2577 1335 2604 corderamis.
1359 2580 1559 2605 wantamen
1581 2577 1720 2613 Cyrillum
1742 2585 1797 2603 non
1816 2585 1852 2603 ατ
1871 2578 1988 2604 ascetae
2007 2575 2114 2601 {aulum

439 2621 534 2647 codice
551 2624 728 2657 earcerpimus
744 2623 793 2649 sed
810 2624 897 2649 etiam
919 2630 954 2649 ea·
971 2622 1037 2648 aliis
1056 2622 1181 2648 mulecim
1202 2621 1385 2648 bibliothecae
1404 2623 1554 2648 &alic-(mae
1572 2623 1683 2656 (st'aecz's
1699 2621 1849 2648 codicibus.
1871 2622 1995 2655 Denique
2013 2619 2117 2654 Cyrillz'

437 2665 631 2698 prohoemium
654 2674 721 2692 snae
743 2668 771 2692 ln
786 2666 915 2701 psalmos
934 2665 1160 2700 explanationis,
1178 2666 1205 2691 in
1223 2667 1362 2692 vaticanis
1382 2660 1489 2698 catenis
1506 2665 1716 2698 desideratum,
1730 2673 1778 2691 nos
1799 2667 1911 2691 l'eroncl
1924 2671 2014 2699 nuper
2035 2665 2116 2690 tran.-

440 2711 547 2735 seuntes
569 2711 595 2735 iu
615 2710 781 2737 membrana
805 2712 896 2737 vetere
908 2709 1037 2743 feliciter
1057 2711 1136 2736 nacti
1155 2717 1258 2736 smnus.
