2205 3177
173 413 178 417 ”
197 407 235 429 ioh
261 408 298 430 tn,
315 411 346 427 ar„

224 436 260 455 (ἰν.
277 441 297 460 1¹.
314 438 346 455 :tlt

188 585 235 603 (ἰι-
259 583 298 603 111.
317 586 345 603 μ’.

176 1492 182 1535 Ἰ
199 1490 233 1509 P-.
249 1490 349 1510 (tu‘ttt.

169 1608 274 1647 fimum
292 1608 351 1629 xtu,

230 1845 266 1861 nr.
282 1847 304 1867 p.
321 1844 352 1862 ¹⁴2.

236 2480 252 2494 x}
283 2475 321 2495 It,
342 2486 355 2495 ,,

387 208 431 242 60
894 218 921 240 S.
951 217 1077 241 emitti
1104 219 1324 242 Atexaxmuxl
1352 220 1557 244 EXPLANATto

389 284 589 327 funguntur.
620 282 775 327 Aspergit
797 282 887 315 enim
909 294 971 315 nos
989 294 1052 315 suo
1076 284 1238 328 sangnine
1261 284 1431 321 Christus:
1454 295 1564 330 neque
1583 285 1693 319 carnis
1712 285 1951 321 tantummodo
1971 286 2063 332 puri-

387 347 490 374 tatem
518 340 637 375 eflicit.
662 346 695 372 ut
720 340 754 373 in
775 339 848 384 lege
868 339 989 376 tiebat.
1012 339 1071 373 scd
1099 342 1206 385 magis
1230 342 1471 376 conscientiam
1497 348 1649 375 nostram
1675 350 1798 388 purgat
1818 344 1963 377 mortuis
1981 355 2065 389 ope-

388 397 504 432 ribus.
531 403 560 429 et
589 409 606 430 a
630 402 770 442 peccato
796 404 952 431 revocat:
979 397 1123 443 largitur
1149 399 1288 444 insuper
1313 401 1401 433 vitae
1426 411 1535 444 spem.
1564 400 1650 433 Vere
1676 400 1765 433 enim
1792 401 1920 435 dictum
1948 401 2010 435 fuit
2032 402 2061 434 ἐ

385 456 443 500 qui
468 454 572 487 credit
598 455 632 487 in
658 453 785 491 filium,
807 453 908 488 habet
929 455 1033 488 xitam
1059 462 1244 490 aeternam.
1275 458 1442 490 Promissa
1461 463 1511 491 est
1530 457 1623 490 enim
1643 468 1829 503 corporum
1853 470 1992 504 quoque
2011 460 2064 504 ip-

385 522 502 545 sorum
529 512 752 547 resurrectio.
779 518 880 556 atquc
909 512 950 545 ad
979 512 1338 559 incorruptihilitatem
1364 515 1641 558 aeviternamque
1667 515 1772 547 vitam
1800 515 1940 549 reditus.

466 577 502 599 ln
520 577 649 599 eandem
667 577 836 604 imaginem
854 579 1118 601 transformamur
1134 586 1153 601 a
1170 579 1273 607 gloria
1291 580 1323 601 in
1343 579 1478 609 glou-lam
1496 582 1655 607 nunquam
1671 586 1690 602 a
1707 579 1833 603 nomini
1851 580 1987 608 Spin-tm.

478 626 695 660 Transfertur
721 627 982 671 quodammodo
1010 628 1223 662 credentium
1247 640 1344 661 mens
1364 641 1404 662 ex
1431 628 1598 673 legalibus
1621 629 1825 662 rudimentis
1851 629 1893 663 ad
1920 641 2066 675 evange—

389 685 487 717 licam
515 683 687 721 scholam,
709 690 739 717 et
760 684 1024 718 transformatur
1049 691 1083 718 nt
1104 686 1147 718 ita
1173 685 1286 719 dicam
1306 686 1339 719 in
1367 687 1554 731 spiritalem
1578 687 1744 732 speciem,
1768 685 1910 720 umbrae
1935 687 2001 720 iam
2029 698 2065 721 ac

388 748 550 786 typorum
570 742 770 786 impatiens,
796 741 855 775 sed
875 754 892 774 e
919 742 1017 785 legali
1038 742 1146 786 gloria
1173 742 1214 775 ad
1234 742 1335 776 aliam
1361 744 1395 776 in
1415 744 1550 777 Christo
1568 744 1713 789 gloriam
1740 754 1800 789 per
1823 744 1986 789 Spiritum
2005 743 2067 778 de·-

387 801 535 844 migrare
563 800 673 843 gestit.
707 800 794 843 Ergo
820 800 855 832 in
881 799 1025 832 candem
1051 800 1236 843 imaginem
1262 799 1564 834 transformamur:
1587 806 1827 834 convertentes
1849 801 1941 834 enim
1968 807 2068 846 typos

387 858 420 890 in
447 857 641 893 xer-itatem.
663 863 693 889 ct
715 869 753 889 ex
775 856 858 899 legis
886 855 1007 889 umbra
1027 857 1228 901 mysterium
1254 857 1377 891 Christi
1401 863 1597 891 nostrarum
1625 859 1791 891 mentium
1819 857 1936 891 subtili
1963 858 2069 892 ratio-

387 914 477 947 cinio
503 913 738 948 effimnantcs.
762 919 937 957 tamquam
964 914 998 946 in
1024 914 1136 959 specie
1160 913 1305 947 eandem
1325 914 1471 959 gloriam
1489 915 1752 961 comperiemus.
1782 915 1814 948 Si
1841 915 1931 948 enim
1958 914 2067 961 gloria

387 971 465 1005 data
495 971 552 1005 fuit
580 972 664 1016 legis
683 971 864 1009 ministris,
886 972 995 1004 maior
1021 970 1197 1016 profecto,
1218 978 1251 1005 et
1278 972 1429 1017 priorem
1450 972 1762 1018 incomparabiliter
1786 984 1969 1018 superans,
1991 983 2069 1006 san-

388 1036 523 1063 ctornm
552 1029 770 1062 sacerdotum
797 1035 845 1062 est
859 1055 866 1064 ,
888 1029 946 1074 qui
972 1040 989 1061 a
1018 1029 1088 1062 Deo
1108 1029 1186 1062 facti
1205 1035 1283 1062 sunt
1308 1029 1424 1063 idonei
1444 1031 1589 1063 ministri
1610 1031 1690 1064 nori
1718 1030 1883 1069 foederis,
1906 1030 1997 1064 haud
2017 1030 2069 1064 lit-

388 1093 458 1121 tera
485 1086 543 1120 sed
571 1087 704 1131 spiritu.
734 1086 959 1131 Exploratum
983 1092 1096 1120 autem
1122 1092 1171 1120 est
1191 1087 1389 1132 neminique
1409 1086 1614 1125 obscurum,
1635 1088 1695 1132 qui
1721 1099 1738 1121 a
1764 1087 1863 1133 legali
1890 1087 2069 1133 disciplina

389 1144 430 1177 ad
458 1144 687 1187 evangelicam
716 1143 962 1188 perfectionem
991 1149 1165 1177 transeunt
1182 1170 1189 1182 ‚
1218 1155 1277 1177 eos
1304 1144 1446 1177 omnino
1471 1144 1683 1178 credendum
1709 1156 1781 1178 esse
1808 1156 1868 1179 ceu
1895 1148 1935 1178 ex
1962 1144 2070 1189 gloria

389 1202 503 1246 priore
528 1202 563 1234 in
584 1201 685 1234 aliam
703 1201 879 1237 transisse,
902 1207 1003 1245 atque
1022 1200 1065 1233 ad
1085 1201 1228 1234 meliora
1254 1207 1495 1246 transgressos.
1525 1202 1590 1241 Qui
1610 1207 1722 1235 autem
1742 1213 1801 1235 eos
1826 1202 1871 1235 ita
1891 1201 2068 1239 transfert,

388 1260 460 1305 ipse
483 1259 628 1304 Spiritus
646 1265 713 1294 est.
735 1259 792 1304 qni
814 1259 898 1303 legis
917 1259 1080 1292 servitute
1100 1258 1240 1292 liberat:
1263 1260 1297 1292 in
1319 1260 1396 1305 ipso
1415 1260 1507 1292 enim
1526 1259 1713 1293 clamamus
1731 1258 1820 1293 abba
1839 1265 1936 1304 pater
1953 1265 1992 1292 ut
2010 1257 2071 1292 filii

388 1323 420 1349 et
448 1315 559 1349 liberi.
588 1317 706 1361 Neque
730 1328 815 1349 xero
840 1315 939 1349 aliter
965 1315 1084 1361 legalis
1109 1316 1216 1361 ipsius
1241 1315 1418 1349 doctrinae
1444 1316 1716 1361 profunditatem
1741 1326 1949 1361 cognoscere
1975 1315 2070 1353 ticet,

387 1385 492 1419 quam
518 1386 579 1419 per
605 1379 760 1407 sanetum
780 1374 966 1419 Spiritum:
987 1374 1059 1418 ipse
1085 1374 1178 1406 enim
1203 1379 1374 1406 scrutatur
1399 1374 1501 1406 etiam
1520 1372 1693 1419 profunda
1712 1373 1792 1406 Dei:
1814 1372 1988 1418 profunda
2013 1384 2074 1406 an-

389 1438 456 1465 tem
482 1433 543 1465 Dei
562 1431 729 1477 appellari
755 1431 902 1464 dicimus
928 1431 1091 1464 latentem
1119 1431 1155 1464 in
1181 1431 1286 1464 sacris
1313 1430 1436 1465 litteris
1459 1431 1629 1464 notitiam.
1659 1429 1791 1464 Idcirco
1809 1430 1910 1464 divus
1934 1441 2074 1475 quoque

390 1489 498 1523 David
526 1490 635 1523 Deum
663 1489 709 1523 sic
735 1488 942 1535 precabatur
966 1489 996 1521 'z
1023 1488 1137 1522 revela
1162 1488 1282 1522 oculos
1307 1499 1420 1525 meos,
1446 1494 1483 1521 ut
1509 1487 1645 1521 videam
1672 1488 1756 1533 legis
1785 1494 1862 1522 tuae
1887 1487 2069 1524 mirabilia.

391 1549 508 1592 Neque
535 1548 607 1592 ipse
626 1547 786 1580 Servator
804 1545 985 1590 indignum
1004 1544 1105 1578 laude
1131 1556 1209 1579 eum
1235 1545 1424 1583 iudicabat,
1445 1545 1505 1590 qui
1525 1556 1565 1578 ex
1590 1545 1691 1590 legali
1717 1545 1857 1578 scientia
1876 1544 1919 1578 ad
1937 1544 2074 1590 spirita-

391 1605 459 1638 lem
478 1605 513 1638 id
532 1610 581 1638 est
601 1603 833 1648 evangelicam
859 1602 1117 1637 conscenderet.
1147 1603 1203 1636 Ait
1221 1603 1314 1636 enim
1334 1603 1364 1636 ‘z
1388 1609 1569 1648 propterea
1588 1602 1666 1636 dieo
1688 1602 1806 1641 vobis,
1827 1601 1940 1635 omnis
1964 1600 2074 1635 scriba

390 1663 545 1696 eruditus
568 1663 603 1695 in
629 1673 736 1707 regno
763 1662 841 1700 Dei,
863 1661 983 1694 similis
1003 1667 1054 1694 est
1078 1661 1210 1694 homini
1230 1660 1327 1694 dix-iti
1353 1661 1412 1706 qui
1433 1660 1564 1705 profert
1587 1659 1630 1694 de
1655 1659 1817 1694 thesauro
1844 1672 1907 1693 suo
1933 1671 2022 1693 nova
2041 1665 2075 1693 et

390 1726 518 1753 vetera.
547 1721 668 1753 Vetera
695 1719 856 1764 quidem,
879 1718 1000 1763 legalia
1026 1718 1204 1763 intelligit;
1226 1729 1315 1752 nova
1341 1729 1443 1756 vero,
1464 1729 1551 1762 quae
1577 1718 1611 1750 in
1638 1717 1773 1751 Christo
1800 1723 1890 1750 sunt.
1920 1717 2022 1757 Quod
2047 1718 2074 1751 si

392 1779 469 1822 quis
489 1777 577 1810 forte
595 1777 674 1810 velit
696 1776 763 1810 alio
786 1787 925 1821 quoque
944 1787 1045 1809 sensu
1065 1781 1201 1809 nostrae
1221 1775 1378 1820 imaginis
1402 1774 1740 1808 transformationem
1759 1774 1801 1808 de
1820 1774 1929 1819 gloria
1948 1775 1983 1807 in
2002 1774 2075 1819 glo-

393 1835 478 1868 riam
508 1834 715 1877 intelligere,
738 1834 805 1867 hoc
829 1834 912 1866 item
942 1833 1034 1878 apud
1058 1844 1093 1867 se
1120 1832 1312 1878 reputabit,
1334 1843 1457 1877 nempe
1476 1843 1539 1866 nos
1564 1838 1737 1877 quotquot
1755 1831 1927 1865 Christum
1946 1842 2076 1876 cogno-

390 1893 520 1929 vimus,
543 1891 709 1936 relatique
737 1892 862 1924 fuimus
888 1892 976 1924 inter
995 1890 1085 1924 filios
1109 1891 1187 1926 Dei.
1208 1891 1243 1923 in
1263 1889 1373 1935 gloria
1400 1900 1541 1934 prorsus
1566 1889 1712 1922 versari:
1734 1895 1972 1922 verumtamen
1989 1895 2076 1922 tem·

393 1960 476 1995 pore
501 1949 779 1984 resurrectionis,
801 1948 945 1981 eandem
972 1954 1125 1982 nostram
1153 1948 1336 1992 imaginem
1361 1947 1404 1980 d'e
1431 1946 1538 1991 gloria
1562 1947 1597 1980 in
1623 1947 1770 1992 gloriam
1795 1946 2076 1980 transformatum

393 2007 450 2044 iri,
474 2012 647 2050 tamquam
674 2017 691 2039 a
719 2007 856 2039 Domini
883 2006 1022 2051 Spiritu.
1054 2006 1129 2050 lpse
1155 2005 1247 2038 enim
1275 2003 1375 2037 nobis
1400 2004 1572 2042 Christus,
1594 2001 1653 2049 qui
1672 2004 1817 2049 Spiritus
1844 2003 1982 2037 arrham
2008 2002 2077 2036 lar-

391 2066 480 2109 gitus
508 2071 554 2098 est
570 2091 577 2101 ,
599 2065 693 2109 quod
720 2064 830 2103 deest,
854 2064 915 2097 illo
943 2070 1099 2109 tempore
1128 2063 1250 2101 addet,
1273 2069 1306 2097 et
1332 2070 1469 2096 nostrae
1495 2074 1635 2108 quoque
1661 2062 1864 2096 humilitatis
1889 2073 2015 2109 corpus
2034 2062 2077 2095 ad

392 2122 668 2155 conformitatem
689 2133 767 2155 cnm
793 2133 940 2167 corpore
966 2121 1095 2166 gloriae
1114 2132 1194 2154 suae
1218 2120 1425 2154 immutabit.
1455 2121 1540 2161 Quia
1566 2132 1649 2153 vero
1668 2120 1792 2153 doctor
1819 2120 1880 2153 ait:
1902 2126 2076 2165 tamquam

393 2191 410 2213 a
432 2180 565 2212 Domini
591 2180 737 2224 Spiritiu
759 2185 790 2212 et
810 2177 869 2211 ubi
889 2179 1034 2224 Spiritus
1061 2184 1130 2217 est,
1152 2177 1199 2211 ibi
1228 2178 1389 2215 libertas;
1411 2189 1473 2211 nos
1500 2177 1641 2223 quidem
1667 2177 1921 2211 haereticorum
1948 2177 2078 2211 calum-

394 2239 485 2271 niam
513 2248 583 2278 non
611 2236 775 2271 feremus.
797 2237 856 2281 qui
883 2236 1003 2270 creatis
1028 2235 1130 2269 rebus
1156 2236 1319 2281 Spiritum
1348 2235 1577 2269 adnumerant
1597 2235 1659 2280 (1).
1689 2236 1721 2268 Si
1746 2236 1838 2268 enim
1856 2234 1916 2268 ubi
1935 2241 1986 2269 est
2003 2235 2078 2280 Spi-

393 2296 497 2332 ritus,
520 2294 565 2327 ibi
591 2295 734 2327 omnino
761 2293 920 2331 libertas,
943 2293 1026 2338 quid
1053 2294 1088 2326 ni
1115 2294 1187 2338 ipse
1214 2299 1334 2327 natura
1360 2304 1420 2326 sua
1448 2294 1490 2327 sit
1515 2291 1630 2326 liber?
1649 2292 1750 2333 Quod
1778 2293 1803 2325 si
1830 2293 1875 2326 ita
1899 2304 1935 2326 se
1954 2291 2075 2330 habet,

395 2358 488 2386 extra
515 2352 688 2385 servitutis
715 2350 897 2392 modulum
920 2356 989 2384 est:
1012 2356 1062 2383 est
1084 2351 1175 2383 enim
1199 2351 1341 2395 Spiritus
1361 2351 1487 2396 patris,
1509 2356 1543 2384 et
1567 2361 1607 2383 ex
1634 2350 1709 2395 ipso
1736 2349 1780 2383 ad
1801 2355 1993 2383 creaturam
2018 2349 2079 2383 de-

396 2410 489 2443 venit
510 2409 555 2453 (2)
577 2410 611 2442 in
639 2408 785 2442 Christo.

555 2474 597 2497 [t
614 2480 674 2496 non
693 2473 815 2500 fulgeat
834 2472 900 2495 inis
918 2471 1115 2495 illuminatio
1131 2472 1288 2500 evangelii
1306 2473 1428 2502 gloriae
1445 2472 1582 2499 Christi,
1598 2472 1653 2499 qui
1670 2473 1715 2494 est
1732 2472 1836 2502 imago
1853 2472 1922 2494 Dei.

492 2524 632 2569 Copiam
658 2523 798 2568 quidem
824 2522 951 2556 ohtulit
977 2521 1179 2555 universalis
1204 2523 1295 2555 Deus
1321 2523 1451 2556 eunctis
1481 2521 1622 2556 credere
1651 2521 1848 2555 volentibus
1879 2522 1915 2555 in
1945 2520 2075 2559 fllium,

398 2582 489 2615 nuda
516 2582 733 2627 revelataque
763 2581 846 2615 facie
871 2580 1018 2626 gloriam
1043 2591 1139 2613 suam
1169 2580 1330 2619 videndi;
1359 2580 1419 2614 sed
1449 2579 1492 2614 ab
1518 2580 1581 2614 hac
1609 2580 1716 2624 gratia
1745 2579 1947 2613 exciderunt
1971 2579 1993 2612 ii
2018 2580 2076 2624 qui

399 2638 527 2671 diaboli
556 2638 705 2672 tenebris
723 2639 868 2684 impuris
887 2636 1080 2675 obscurati,
1102 2637 1144 2670 ad
1164 2637 1437 2681 evangelicarum
1457 2637 1573 2682 legum
1600 2637 1717 2670 lumen
1735 2635 1782 2670 ob
1801 2648 1897 2670 suam
1916 2636 2079 2681 insipien-

400 2695 478 2727 tiam
498 2707 566 2728 non
588 2702 814 2729 accesserunt.
843 2696 940 2729 Certe
958 2695 1051 2728 enim
1077 2693 1258 2728 effulsisset
1277 2694 1344 2727 illis
1363 2694 1571 2728 illuminatio
1595 2694 1762 2739 evangelii
1782 2694 1923 2731 Christi,
1944 2694 2001 2737 qui
2029 2699 2078 2726 est

398 2751 512 2796 imago
531 2754 603 2785 Dei.
633 2754 673 2786 Et
692 2754 803 2787 Deum
829 2753 970 2798 quidem
990 2742 1091 2785 huius
1115 2751 1235 2784 mundi
1264 2751 1415 2797 appellat
1433 2753 1610 2790 satanam,
1632 2762 1702 2785 non
1729 2751 1824 2797 quod
1850 2757 1970 2784 natura
1997 2761 2079 2794 pro—

500 2835 533 2863 <13
555 2834 660 2861 Rursus
680 2835 870 2862 testimonium
891 2834 986 2871 Cyl-illi
1005 2834 1039 2861 de
1060 2834 1179 2869 Spiritus
1197 2833 1284 2860 saneti
1306 2832 1462 2865 divinitate,
1482 2837 1513 2860 ut
1531 2841 1558 2868 p.
1579 2835 1622 2860 45.

500 2879 535 2908 (2)
555 2877 613 2905 Sive
629 2880 776 2913 procedit,
797 2883 828 2906 ut
847 2879 972 2915 loquitur
990 2878 1163 2913 Augustinus
1183 2877 1256 2913 apud
1276 2885 1326 2906 nos
1346 2886 1371 2913 p.
1393 2881 1435 2905 57.
1456 2877 1486 2904 in
1506 2877 1571 2905 adn.
