2205 3177
771 160 804 184 ΙΝ
830 161 984 184 ι’ςΑιΜυΜ
1010 162 1268 185 Lxxx—Lxxxx’i.
1792 152 1836 184 26
1847 151 1858 184 l

175 237 303 271 corpus
328 226 431 259 etiam
458 223 494 258 fit
523 224 669 259 laetitiae
695 227 866 271 particeps
883 251 891 263 ,
921 236 980 270 spe
1006 227 1266 260 resurrectionis
1297 233 1473 272 concepta.
1504 225 1542 259 ld
1568 225 1660 259 enim
1687 231 1717 259 et
1746 224 1864 259 subse-

177 294 287 328 quens
312 294 426 316 sermo
447 283 571 316 innuit.
600 284 784 328 Propterea
804 289 837 315 et
857 288 954 315 antea
974 284 1084 316 Deum
1103 284 1220 317 rivum
1247 283 1350 322 dixit,
1373 294 1434 317 ceu
1460 284 1547 316 xitae
1567 282 1738 316 datorem.
1769 283 1865 317 Certe

178 339 453 385 Babyloniorum
471 340 535 378 dii,
551 341 702 385 itemque
721 340 891 373 maiorum
912 346 1127 377 nostrorum,
1143 341 1314 374 exanimes
1332 340 1576 385 inscnsilesque
1592 341 1734 373 omnino
1753 347 1861 374 erant.

177 398 253 438 Quo
280 398 318 430 fit
346 404 381 431 ut
406 399 542 443 egregie
563 409 721 443 prorsus,
742 397 801 442 qui
828 397 906 430 illos
932 397 1210 442 dereliquerunt,
1233 399 1343 436 hunc,
1364 398 1423 444 qui
1450 409 1529 431 vere
1548 399 1638 431 Deus
1656 403 1723 436 est,
1744 398 1863 432 viven—

179 461 248 488 tem
274 456 466 488 nominent.

713 519 917 542 Aseensioues
934 520 968 541 in
985 520 1077 542 eorde
1093 526 1147 542 suo
1165 520 1328 547 disposuit.

272 570 446 610 Quasnam
471 569 708 603 ascensiones?
728 569 762 602 in
783 568 917 602 caelum
936 569 1076 603 scilicet.
1106 570 1240 602 Etenim
1260 569 1295 602 id
1314 576 1429 603 mente
1448 570 1633 614 agitamus,
1655 575 1756 614 atque
1775 569 1862 603 hanc

175 638 273 672 spem
299 628 472 665 fovemus,
493 626 567 660 fore
592 632 631 659 ut
657 626 691 658 in
718 637 902 671 supernam
930 627 1101 660 civitatem
1121 626 1361 663 ascendamus,
1383 633 1580 660 sanctorum
1606 633 1768 664 matrem,
1788 638 1861 660 cae-

177 683 298 718 lestem
325 685 518 721 ecclesiam,
539 689 641 728 atque
668 681 715 716 ibi
742 694 821 717 cum
847 684 1004 717 omnium
1030 690 1205 718 servatore
1232 684 1366 717 Christo
1391 695 1569 717 versemur
1592 684 1652 729 (ί).

810 749 943 772 Domine
960 750 1044 772 Deus
1061 751 1226 773 vir-tutum.

272 799 456 833 Dominum
483 799 649 832 virtutum
675 804 708 832 et
733 799 844 832 Deum
870 798 984 833 Iacobi
1011 799 1161 845 appellat
1190 799 1384 836 Christum,
1414 811 1456 832 nc
1482 799 1558 843 quis
1584 810 1662 831 eum
1689 804 1861 832 recentem

175 857 343 890 existimet
362 857 492 891 Deum,
515 862 658 901 propter
678 856 890 889 nativitatem
909 857 942 889 in
963 868 1081 895 carne,
1107 856 1166 890 sed
1192 857 1292 890 illum
1312 857 1426 902 potius
1445 867 1516 889 esse
1536 855 1734 894 credamus,
1758 867 1861 901 quem

176 914 239 959 ipsi
255 913 413 946 Israhelis
431 919 544 958 patres
562 913 762 951 coluerunt,
781 924 883 958 quem
901 914 1099 958 provisione
1118 920 1333 959 spectarunt,
1351 914 1446 946 cuius
1464 914 1667 958 mysterium
1686 924 1755 946 non
1771 914 1862 957 igno-

175 976 357 1009 raverunt,
379 971 553 1005 revelante
579 971 707 1004 scilicet
732 971 806 1005 Deo
830 977 948 1016 patre,
970 977 1087 1004 sancto
1113 972 1241 1016 Spiritu
1270 971 1484 1004 illuminante
1510 971 1570 1015 (2).

356 1045 447 1074 megi
463 1046 602 1068 abiectus
618 1052 682 1068 esse
699 1046 732 1068 in
749 1046 838 1068 domo
856 1045 914 1067 Dei
931 1045 1006 1072 mei,
1022 1046 1122 1075 magis
1139 1052 1233 1072 quam
1250 1046 1397 1068 habitare
1414 1046 1447 1068 in
1465 1044 1678 1067 tabernaculis

912 1091 1120 1116 peccatorum.

269 1143 356 1177 Cura
383 1150 440 1177 tna
467 1143 601 1182 fruens,
622 1155 645 1177 o
670 1144 833 1181 Domine,
856 1144 1008 1189 populus
1035 1150 1130 1182 tuus,
1151 1144 1283 1189 templo
1303 1150 1362 1178 tuo
1381 1155 1518 1189 semper
1544 1144 1692 1182 adsidet,
1714 1144 1859 1177 multam

174 1200 253 1233 inde
279 1200 460 1234 utilitatem
487 1202 636 1246 capiens.
665 1202 750 1234 Nam
777 1211 866 1246 quae
886 1200 976 1234 bona
996 1201 1049 1235 vel
1072 1202 1173 1235 unico
1194 1201 1250 1235 dic
1268 1199 1316 1234 ibi
1336 1202 1502 1246 percipit,
1525 1201 1616 1234 haud
1636 1200 1717 1234 alibi
1738 1201 1860 1246 adqui-

174 1263 245 1294 rat,
267 1257 384 1291 multis
410 1256 569 1291 laborans
595 1257 731 1291 dierum
749 1256 916 1291 millibus.
946 1258 1037 1291 Haec
1057 1258 1171 1292 dicere
1198 1259 1303 1304 captis
1313 1270 1351 1291 os
1377 1269 1515 1303 quoquc
1535 1258 1627 1303 apud
1646 1257 1859 1303 Babylonem

174 1313 306 1353 decuit,
328 1326 407 1348 cum
433 1315 546 1360 impiis
572 1314 759 1348 homnibus
784 1316 900 1348 rivere
926 1321 1078 1353 coactos,
1101 1315 1305 1361 nullumque
1325 1315 1404 1349 inde
1423 1315 1696 1349 emolumentum
1722 1317 1859 1361 capien-

174 1378 241 1411 tes,
263 1371 323 1406 sed
350 1378 548 1418 reputantes
574 1372 688 1417 potius
712 1378 877 1417 quantam
904 1383 921 1405 a
947 1373 1007 1406 Dei
1035 1372 1166 1418 templo
1192 1373 1375 1407 utilitatem
1401 1379 1510 1407 essent
1537 1374 1681 1419 capturi.

783 1467 1015 1506 PSALMUS
1044 1468 1241 1506 LXXXV.

804 1552 853 1576 Ad
871 1555 902 1576 te
917 1553 1058 1577 clamabo
1075 1556 1142 1577 tota
1159 1554 1219 1577 die.

266 1603 348 1636 Tota
374 1602 430 1636 die
455 1602 556 1642 dicit,
583 1615 647 1649 pro
673 1615 734 1649 per
759 1603 852 1638 diem
878 1610 1005 1643 totam,
1033 1615 1158 1649 nempe
1185 1605 1278 1638 omni
1305 1610 1473 1650 tempore.
1503 1604 1648 1650 Oportet
1673 1604 1765 1637 enim
1792 1615 1854 1638 nos

168 1671 304 1705 semper
330 1662 402 1695 Deo
427 1661 600 1707 supplices
627 1661 718 1700 ficri,
741 1662 881 1707 eiusque
908 1662 1179 1696 misericordiam
1205 1662 1397 1708 exquirere.

774 1758 1004 1797 PSALMUS
1033 1759 1236 1797 LXXXVI
1243 1789 1249 1796 .

675 1844 893 1867 Fundamenta
910 1845 977 1867 eius
994 1845 1027 1867 in
1045 1845 1203 1867 montibus
1221 1844 1347 1867 sanctis.

264 1893 437 1927 Montibus
464 1900 639 1940 comparat
659 1894 836 1928 ecclesiam
856 1895 1018 1940 inspirata
1037 1895 1199 1928 divinitus
1219 1895 1386 1940 scriptura
1399 1920 1406 1932 ,
1428 1900 1571 1940 propter
1590 1893 1791 1937 dogmatum
1812 1892 1853 1926 il-

169 1950 234 1984 lius
261 1950 489 1984 altitudinem.
519 1969 540 1976 —
566 1953 697 1985 Montes
724 1953 837 1996 itaque
862 1952 1095 1985 existimamus
1114 1963 1186 1985 esse
1206 1952 1382 1989 ecclesias,
1407 1952 1476 1984 sive
1496 1951 1657 1996 degentes
1675 1951 1710 1982 in
1730 1950 1769 1982 iis
1789 1949 1852 1983 ho-

169 2008 290 2041 mines,
310 2008 449 2054 Templa
469 2009 560 2042 enim
580 2020 696 2042 sumus
716 2009 774 2042 Dei
795 2010 955 2047 viventis,
976 2015 1010 2042 et
1028 2009 1087 2042 Dei
1107 2009 1232 2042 domus
1251 2015 1287 2042 ut
1308 2009 1400 2042 aiunt
1421 2009 1609 2054 scripturae
1629 2007 1652 2040 “.
1675 2007 1848 2047 Quaenam

167 2075 250 2098 vero
275 2066 341 2098 sint
369 2065 589 2099 fundamenta
609 2077 698 2111 quae
716 2066 751 2099 in
770 2065 871 2099 nobis
891 2066 1037 2099 collocat
1055 2066 1225 2101 Christus,
1249 2065 1386 2099 docebit
1407 2065 1530 2098 Paulus
1555 2064 1671 2097 dicens
1693 2065 1721 2096 ':
1746 2063 1847 2103 fides,

167 2133 263 2168 spes,
285 2124 425 2161 caritas;
447 2130 479 2157 et
499 2130 634 2169 praeter
661 2124 739 2161 has,
762 2123 930 2157 fortitudo
950 2135 987 2157 ac..
1006 2124 1188 2169 patientia,
1208 2124 1431 2169 temperantia
1452 2129 1484 2156 et
1503 2122 1729 2160 continentia,
1753 2132 1850 2155 man-

168 2179 314 2213 suetudo
333 2188 365 2213 et
386 2180 644 2226 longanimitas,
665 2187 697 2215 et
723 2182 866 2215 omnino
885 2182 1051 2214 virtutum
1070 2193 1173 2215 omne
1192 2192 1310 2226 genus
1341 2200 1363 2205 —
1388 2181 1570 2214 Terrestris
1589 2180 1686 2215 Sion,
1708 2189 1794 2223 quae
1815 2179 1848 2211 in

168 2236 298 2270 iudaica
325 2239 464 2283 regione
491 2245 560 2275 est.
584 2251 662 2285 pars
688 2245 735 2272 est
764 2238 859 2272 urbis
882 2239 1115 2277 Hierusalem,
1137 2238 1268 2273 excelsa
1295 2238 1453 2271 videlicet
1478 2250 1515 2272 ac
1540 2237 1645 2270 veluti
1672 2237 1705 2269 in
1732 2242 1850 2269 monte

167 2295 241 2328 sita.
268 2295 366 2329 Illam
385 2303 569 2342 propterea
588 2298 860 2342 interpretantur
879 2296 1052 2342 speculam
1073 2296 1134 2341 (3).
1161 2297 1249 2330 Huic
1267 2296 1372 2329 voluti
1392 2297 1427 2329 in
1446 2302 1562 2329 monte
1582 2294 1738 2328 conditae
1757 2295 1847 2327 Sioni

167 2359 366 2398 comparant
385 2354 583 2392 ecclesiam,
606 2354 640 2387 id
659 2361 710 2388 est
729 2354 944 2388 credentium
964 2353 1221 2388 multitudinem
1234 2379 1241 2389 ,
1265 2365 1377 2387 sacrae
1399 2353 1530 2386 litterae
1551 2353 1574 2385 '.
1604 2353 1660 2385 Est
1679 2352 1770 2384 enim
1789 2363 1848 2384 cx-

167 2409 254 2443 celsa
281 2410 420 2444 ecclesia
437 2437 444 2449 ,
474 2411 558 2444 nihil
584 2412 716 2445 humile
742 2411 892 2445 habens:
922 2422 1002 2445 nam
1029 2411 1200 2445 terrestria
1228 2422 1346 2456 sapere
1373 2410 1601 2455 dedignatur,
1630 2409 1689 2442 sed
1716 2412 1848 2454 quaerit

167 2469 281 2513 potius
308 2479 471 2513 superna:
494 2469 654 2503 ecclesiae
681 2476 795 2504 autem
822 2469 952 2504 alumni
979 2468 1155 2503 ambulant
1182 2469 1321 2514 quidem
1349 2469 1380 2501 in
1409 2475 1517 2505 terra,
1539 2467 1597 2501 sed
1624 2478 1745 2501 eorum
1765 2478 1847 2500 con—

166 2526 313 2559 versatio
339 2527 373 2558 in
399 2526 500 2559 caelis
526 2533 588 2559 est„

265 2606 300 2634 (1)
321 2602 577 2631 Animadvertamus
597 2605 703 2639 piorum
724 2605 937 2633 christianorum
957 2605 1051 2633 heatae
1071 2606 1099 2633 in
1118 2605 1193 2633 caelo
1211 2605 1381 2632 aeternitatis
1399 2595 1489 2639 spem,
1506 2611 1554 2639 pro
1573 2611 1625 2638 qua
1645 2602 1779 2630 mundani
1797 2603 1846 2631 ho-

168 2648 269 2678 mines,
291 2652 317 2674 et
335 2647 521 2682 voluptatibus
540 2647 641 2681 dediti,
662 2657 758 2684 parum
778 2654 842 2676 sunt
861 2650 981 2677 solliciti.

242 2716 247 2717 e
264 2694 300 2723 (2)
318 2691 417 2718 Adhuc
436 2695 530 2719 contra
549 2693 680 2725 Arianos,
700 2694 786 2720 immo
804 2698 831 2721 et
848 2694 1028 2721 Eusebianos.
1050 2695 1173 2729 Namque
1196 2701 1211 2720 a
1235 2693 1395 2720 caesariensi
1420 2691 1538 2719 Eusebio
1561 2691 1672 2719 nonnisi
1696 2692 1843 2723 minorem,

166 2740 227 2771 post
240 2740 360 2771 patrem,
371 2738 460 2763 Deum
473 2736 659 2764 existimatum
672 2745 730 2765 esse
740 2738 856 2770 Filium,
870 2738 1013 2766 manifeste
1025 2738 1195 2765 demonstrat
1206 2736 1430 2764 Montfauconius
1445 2735 1527 2771 praef.
1541 2735 1574 2763 ad
1585 2735 1684 2763 Euseb.
1696 2739 1843 2763 comment.

164 2781 194 2807 in
232 2780 310 2808 salm.
333 2789 363 2807 ca
387 2802 391 2807 .
413 2781 459 2807 VI.

213 2788 230 2815 p
264 2827 300 2856 43)
320 2789 429 2852 Dephac
448 2824 573 2852 vocabuli
593 2825 713 2852 hebraici
732 2827 797 2853 Sion
818 2826 1042 2862 interpretatione
1061 2825 1181 2853 diximus
1200 2833 1225 2860 p.
1248 2824 1294 2852 lat.
1321 2828 1377 2852 109.
1399 2824 1463 2851 adn.
1485 2827 1508 2850 2.

1901 638 1931 655 ‘fr
1954 640 2036 661 p.-tt=.

1890 2018 2081 2040 ¹1.«*.‹ir.111.1-;.

1891 2078 1897 2084 ·
1914 2076 1963 2096 (,;]Ι.
1983 2077 2007 2096 V.
2023 2082 2054 2097 π.

1889 2186 1919 2205 ‹Jr
1942 2194 1963 2212 pr
1980 2189 2024 2206 υτ..

1888 2362 1895 2367 '
1906 2358 1974 2379 Hetir.
1986 2358 2026 2378 Mi
2046 2363 2078 2379 az.
