2205 3177
936 218 1129 241 PRAEFATIO.
1826 218 1871 240 x'tt

198 287 232 320 in
259 285 418 320 manibus
444 292 494 319 est
521 287 643 319 Leonis
669 275 885 329 κειμήλιον,
912 282 972 316 sed
998 283 1071 316 eius
1096 282 1280 328 descriptio
1308 288 1441 328 tempus
1467 281 1560 316 aliud
1588 282 1871 327 occasionemque

197 342 386 389 postulat.)
413 344 528 382 Nunc,
553 344 632 388 quia
659 341 818 375 absoluto
844 340 912 373 iam
940 339 1007 373 hoc
1033 339 1228 378 volumine,
1249 340 1419 373 collocare
1446 340 1481 372 in
1506 339 1593 372 serie
1618 338 1783 384 (ΖμίΙΙιιηι
1811 351 1871 372 ne-

195 411 303 445 queo,
325 406 505 446 praesente
524 402 559 433 in
579 411 641 445 pag
636 400 700 432 ina
720 399 771 432 his
792 397 1007 442 fragmentis,
1031 408 1073 430 ne
1092 404 1250 458 pe1ea‚nt
1272 408 1306 429 si
1297 396 1389 430 (hm
1408 395 1608 442 adsignabo.
1630 397 1721 441 Ergo
1740 396 1781 430 ad
1802 397 1871 442 epi-

195 457 319 491 stolam
346 458 493 502 plimarn
516 456 678 490 Iohannis
697 466 772 500 cap.
794 455 820 487 Ι.
843 454 883 487 5:
907 447 924 485 ὁ
943 447 1036 491 θεὸς
1055 458 1132 494 φως
1151 445 1250 492 ἐστι,
1268 445 1327 485 καὶ
1350 450 1478 486 σκοτία
1503 447 1537 486 ἐν
1557 462 1658 500 αυτ-ῳ
1683 446 1748 485 οὐκ
1770 444 1869 485 ἔστιν

196 504 384 559 ουὸεμίεα
413 515 507 547 Deus
534 514 599 546 ἰαι-
624 521 696 549 (st,
727 520 760 544 et
793 511 956 544 tenebrae
989 524 1024 544 ιη
1058 522 1097 543 eo
1129 523 1196 543 non
1228 518 1308 543 siml
1336 511 1453 548 ullae,
1484 512 1532 545 sic
1561 512 1595 545 in
1628 511 1745 545 codice
1775 511 1867 556 lego.

195 576 372 602 lePtxin
392 562 476 602 ‘H‘
463 580 520 602 οτι
546 580 615 602 κατ
647 561 775 601 ουσίαν
797 573 873 609 φως
895 559 1059 614 ὑπάρχει
1081 561 1098 599 ὁ
1119 559 1268 606 θεὸς,
1255 577 1288 600 εν
1308 578 1389 605 τοις
1416 561 1450 600 ἐν
1475 561 1580 600 αὕτω
1605 559 1668 601 διὰ
1692 578 1764 601 των
1789 561 1871 613 ἁρε-

193 639 265 662 ‘rom
289 637 576 675 περιπατουσιν,
596 619 757 663 oia-aecae
776 631 852 666 φως
870 616 1080 670 ’γενόμενος
1099 636 1116 660 η
1146 621 1316 664 σκοτίαν
1333 636 1396 659 τνν
1415 636 1544 658 κακιαν
1563 617 1670 668 >aym
1700 617 1764 658 δια
1782 617 1869 663 τοὺς

189 676 413 723 ’Qlouciaioug
440 685 589 718 Ciniru.
617 683 676 717 bec
695 683 766 719 αι’,ῐ
790 683 845 716 vel
860 695 947 730 qma
964 684 1059 716 Deus
1077 682 1364 716 substantialiter
1383 683 1448 715 [ιιι
1467 691 1534 719 cst,
1558 692 1729 728 quaeamus
1749 695 1792 717 us
1811 681 1869 716 ho-

191 742 366 780 ηιίιιίὸιις,
390 741 454 787 qui
472 741 507 774 in
528 741 603 787 ipso
622 739 811 773 viz-tutibus
829 740 902 774 suis
920 739 1126 776 ambulant,
1150 752 1225 773 vere
1249 740 1314 773 lua·
1333 739 1503 784 effic-ilar.
1532 740 1589 772 t'el
1606 739 1765 773 tenebras
1784 739 1870 773 dicit

190 799 406 845 nequitiam,
428 807 574 844 propter
592 798 757 831 ludaeos.
780 799 910 831 Rursus
929 797 971 831 ad
991 809 1066 843 cap.
1090 798 1131 831 ll.
1159 798 1217 831 13:
1246 788 1383 844 γράφω
1413 789 1500 841 ὑμῖν
1527 788 1682 841 πατέρες
1701 821 1710 836 ‚
1733 789 1867 842 ’γράφω

193 850 282 901 ὑμῖν
309 851 490 888 νεανίσκοι
505 879 513 893 ,
531 847 664 902 ’γράφω
692 847 780 899 ὑμῖν
799 845 955 888 παιδίας
977 854 1090 888 scribo
1110 854 1222 891 vobis,
1240 862 1385 900 [ναῖκες
1406 854 1519 887 scribo
1538 854 1649 890 vobis,
1673 854 1869 887 adolescen—

190 923 260 951 (ας,-
288 912 403 946 scribo
434 913 550 947 tolus
583 913 753 957 affantes,
783 916 958 943 ΠΡΙΑΛΟΥ
987 905 1164 949 Ἱ-Ιλικιάς
1193 903 1363 944 ἐνταῦθα
1388 921 1453 956 μοι
1484 920 1556 943 νοει
1586 921 1681 943 κατα
1707 904 1769 944 τὸν
1800 902 1868 944 ἔσω

190 962 402 1017 ἀνθρωπον·
430 963 470 1002 ου’
498 980 575 1017 γαρ
604 963 620 1001 ὁ
648 963 924 1013 εὐαγγελιστκς
949 961 1038 1016 πρὸς
1062 960 1184 1016 βρεφῆ
1212 959 1367 1016 ἔγραφε·
1392 978 1452 1001 και
1483 965 1619 1001 νεανίαι
1645 961 1732 1014 μὲν,
1754 979 1786 1000 οι
1817 962 1869 1006 εἷς

190 1018 280 1076 ανδρ
287 1024 344 1060 ίαν
373 1019 557 1065 ελθόντες
579 1019 838 1074 πνευματικήν
861 1018 1068 1074 πρεσβύται
1098 1017 1136 1057 δὲ
1167 1019 1202 1058 οἱ
1228 1035 1279 1064 εις
1308 1016 1481 1074 φρόνησιν
1510 1017 1726 1064 ἐλάσαντες·
1749 1018 1867 1061 νήπιοι

188 1076 251 1124 δε,
273 1079 307 1117 οἶ
335 1077 369 1118 ἐν
393 1078 547 1131 Χριστῷ
566 1076 649 1132 ἄρτι
673 1077 1290 1122 mori-woavveg.Cinirri.21etazes
1308 1083 1372 1117 hoe
1392 1084 1465 1117 loeo
1483 1096 1617 1117 meeum
1636 1083 1792 1130 i'mellcoe
1818 1096 1870 1117 se-

185 1143 341 1176 candum
362 1142 564 1176 interiorem
585 1142 782 1181 hominem‚·
799 1155 909 1189 neque
927 1142 1021 1175 enim
1039 1141 1257 1188 evangelista
1276 1141 1327 1175 ad
1344 1142 1501 1188 infantes
1519 1141 1696 1175 scriberet.
1720 1142 1764 1175 Et
1783 1141 1870 1174 ado-

185 1201 349 1233 lescenees
375 1200 518 1246 quidem
544 1209 643 1237 smil,
672 1200 735 1246 qui
758 1200 810 1233 acl
833 1199 1032 1246 spiritalem
1047 1199 1269 1245 firmitatem
1291 1208 1542 1246 pervenerant:
1565 1211 1676 1236 senes,
1701 1199 1764 1245 qui
1784 1212 1869 1246 pru-

186 1258 346 1291 dentiam
373 1258 555 1291 adsecuti.-
582 1258 740 1302 z‘nsantes
767 1258 932 1303 (lenique,
961 1257 1024 1302 qui
1048 1269 1159 1304 nuper
1184 1257 1421 1291 crediderant.
1450 1258 1521 1290 lam
1545 1269 1628 1291 vero
1654 1258 1805 1303 primum
1829 1270 1869 1291 ex

185 1316 238 1349 his
257 1316 457 1360 fragmentis
475 1317 509 1348 in
527 1316 707 1349 oxoniensi
721 1313 814 1348 libro
833 1326 975 1360 prorsus
989 1314 1215 1348 desideratur.
1234 1314 1429 1348 Secundum
1445 1321 1558 1348 autem
1577 1315 1867 1360 anepigraphum,

184 1373 219 1406 id
240 1379 290 1406 est
316 1372 446 1418 absque
469 1373 587 1417 Cyrilli
608 1373 764 1411 nomine,
787 1372 913 1418 legitur
939 1371 1002 1406 lib.
1026 1373 1083 1406 cit.
1107 1384 1142 1418 p.
1169 1372 1252 1411 113,
1274 1372 1334 1406 sed
1360 1373 1406 1406 ita
1424 1373 1635 1418 productum
1659 1384 1697 1406 ac
1715 1373 1867 1410 varium,

185 1437 223 1463 ut
249 1431 399 1463 Leonem
426 1436 585 1463 nostrum
613 1430 862 1474 compendium
885 1430 957 1463 eius
984 1430 1120 1469 fecisse,
1143 1441 1285 1475 prorsus
1307 1436 1483 1475 appareat.
1513 1431 1655 1463 Interim
1680 1430 1746 1464 hoc
1772 1430 1870 1464 adse—

182 1488 344 1533 quimur,
369 1493 407 1521 ut
432 1493 609 1521 auctorem
638 1487 824 1533 fragmenti
849 1487 1017 1532 Cyrillum
1041 1498 1113 1521 esse
1140 1497 1375 1531 agnoscamus.

280 1546 314 1578 ἶι.
344 1544 479 1590 Reliqui
504 1555 588 1589 ergo
614 1544 697 1577 mihi
724 1543 865 1578 fuerunt
892 1545 926 1578 in
948 1550 1064 1578 vetere
1088 1544 1231 1589 quidem
1258 1545 1493 1583 Testamento‚
1518 1544 1605 1579 liber
1633 1545 1867 1591 psalmorum:

182 1604 217 1636 in
245 1613 354 1640 novo,
376 1601 471 1635 Pauli
499 1601 685 1647 epistolae,
709 1601 752 1635 ad
771 1613 857 1646 quas
882 1601 1019 1635 divinae
1045 1602 1235 1646 scripturae
1263 1608 1377 1648 partes
1403 1601 1615 1647 praeclaram
1640 1602 1783 1648 aedepol
1805 1603 1870 1647 Cy-

182 1661 250 1694 rilli
276 1660 554 1706 explanationem
573 1660 701 1693 inveni.
730 1660 843 1704 Atque
862 1665 900 1692 ut
918 1658 962 1692 de
982 1658 1076 1692 Pauli
1095 1659 1249 1704 epistolis
1268 1660 1420 1705 primum
1445 1659 1556 1693 dicam
1569 1685 1577 1698 ,
1600 1660 1634 1693 in
1654 1660 1713 1694 illa
1738 1660 1780 1693 ad
1800 1662 1868 1694 Ro-

181 1729 318 1756 manos,
340 1718 375 1751 in
402 1722 547 1762 utraque
574 1716 616 1749 ad
641 1716 856 1755 Corinthios,
878 1717 1029 1762 itemque
1056 1716 1100 1750 ad
1125 1716 1303 1750 Hebraeos
1329 1717 1409 1750 satis
1434 1728 1601 1762 prospera
1630 1717 1766 1751 fortuna
1789 1729 1869 1751 usus

181 1788 276 1809 sum:
299 1777 332 1808 in
360 1775 501 1821 reliquis
526 1786 736 1819 quamquam
763 1785 820 1808 eas
845 1774 1014 1819 Cyrillum
1040 1775 1169 1820 partim
1196 1775 1316 1808 saltem
1340 1774 1529 1808 illustrasse
1554 1781 1771 1820 compertum
1796 1781 1866 1814 est,

182 1833 266 1866 nihil
293 1844 358 1878 ego
385 1833 519 1877 reperi,
544 1837 680 1877 praeter
703 1831 837 1877 singula
864 1831 1057 1877 fragmenta
1085 1832 1127 1866 ad
1152 1832 1286 1866 Galatas
1310 1838 1343 1866 et
1370 1832 1413 1865 ad
1438 1831 1668 1866 Colossenses.
1698 1833 1805 1877 Igitur
1830 1839 1867 1865 ut

181 1892 215 1924 in
237 1896 387 1935 quatuor
411 1889 584 1935 epistolis,
606 1900 691 1933 quas
711 1888 799 1927 disi,
822 1890 957 1927 sistam;
978 1889 1087 1923 codex
1112 1890 1287 1923 vaticanus
1312 1889 1413 1923 valde
1438 1890 1627 1935 pretiosus,
1648 1889 1773 1923 saeculi
1798 1889 1868 1922 fer-

181 1959 235 1981 me
258 1948 340 1986 ΧΠ,
360 1948 456 1981 cuius
481 1947 652 1992 integram
677 1947 838 1992 paginam
866 1958 943 1980 aere
970 1947 1124 1980 incusam
1149 1947 1184 1980 in
1210 1947 1278 1980 hoc
1304 1947 1482 1981 volumine
1508 1953 1587 1981 ante
1611 1948 1769 1993 paginam
1797 1948 1869 1993 pri—

180 2017 270 2039 mam
297 2003 422 2043 habes,
448 2005 600 2049 egregias
628 2004 712 2037 mihi
737 2003 909 2049 cyrilliani
935 2005 1177 2038 commentarii
1202 2010 1316 2050 partes
1342 2005 1384 2038 ad
1410 2006 1510 2038 Rom.
1536 2011 1569 2038 et
1596 2004 1637 2037 ad
1660 2004 1815 2038 Corinth.
1839 2006 1865 2038 Ι.

179 2069 213 2096 et
233 2064 276 2096 11.
300 2061 552 2108 suppeditarim
576 2073 661 2107 quas
683 2073 748 2107 ego
774 2061 958 2108 diligenter
979 2063 1186 2108 exscriptas,
1210 2061 1493 2096 adnotationibus
1517 2063 1619 2096 etiam
1647 2068 1751 2108 prout
1781 2074 1869 2108 opus

180 2121 243 2154 fuit
269 2121 470 2158 instructas,
495 2124 528 2152 et
547 2119 651 2154 latina
676 2120 962 2165 interpretatione
981 2120 1145 2159 donatas,
1168 2120 1202 2153 in
1229 2120 1347 2165 priore
1366 2120 1552 2154 voluminis
1571 2126 1667 2166 parte
1694 2122 1784 2166 typis
1811 2133 1869 2155 ex-

180 2178 299 2223 pressi.
328 2179 377 2211 De
396 2177 563 2210 doctrinis
587 2188 670 2210 vcro
689 2176 810 2221 Cyrilli
835 2177 1046 2223 praecipuis,
1069 2184 1141 2211 tum
1167 2178 1202 2211 in
1222 2176 1505 2212 adnotationibus
1529 2183 1601 2211 tum
1624 2178 1660 2211 in
1680 2177 1792 2211 indice
1818 2177 1868 2211 le-

178 2241 290 2269 ctores
316 2235 494 2268 admonui.
525 2236 644 2279 Magna
666 2234 827 2280 equidem
854 2235 1033 2281 voluptate
1053 2235 1213 2274 fruebar,
1235 2235 1320 2269 dum
1347 2242 1477 2269 tantam
1502 2236 1784 2282 praestantissimi
1805 2236 1867 2280 Cy-

178 2293 246 2326 rilli
276 2299 408 2338 partem
434 2304 474 2325 ex
502 2304 544 2326 eo
571 2293 689 2326 codice
715 2305 895 2332 eruerem;
917 2293 1023 2339 idque
1051 2305 1115 2339 ego
1143 2293 1247 2339 paulo
1276 2299 1355 2338 post
1380 2305 1509 2327 annum
1539 2294 1624 2327 1841
1654 2292 1864 2326 efficiebam:

178 2350 304 2383 etenim
327 2350 416 2383 intra
440 2350 507 2383 hoc
529 2351 749 2389 octennium,
771 2362 880 2396 usque
904 2350 948 2384 ad
972 2351 1081 2390 1849,
1104 2352 1258 2397 quinque
1283 2350 1367 2385 haec
1389 2362 1499 2384 novae
1518 2352 1657 2385 Patrum
1678 2349 1867 2384 bibliothe-

178 2419 236 2441 cae
262 2408 441 2441 x‘olumina
467 2407 702 2447 adornabam,
727 2410 924 2455 interrupto
951 2408 1151 2443 idemtidem
1179 2415 1323 2455 propter
1350 2409 1433 2442 alias
1457 2410 1702 2455 occupationes
1730 2407 1863 2442 labore.

178 2466 318 2499 interim
338 2476 422 2498 vero
439 2477 480 2499 ex
498 2465 620 2510 Anglia
640 2472 775 2500 catenas
793 2468 932 2500 Patrum
954 2467 1087 2512 accepi,
1106 2478 1195 2512 quae
1212 2478 1332 2512 graece
1350 2472 1484 2500 tantum
1503 2478 1521 2500 a
1540 2466 1583 2499 cl.
1602 2467 1628 2499 I.
1645 2466 1687 2499 A.
1704 2466 1867 2499 Cramero

178 2523 275 2556 annis
300 2523 401 2555 18-21.
424 2529 458 2556 et
480 2524 583 2557 18'42».
606 2524 911 2569 imprimebantur:
934 2524 993 2558 uhi
1017 2524 1113 2570 quod
1141 2525 1260 2558 attinet
1282 2524 1325 2558 ad
1352 2524 1534 2569 epistolam
1556 2523 1651 2557 Pauli
1676 2523 1718 2556 ad
1744 2524 1866 2557 Roma-

176 2592 257 2618 nos,
282 2586 314 2613 ct
342 2579 385 2613 ad
409 2580 605 2614 Corinthios
629 2582 795 2627 primam,
817 2589 931 2628 partes
950 2594 1044 2616 meas
1062 2583 1180 2628 Cyritli
1198 2583 1390 2620 vaficanas,
1412 2593 1497 2627 quas
1519 2582 1585 2614 iam
1605 2581 1862 2627 impresseram,

129 2629 132 2631 Α
175 2637 247 2670 xidi
271 2649 350 2670 cum
372 2636 438 2670 illis
462 2639 731 2684 contemporalis
752 2641 788 2673 in
814 2640 938 2686 Anglia
964 2640 1107 2674 editoris
1131 2641 1257 2685 passim
1283 2650 1475 2685 congruere
1502 2639 1737 2684 (quamquam
1763 2640 1865 2673 etiam

173 2695 300 2728 catenis
321 2695 534 2740 incognitum
554 2696 673 2740 cyrilli
693 2703 841 2731 tractum
859 2698 1076 2744 Nicephorus
1095 2697 1195 2732 nobis
1213 2697 1466 2744 suppeditavit,
1487 2703 1577 2742 part.
1600 2696 1659 2730 lat.
1676 2708 1711 2742 p.
1730 2697 1862 2730 27-28.

175 2753 210 2786 in
237 2751 346 2797 adn.)
371 2763 442 2785 non
463 2752 509 2785 ita
536 2758 649 2787 tamen
675 2754 709 2788 in
734 2755 884 2790 secunda
906 2756 949 2789 ad
976 2756 1192 2795 Corinthios,
1218 2754 1277 2789 ubi
1300 2754 1417 2799 Cyrilli
1444 2761 1559 2800 partes
1584 2755 1759 2788 vaticanae
1779 2754 1864 2788 nihil

175 2809 303 2843 habent
329 2810 464 2854 anglico
492 2809 582 2843 libro
609 2811 736 2846 simile:
762 2814 889 2847 etenim
915 2814 1067 2848 Crameri
1094 2814 1219 2852 codex,
1241 2813 1359 2858 Cyrilli
1379 2812 1422 2846 ad
1446 2813 1534 2846 hanc
1560 2812 1741 2859 epistolam
1768 2823 1866 2846 curas

177 2879 321 2913 prorsus
341 2867 572 2902 desiderabat.
602 2868 665 2902 Sed
685 2870 778 2905 enim
801 2871 836 2904 in
855 2871 1032 2917 prioribus
1055 2883 1195 2917 quoque
1219 2870 1312 2904 Pauli
1333 2870 1487 2917 epistolis
1507 2870 1613 2905 editio
1632 2882 1706 2904 mea
1727 2871 1806 2904 satis
1829 2871 1865 2903 in

1904 1552 1983 1577 Cyrllli
1995 1558 2075 1573 ι’(ιιιιῐιι,
2088 1555 2109 1575 iti

1905 1579 1942 1599 lv.
1960 1579 2022 1599 Pauli
2039 1586 2073 1605 cp.
