<?xml version="1.0" encoding="UTF-8"?>
<!DOCTYPE html PUBLIC "-//W3C//DTD XHTML 1.0 Transitional//EN"
    "http://www.w3.org/TR/xhtml1/DTD/xhtml1-transitional.dtd">
<html xmlns="http://www.w3.org/1999/xhtml" xml:lang="en" lang="en">
 <head>
  <title>
</title>
<meta http-equiv="Content-Type" content="text/html;charset=utf-8" />
  <meta name='ocr-system' content='tesseract 3.04.00' />
  <meta name='ocr-capabilities' content='ocr_page ocr_carea ocr_par ocr_line ocrx_word'/>
</head>
<body>
  <div class='ocr_page' id='page_1' title='image "./novaepatrumbibli03maiauoft/novaepatrumbibli03maiauoft_0624.png"; bbox 0 0 2205 3177; ppageno 0'>
   <div class='ocr_carea' id='block_1_1' title="bbox 207 858 374 931">
    <p class='ocr_par' dir='ltr' id='par_1_1' title="bbox 207 858 374 931">
     <span class='ocr_line' id='line_1_1' title="bbox 233 858 374 878; baseline -0.007 0"><span class='ocrx_word' id='word_1_1' title='bbox 233 859 260 878; x_wconf 50' lang='grc' dir='ltr'>1)ἱ</span> <span class='ocrx_word' id='word_1_2' title='bbox 286 858 339 878; x_wconf 86' lang='lat' dir='ltr'>l.lll.</span> <span class='ocrx_word' id='word_1_3' title='bbox 356 862 374 877; x_wconf 68' lang='lat' dir='ltr'>s.</span> 
     </span>
     <span class='ocr_line' id='line_1_2' title="bbox 207 910 372 931; baseline -0.006 0"><span class='ocrx_word' id='word_1_4' title='bbox 207 910 334 931; x_wconf 30' lang='lat' dir='ltr'>Pxxxvtt</span> <span class='ocrx_word' id='word_1_5' title='bbox 356 913 372 930; x_wconf 78' lang='lat'>7.</span> 
     </span>
    </p>
   </div>
   <div class='ocr_carea' id='block_1_2' title="bbox 415 191 1581 223">
    <p class='ocr_par' dir='ltr' id='par_1_2' title="bbox 415 191 1581 223">
     <span class='ocr_line' id='line_1_3' title="bbox 415 191 1581 223; baseline -0.003 0"><span class='ocrx_word' id='word_1_6' title='bbox 415 191 478 223; x_wconf 66' lang='lat' dir='ltr'>tls»</span> <span class='ocrx_word' id='word_1_7' title='bbox 918 199 945 221; x_wconf 91' lang='lat' dir='ltr'>s.</span> <span class='ocrx_word' id='word_1_8' title='bbox 975 199 1103 221; x_wconf 64' lang='lat' dir='ltr'>crium]</span> <span class='ocrx_word' id='word_1_9' title='bbox 1131 199 1349 221; x_wconf 62' lang='lat' dir='ltr'>Ari-:xfflmnxi</span> <span class='ocrx_word' id='word_1_10' title='bbox 1377 198 1581 221; x_wconf 62' lang='lat' dir='ltr'>nxrmixwrio</span> 
     </span>
    </p>
   </div>
   <div class='ocr_carea' id='block_1_3' title="bbox 410 261 2089 1054">
    <p class='ocr_par' dir='ltr' id='par_1_3' title="bbox 411 261 2085 423">
     <span class='ocr_line' id='line_1_4' title="bbox 411 261 2085 309; baseline 0 -12"><span class='ocrx_word' id='word_1_11' title='bbox 411 267 468 309; x_wconf 76' lang='lat' dir='ltr'>qui</span> <span class='ocrx_word' id='word_1_12' title='bbox 498 266 602 297; x_wconf 76' lang='lat' dir='ltr'>Deum</span> <span class='ocrx_word' id='word_1_13' title='bbox 631 264 798 307; x_wconf 66' lang='lat' dir='ltr'>diligunt.</span> <span class='ocrx_word' id='word_1_14' title='bbox 821 269 856 296; x_wconf 92' lang='lat' dir='ltr'>ut</span> <span class='ocrx_word' id='word_1_15' title='bbox 883 264 911 296; x_wconf 89' lang='lat' dir='ltr'>ei</span> <span class='ocrx_word' id='word_1_16' title='bbox 938 275 1070 296; x_wconf 88' lang='lat' dir='ltr'>morem</span> <span class='ocrx_word' id='word_1_17' title='bbox 1098 269 1234 306; x_wconf 69' lang='lat' dir='ltr'>gerant.</span> <span class='ocrx_word' id='word_1_18' title='bbox 1256 264 1395 307; x_wconf 82' lang='lat' dir='ltr'>eiusque</span> <span class='ocrx_word' id='word_1_19' title='bbox 1415 262 1554 296; x_wconf 88' lang='lat' dir='ltr'>nutibus</span> <span class='ocrx_word' id='word_1_20' title='bbox 1573 261 1824 299; x_wconf 74' lang='lat' dir='ltr'>obsecundent.</span> <span class='ocrx_word' id='word_1_21' title='bbox 1847 263 1977 308; x_wconf 78' lang='lat' dir='ltr'>ipsique</span> <span class='ocrx_word' id='word_1_22' title='bbox 2003 274 2085 297; x_wconf 85' lang='lat' dir='ltr'>con-</span> 
     </span>
     <span class='ocr_line' id='line_1_5' title="bbox 415 319 2084 365; baseline 0 -11"><span class='ocrx_word' id='word_1_23' title='bbox 415 322 539 356; x_wconf 84' lang='lat' dir='ltr'>tidant:</span> <span class='ocrx_word' id='word_1_24' title='bbox 561 320 693 364; x_wconf 80' lang='lat' dir='ltr'>sibique</span> <span class='ocrx_word' id='word_1_25' title='bbox 715 320 814 365; x_wconf 85' lang='lat' dir='ltr'>plane</span> <span class='ocrx_word' id='word_1_26' title='bbox 835 321 1078 365; x_wconf 76' lang='lat' dir='ltr'>persmnlcant.</span> <span class='ocrx_word' id='word_1_27' title='bbox 1101 321 1210 365; x_wconf 90' lang='lat' dir='ltr'>ipsum</span> <span class='ocrx_word' id='word_1_28' title='bbox 1231 321 1323 353; x_wconf 85' lang='lat' dir='ltr'>omni</span> <span class='ocrx_word' id='word_1_29' title='bbox 1344 321 1528 353; x_wconf 87' lang='lat' dir='ltr'>tentatione</span> <span class='ocrx_word' id='word_1_30' title='bbox 1548 319 1708 364; x_wconf 58' lang='lat' dir='ltr'>expedire</span> <span class='ocrx_word' id='word_1_31' title='bbox 1727 319 1853 358; x_wconf 78' lang='lat' dir='ltr'>solere,</span> <span class='ocrx_word' id='word_1_32' title='bbox 1875 326 1908 353; x_wconf 90' lang='lat' dir='ltr'>et</span> <span class='ocrx_word' id='word_1_33' title='bbox 1933 319 1996 353; x_wconf 82' lang='lat' dir='ltr'>sibi</span> <span class='ocrx_word' id='word_1_34' title='bbox 2017 320 2084 354; x_wconf 84' lang='lat' dir='ltr'>fre-</span> 
     </span>
     <span class='ocr_line' id='line_1_6' title="bbox 413 378 1352 423; baseline -0.002 -11"><span class='ocrx_word' id='word_1_35' title='bbox 413 386 464 412; x_wconf 82' lang='lat' dir='ltr'>tos</span> <span class='ocrx_word' id='word_1_36' title='bbox 492 378 588 411; x_wconf 77' lang='lat' dir='ltr'>tacile</span> <span class='ocrx_word' id='word_1_37' title='bbox 613 378 755 410; x_wconf 60' lang='lat' dir='ltr'>salvare.</span> <span class='ocrx_word' id='word_1_38' title='bbox 784 378 836 410; x_wconf 79' lang='lat' dir='ltr'>Sic</span> <span class='ocrx_word' id='word_1_39' title='bbox 861 389 943 423; x_wconf 77' lang='lat' dir='ltr'>crgo</span> <span class='ocrx_word' id='word_1_40' title='bbox 969 378 1138 411; x_wconf 87' lang='lat' dir='ltr'>canticum</span> <span class='ocrx_word' id='word_1_41' title='bbox 1163 378 1352 411; x_wconf 72' lang='lat' dir='ltr'>exorditur.</span> 
     </span>
    </p>

    <p class='ocr_par' dir='ltr' id='par_1_4' title="bbox 1023 443 1471 465">
     <span class='ocr_line' id='line_1_7' title="bbox 1023 443 1471 465; baseline 0 0"><span class='ocrx_word' id='word_1_42' title='bbox 1023 443 1169 465; x_wconf 68' lang='lat' dir='ltr'>Exultnte</span> <span class='ocrx_word' id='word_1_43' title='bbox 1187 443 1261 465; x_wconf 70' lang='lat' dir='ltr'>iusti</span> <span class='ocrx_word' id='word_1_44' title='bbox 1279 444 1312 465; x_wconf 79' lang='lat' dir='ltr'>in</span> <span class='ocrx_word' id='word_1_45' title='bbox 1331 443 1471 465; x_wconf 73' lang='lat' dir='ltr'>Domino.</span> 
     </span>
    </p>

    <p class='ocr_par' dir='ltr' id='par_1_5' title="bbox 410 491 2084 766">
     <span class='ocr_line' id='line_1_8' title="bbox 510 491 2082 538; baseline 0.001 -14"><span class='ocrx_word' id='word_1_46' title='bbox 510 493 597 535; x_wconf 66' lang='lat' dir='ltr'>Ergo</span> <span class='ocrx_word' id='word_1_47' title='bbox 625 498 737 525; x_wconf 90' lang='lat' dir='ltr'>mente</span> <span class='ocrx_word' id='word_1_48' title='bbox 764 493 797 524; x_wconf 92' lang='lat' dir='ltr'>in</span> <span class='ocrx_word' id='word_1_49' title='bbox 824 492 971 525; x_wconf 84' lang='lat' dir='ltr'>Domino</span> <span class='ocrx_word' id='word_1_50' title='bbox 997 492 1124 528; x_wconf 77' lang='lat' dir='ltr'>delixa.</span> <span class='ocrx_word' id='word_1_51' title='bbox 1146 499 1176 525; x_wconf 86' lang='lat' dir='ltr'>et</span> <span class='ocrx_word' id='word_1_52' title='bbox 1206 505 1269 538; x_wconf 87' lang='lat' dir='ltr'>pro</span> <span class='ocrx_word' id='word_1_53' title='bbox 1294 491 1424 526; x_wconf 65' lang='lat' dir='ltr'>xii-ilius</span> <span class='ocrx_word' id='word_1_54' title='bbox 1444 491 1611 525; x_wconf 87' lang='lat' dir='ltr'>mirabilia</span> <span class='ocrx_word' id='word_1_55' title='bbox 1635 493 1707 524; x_wconf 89' lang='lat' dir='ltr'>cius</span> <span class='ocrx_word' id='word_1_56' title='bbox 1732 492 2020 537; x_wconf 75' lang='lat' dir='ltr'>c‹niteniplante5‚</span> <span class='ocrx_word' id='word_1_57' title='bbox 2042 504 2082 526; x_wconf 77' lang='lat' dir='ltr'>ex</span> 
     </span>
     <span class='ocr_line' id='line_1_9' title="bbox 412 549 2083 595; baseline 0.001 -13"><span class='ocrx_word' id='word_1_58' title='bbox 412 550 472 583; x_wconf 87' lang='lat' dir='ltr'>hac</span> <span class='ocrx_word' id='word_1_59' title='bbox 500 550 570 594; x_wconf 82' lang='lat' dir='ltr'>ipsa</span> <span class='ocrx_word' id='word_1_60' title='bbox 597 549 870 583; x_wconf 82' lang='lat' dir='ltr'>consideratiom.=</span> <span class='ocrx_word' id='word_1_61' title='bbox 896 549 1058 584; x_wconf 74' lang='lat' dir='ltr'>cordibus</span> <span class='ocrx_word' id='word_1_62' title='bbox 1085 551 1209 583; x_wconf 69' lang='lat' dir='ltr'>nostris</span> <span class='ocrx_word' id='word_1_63' title='bbox 1238 551 1397 583; x_wconf 72' lang='lat' dir='ltr'>laetitiam</span> <span class='ocrx_word' id='word_1_64' title='bbox 1417 561 1666 595; x_wconf 87' lang='lat' dir='ltr'>comparemus.</span> <span class='ocrx_word' id='word_1_65' title='bbox 1695 549 1806 594; x_wconf 83' lang='lat' dir='ltr'>Atque</span> <span class='ocrx_word' id='word_1_66' title='bbox 1830 555 1864 583; x_wconf 89' lang='lat' dir='ltr'>ut</span> <span class='ocrx_word' id='word_1_67' title='bbox 1891 551 2083 583; x_wconf 72' lang='lat' dir='ltr'>summatim</span> 
     </span>
     <span class='ocr_line' id='line_1_10' title="bbox 410 607 2083 653; baseline 0.001 -14"><span class='ocrx_word' id='word_1_68' title='bbox 410 607 540 642; x_wconf 77' lang='lat' dir='ltr'>dicam.</span> <span class='ocrx_word' id='word_1_69' title='bbox 565 607 628 639; x_wconf 86' lang='lat' dir='ltr'>hoc</span> <span class='ocrx_word' id='word_1_70' title='bbox 654 613 702 640; x_wconf 84' lang='lat' dir='ltr'>est</span> <span class='ocrx_word' id='word_1_71' title='bbox 730 607 882 641; x_wconf 79' lang='lat' dir='ltr'>exultare</span> <span class='ocrx_word' id='word_1_72' title='bbox 910 609 1015 641; x_wconf 86' lang='lat' dir='ltr'>iustos</span> <span class='ocrx_word' id='word_1_73' title='bbox 1034 609 1066 641; x_wconf 89' lang='lat' dir='ltr'>in</span> <span class='ocrx_word' id='word_1_74' title='bbox 1087 609 1254 643; x_wconf 76' lang='lat' dir='ltr'>Domino,</span> <span class='ocrx_word' id='word_1_75' title='bbox 1276 619 1313 640; x_wconf 86' lang='lat' dir='ltr'>ea</span> <span class='ocrx_word' id='word_1_76' title='bbox 1341 608 1411 640; x_wconf 90' lang='lat' dir='ltr'>sola</span> <span class='ocrx_word' id='word_1_77' title='bbox 1438 608 1599 641; x_wconf 88' lang='lat' dir='ltr'>nimirum</span> <span class='ocrx_word' id='word_1_78' title='bbox 1621 607 1708 640; x_wconf 67' lang='lat' dir='ltr'>velle</span> <span class='ocrx_word' id='word_1_79' title='bbox 1733 618 1820 652; x_wconf 88' lang='lat' dir='ltr'>quae</span> <span class='ocrx_word' id='word_1_80' title='bbox 1846 608 1907 653; x_wconf 88' lang='lat' dir='ltr'>ipsi</span> <span class='ocrx_word' id='word_1_81' title='bbox 1934 607 2083 641; x_wconf 84' lang='lat' dir='ltr'>iucunda</span> 
     </span>
     <span class='ocr_line' id='line_1_11' title="bbox 412 655 2084 710; baseline 0.001 -13"><span class='ocrx_word' id='word_1_82' title='bbox 412 671 487 697; x_wconf 78' lang='lat' dir='ltr'>sunt</span> <span class='ocrx_word' id='word_1_83' title='bbox 517 671 547 697; x_wconf 83' lang='lat' dir='ltr'>ct</span> <span class='ocrx_word' id='word_1_84' title='bbox 576 671 688 708; x_wconf 52' lang='lat' dir='ltr'>gratim</span> <span class='ocrx_word' id='word_1_85' title='bbox 714 671 745 698; x_wconf 89' lang='lat' dir='ltr'>et</span> <span class='ocrx_word' id='word_1_86' title='bbox 774 664 899 698; x_wconf 84' lang='lat' dir='ltr'>bonam</span> <span class='ocrx_word' id='word_1_87' title='bbox 925 665 1063 709; x_wconf 81' lang='lat' dir='ltr'>quidem</span> <span class='ocrx_word' id='word_1_88' title='bbox 1091 665 1305 709; x_wconf 70' lang='lat' dir='ltr'>disciplinam</span> <span class='ocrx_word' id='word_1_89' title='bbox 1332 670 1512 710; x_wconf 79' lang='lat' dir='ltr'>appetere.</span> <span class='ocrx_word' id='word_1_90' title='bbox 1535 677 1551 698; x_wconf 91' lang='lat' dir='ltr'>a</span> <span class='ocrx_word' id='word_1_91' title='bbox 1578 655 1760 698; x_wconf 79' lang='lat' dir='ltr'>mundanis</span> <span class='ocrx_word' id='word_1_92' title='bbox 1785 671 1896 698; x_wconf 88' lang='lat' dir='ltr'>autem</span> <span class='ocrx_word' id='word_1_93' title='bbox 1925 664 2084 699; x_wconf 82' lang='lat' dir='ltr'>recedere</span> 
     </span>
     <span class='ocr_line' id='line_1_12' title="bbox 415 720 1140 766; baseline 0 -12"><span class='ocrx_word' id='word_1_94' title='bbox 415 720 658 766; x_wconf 85' lang='lat' dir='ltr'>cupiditatibus</span> <span class='ocrx_word' id='word_1_95' title='bbox 683 728 713 754; x_wconf 88' lang='lat' dir='ltr'>et</span> <span class='ocrx_word' id='word_1_96' title='bbox 743 722 842 754; x_wconf 80' lang='lat' dir='ltr'>liuins</span> <span class='ocrx_word' id='word_1_97' title='bbox 868 723 955 755; x_wconf 61' lang='lat' dir='ltr'>witae</span> <span class='ocrx_word' id='word_1_98' title='bbox 981 722 1140 755; x_wconf 66' lang='lat' dir='ltr'>colluvio.</span> 
     </span>
    </p>

    <p class='ocr_par' dir='ltr' id='par_1_6' title="bbox 641 787 1858 815">
     <span class='ocr_line' id='line_1_13' title="bbox 641 787 1858 815; baseline 0 -5"><span class='ocrx_word' id='word_1_99' title='bbox 641 788 839 810; x_wconf 65' lang='lat' dir='ltr'>sonfltemini</span> <span class='ocrx_word' id='word_1_100' title='bbox 858 788 991 810; x_wconf 73' lang='lat' dir='ltr'>nomino</span> <span class='ocrx_word' id='word_1_101' title='bbox 1008 788 1148 815; x_wconf 70' lang='lat' dir='ltr'>eithara,</span> <span class='ocrx_word' id='word_1_102' title='bbox 1165 787 1315 814; x_wconf 73' lang='lat' dir='ltr'>psalten-io</span> <span class='ocrx_word' id='word_1_103' title='bbox 1332 788 1433 810; x_wconf 76' lang='lat' dir='ltr'>decem</span> <span class='ocrx_word' id='word_1_104' title='bbox 1449 788 1636 810; x_wconf 75' lang='lat' dir='ltr'>chon-«tarum</span> <span class='ocrx_word' id='word_1_105' title='bbox 1654 787 1780 815; x_wconf 71' lang='lat' dir='ltr'>psallite</span> <span class='ocrx_word' id='word_1_106' title='bbox 1796 787 1858 810; x_wconf 75' lang='lat' dir='ltr'>int.</span> 
     </span>
    </p>

    <p class='ocr_par' dir='ltr' id='par_1_7' title="bbox 412 837 2089 1054">
     <span class='ocr_line' id='line_1_14' title="bbox 513 837 2087 883; baseline 0.001 -13"><span class='ocrx_word' id='word_1_107' title='bbox 513 839 548 871; x_wconf 90' lang='lat' dir='ltr'>ln</span> <span class='ocrx_word' id='word_1_108' title='bbox 575 838 648 870; x_wconf 81' lang='lat' dir='ltr'>aliis</span> <span class='ocrx_word' id='word_1_109' title='bbox 667 837 828 871; x_wconf 72' lang='lat' dir='ltr'>scribitur</span> <span class='ocrx_word' id='word_1_110' title='bbox 855 838 1012 883; x_wconf 80' lang='lat' dir='ltr'>psalmis.</span> <span class='ocrx_word' id='word_1_111' title='bbox 1037 838 1141 870; x_wconf 89' lang='lat' dir='ltr'>modo</span> <span class='ocrx_word' id='word_1_112' title='bbox 1160 837 1298 882; x_wconf 86' lang='lat' dir='ltr'>quidem</span> <span class='ocrx_word' id='word_1_113' title='bbox 1325 838 1518 871; x_wconf 63' lang='lat' dir='ltr'>voluntarie</span> <span class='ocrx_word' id='word_1_114' title='bbox 1543 837 1740 871; x_wconf 73' lang='lat' dir='ltr'>sacrificabo</span> <span class='ocrx_word' id='word_1_115' title='bbox 1764 837 1823 871; x_wconf 91' lang='lat' dir='ltr'>tibi</span> <span class='ocrx_word' id='word_1_116' title='bbox 1846 838 1874 876; x_wconf 83' lang='lat'>&#39;;</span> <span class='ocrx_word' id='word_1_117' title='bbox 1895 837 2001 871; x_wconf 86' lang='lat' dir='ltr'>modo</span> <span class='ocrx_word' id='word_1_118' title='bbox 2027 850 2087 872; x_wconf 91' lang='lat' dir='ltr'>au-</span> 
     </span>
     <span class='ocr_line' id='line_1_15' title="bbox 416 894 2088 940; baseline 0 -12"><span class='ocrx_word' id='word_1_119' title='bbox 416 902 482 928; x_wconf 82' lang='lat' dir='ltr'>tem</span> <span class='ocrx_word' id='word_1_120' title='bbox 502 906 542 928; x_wconf 85' lang='lat' dir='ltr'>ex</span> <span class='ocrx_word' id='word_1_121' title='bbox 564 895 738 928; x_wconf 70' lang='lat' dir='ltr'>xoluntate</span> <span class='ocrx_word' id='word_1_122' title='bbox 758 907 831 928; x_wconf 84' lang='lat' dir='ltr'>mea</span> <span class='ocrx_word' id='word_1_123' title='bbox 852 895 1045 929; x_wconf 88' lang='lat' dir='ltr'>conlitebor</span> <span class='ocrx_word' id='word_1_124' title='bbox 1064 895 1113 928; x_wconf 92' lang='lat' dir='ltr'>illi</span> <span class='ocrx_word' id='word_1_125' title='bbox 1129 896 1156 928; x_wconf 81' lang='lat' dir='ltr'>&#39;z</span> <span class='ocrx_word' id='word_1_126' title='bbox 1173 895 1264 929; x_wconf 89' lang='lat' dir='ltr'>unde</span> <span class='ocrx_word' id='word_1_127' title='bbox 1283 894 1492 940; x_wconf 82' lang='lat' dir='ltr'>significatur</span> <span class='ocrx_word' id='word_1_128' title='bbox 1512 906 1581 929; x_wconf 90' lang='lat' dir='ltr'>non</span> <span class='ocrx_word' id='word_1_129' title='bbox 1600 907 1670 929; x_wconf 85' lang='lat' dir='ltr'>esse</span> <span class='ocrx_word' id='word_1_130' title='bbox 1688 896 1790 928; x_wconf 74' lang='lat' dir='ltr'>invite</span> <span class='ocrx_word' id='word_1_131' title='bbox 1808 906 1918 940; x_wconf 79' lang='lat' dir='ltr'>neque</span> <span class='ocrx_word' id='word_1_132' title='bbox 1938 905 2015 928; x_wconf 86' lang='lat' dir='ltr'>cum</span> <span class='ocrx_word' id='word_1_133' title='bbox 2034 895 2088 928; x_wconf 86' lang='lat' dir='ltr'>tri—</span> 
     </span>
     <span class='ocr_line' id='line_1_16' title="bbox 412 951 2088 997; baseline 0.001 -13"><span class='ocrx_word' id='word_1_134' title='bbox 412 953 499 985; x_wconf 86' lang='lat' dir='ltr'>stitia</span> <span class='ocrx_word' id='word_1_135' title='bbox 521 958 550 984; x_wconf 88' lang='lat' dir='ltr'>et</span> <span class='ocrx_word' id='word_1_136' title='bbox 574 953 714 996; x_wconf 73' lang='lat' dir='ltr'>segnitie</span> <span class='ocrx_word' id='word_1_137' title='bbox 735 964 850 997; x_wconf 69' lang='lat' dir='ltr'>preces</span> <span class='ocrx_word' id='word_1_138' title='bbox 872 952 1060 990; x_wconf 77' lang='lat' dir='ltr'>faciendas,</span> <span class='ocrx_word' id='word_1_139' title='bbox 1079 952 1136 987; x_wconf 78' lang='lat' dir='ltr'>sed</span> <span class='ocrx_word' id='word_1_140' title='bbox 1153 951 1243 985; x_wconf 84' lang='lat' dir='ltr'>hona</span> <span class='ocrx_word' id='word_1_141' title='bbox 1262 964 1339 985; x_wconf 87' lang='lat' dir='ltr'>cum</span> <span class='ocrx_word' id='word_1_142' title='bbox 1357 958 1470 985; x_wconf 85' lang='lat' dir='ltr'>mente</span> <span class='ocrx_word' id='word_1_143' title='bbox 1489 958 1519 985; x_wconf 91' lang='lat' dir='ltr'>et</span> <span class='ocrx_word' id='word_1_144' title='bbox 1541 951 1638 985; x_wconf 90' lang='lat' dir='ltr'>hilari</span> <span class='ocrx_word' id='word_1_145' title='bbox 1659 953 1785 986; x_wconf 87' lang='lat' dir='ltr'>animo.</span> <span class='ocrx_word' id='word_1_146' title='bbox 1805 951 1841 984; x_wconf 87' lang='lat' dir='ltr'>ld</span> <span class='ocrx_word' id='word_1_147' title='bbox 1860 951 1935 985; x_wconf 84' lang='lat' dir='ltr'>heic</span> <span class='ocrx_word' id='word_1_148' title='bbox 1949 963 2088 997; x_wconf 87' lang='lat' dir='ltr'>quoque</span> 
     </span>
     <span class='ocr_line' id='line_1_17' title="bbox 412 1007 2089 1054; baseline -0.001 -13"><span class='ocrx_word' id='word_1_149' title='bbox 412 1009 639 1042; x_wconf 79' lang='lat' dir='ltr'>demonstrari</span> <span class='ocrx_word' id='word_1_150' title='bbox 660 1009 821 1045; x_wconf 48' lang='lat' dir='ltr'>dicimus,</span> <span class='ocrx_word' id='word_1_151' title='bbox 846 1009 929 1041; x_wconf 84' lang='lat' dir='ltr'>sacta</span> <span class='ocrx_word' id='word_1_152' title='bbox 948 1009 1053 1042; x_wconf 55' lang='lat' dir='ltr'>x‘elnti</span> <span class='ocrx_word' id='word_1_153' title='bbox 1081 1009 1226 1054; x_wconf 80' lang='lat' dir='ltr'>exempli</span> <span class='ocrx_word' id='word_1_154' title='bbox 1255 1020 1353 1042; x_wconf 85' lang='lat' dir='ltr'>causa</span> <span class='ocrx_word' id='word_1_155' title='bbox 1373 1009 1545 1042; x_wconf 77' lang='lat' dir='ltr'>mentione</span> <span class='ocrx_word' id='word_1_156' title='bbox 1563 1020 1702 1047; x_wconf 87' lang='lat' dir='ltr'>eorum,</span> <span class='ocrx_word' id='word_1_157' title='bbox 1724 1009 1781 1054; x_wconf 86' lang='lat' dir='ltr'>qui</span> <span class='ocrx_word' id='word_1_158' title='bbox 1801 1009 1927 1042; x_wconf 88' lang='lat' dir='ltr'>cithara</span> <span class='ocrx_word' id='word_1_159' title='bbox 1947 1014 1978 1042; x_wconf 89' lang='lat' dir='ltr'>et</span> <span class='ocrx_word' id='word_1_160' title='bbox 1999 1007 2089 1053; x_wconf 88' lang='lat' dir='ltr'>psal-</span> 
     </span>
    </p>
   </div>
   <div class='ocr_carea' id='block_1_4' title="bbox 416 1064 2087 1111">
    <p class='ocr_par' dir='ltr' id='par_1_8' title="bbox 352 1064 2087 1111">
     <span class='ocr_line' id='line_1_18' title="bbox 416 1064 2087 1111; baseline 0.001 -13.963"><span class='ocrx_word' id='word_1_161' title='bbox 416 1067 501 1098; x_wconf 87' lang='lat' dir='ltr'>terio</span> <span class='ocrx_word' id='word_1_162' title='bbox 523 1066 568 1098; x_wconf 90' lang='lat' dir='ltr'>uti</span> <span class='ocrx_word' id='word_1_163' title='bbox 590 1065 711 1098; x_wconf 83' lang='lat' dir='ltr'>solent.</span> <span class='ocrx_word' id='word_1_164' title='bbox 743 1067 860 1110; x_wconf 75' lang='lat' dir='ltr'>Neque</span> <span class='ocrx_word' id='word_1_165' title='bbox 879 1066 969 1099; x_wconf 86' lang='lat' dir='ltr'>enim</span> <span class='ocrx_word' id='word_1_166' title='bbox 992 1066 1194 1103; x_wconf 81' lang='lat' dir='ltr'>melodiam,</span> <span class='ocrx_word' id='word_1_167' title='bbox 1217 1078 1304 1111; x_wconf 80' lang='lat' dir='ltr'>quae</span> <span class='ocrx_word' id='word_1_168' title='bbox 1324 1066 1423 1111; x_wconf 87' lang='lat' dir='ltr'>pulsu</span> <span class='ocrx_word' id='word_1_169' title='bbox 1443 1066 1651 1099; x_wconf 87' lang='lat' dir='ltr'>chordarum</span> <span class='ocrx_word' id='word_1_170' title='bbox 1670 1065 1726 1103; x_wconf 75' lang='lat' dir='ltr'>fit,</span> <span class='ocrx_word' id='word_1_171' title='bbox 1749 1066 1893 1111; x_wconf 86' lang='lat' dir='ltr'>imperat</span> <span class='ocrx_word' id='word_1_172' title='bbox 1911 1066 2000 1098; x_wconf 90' lang='lat' dir='ltr'>Deus</span> <span class='ocrx_word' id='word_1_173' title='bbox 2022 1064 2087 1109; x_wconf 79' lang='lat' dir='ltr'>(l);</span> 
     </span>
    </p>
   </div>
   <div class='ocr_carea' id='block_1_5' title="bbox 194 1582 378 1618">
    <p class='ocr_par' dir='ltr' id='par_1_9' title="bbox 194 1582 378 1618">
     <span class='ocr_line' id='line_1_19' title="bbox 194 1582 378 1618; baseline -0.005 -15"><span class='ocrx_word' id='word_1_174' title='bbox 194 1586 199 1591; x_wconf 87' lang='lat'>&#39;</span> <span class='ocrx_word' id='word_1_175' title='bbox 213 1583 251 1618; x_wconf 62' lang='lat' dir='ltr'>yl&#39;s.</span> <span class='ocrx_word' id='word_1_176' title='bbox 269 1582 343 1603; x_wconf 73' lang='lat' dir='ltr'>XLIX.</span> <span class='ocrx_word' id='word_1_177' title='bbox 360 1586 378 1602; x_wconf 68' lang='grc'>9,</span> 
     </span>
    </p>
   </div>
   <div class='ocr_carea' id='block_1_6' title="bbox 330 2402 383 2419">
    <p class='ocr_par' dir='ltr' id='par_1_10' title="bbox 330 2402 383 2419">
     <span class='ocr_line' id='line_1_20' title="bbox 330 2402 383 2419; baseline 0.019 -1"><span class='ocrx_word' id='word_1_178' title='bbox 330 2405 349 2419; x_wconf 64' lang='grc' dir='ltr'>γ.</span> <span class='ocrx_word' id='word_1_179' title='bbox 366 2402 383 2419; x_wconf 73' lang='lat'>7.</span> 
     </span>
    </p>
   </div>
   <div class='ocr_carea' id='block_1_7' title="bbox 212 2452 387 2473">
    <p class='ocr_par' dir='ltr' id='par_1_11' title="bbox 212 2452 387 2473">
     <span class='ocr_line' id='line_1_21' title="bbox 212 2452 387 2473; baseline 0 0"><span class='ocrx_word' id='word_1_180' title='bbox 212 2452 258 2473; x_wconf 61' lang='lat' dir='ltr'>loli.</span> <span class='ocrx_word' id='word_1_181' title='bbox 266 2452 387 2473; x_wconf 54' lang='lat' dir='ltr'>xxxvnt.</span> 
     </span>
    </p>
   </div>
   <div class='ocr_carea' id='block_1_8' title="bbox 212 2566 389 2586">
    <p class='ocr_par' dir='ltr' id='par_1_12' title="bbox 212 2566 389 2586">
     <span class='ocr_line' id='line_1_22' title="bbox 212 2566 389 2586; baseline 0 0"><span class='ocrx_word' id='word_1_182' title='bbox 212 2570 218 2574; x_wconf 88' lang='lat'>&#39;</span> <span class='ocrx_word' id='word_1_183' title='bbox 237 2567 297 2586; x_wconf 59' lang='lat' dir='ltr'>Hirr.</span> <span class='ocrx_word' id='word_1_184' title='bbox 316 2566 341 2585; x_wconf 66' lang='lat' dir='ltr'>V,</span> <span class='ocrx_word' id='word_1_185' title='bbox 358 2569 389 2586; x_wconf 76' lang='lat'>22.</span> 
     </span>
    </p>
   </div>
   <div class='ocr_carea' id='block_1_9' title="bbox 253 2624 389 2650">
    <p class='ocr_par' dir='ltr' id='par_1_13' title="bbox 253 2624 389 2650">
     <span class='ocr_line' id='line_1_23' title="bbox 253 2624 389 2650; baseline 0.007 -7"><span class='ocrx_word' id='word_1_186' title='bbox 253 2624 290 2643; x_wconf 79' lang='lat' dir='ltr'>Gr.</span> <span class='ocrx_word' id='word_1_187' title='bbox 305 2630 327 2650; x_wconf 56' lang='lat' dir='ltr'>p.</span> <span class='ocrx_word' id='word_1_188' title='bbox 344 2626 389 2644; x_wconf 73' lang='lat'>231.</span> 
     </span>
    </p>
   </div>
   <div class='ocr_carea' id='block_1_10' title="bbox 416 1122 2095 1570">
    <p class='ocr_par' dir='ltr' id='par_1_14' title="bbox 416 1122 2095 1570">
     <span class='ocr_line' id='line_1_24' title="bbox 417 1122 2088 1169; baseline 0.001 -14"><span class='ocrx_word' id='word_1_189' title='bbox 417 1135 526 1167; x_wconf 85' lang='lat' dir='ltr'>neque</span> <span class='ocrx_word' id='word_1_190' title='bbox 556 1123 726 1156; x_wconf 86' lang='lat' dir='ltr'>mundana</span> <span class='ocrx_word' id='word_1_191' title='bbox 755 1123 940 1168; x_wconf 83' lang='lat' dir='ltr'>crepundia</span> <span class='ocrx_word' id='word_1_192' title='bbox 969 1125 1135 1168; x_wconf 69' lang='lat' dir='ltr'>attingere</span> <span class='ocrx_word' id='word_1_193' title='bbox 1162 1124 1301 1157; x_wconf 85' lang='lat' dir='ltr'>mandat</span> <span class='ocrx_word' id='word_1_194' title='bbox 1326 1125 1373 1157; x_wconf 86' lang='lat' dir='ltr'>eis</span> <span class='ocrx_word' id='word_1_195' title='bbox 1399 1125 1456 1169; x_wconf 83' lang='lat' dir='ltr'>qui</span> <span class='ocrx_word' id='word_1_196' title='bbox 1482 1125 1605 1157; x_wconf 86' lang='lat' dir='ltr'>mentis</span> <span class='ocrx_word' id='word_1_197' title='bbox 1631 1123 1824 1157; x_wconf 82' lang='lat' dir='ltr'>rectitudini</span> <span class='ocrx_word' id='word_1_198' title='bbox 1852 1123 2008 1160; x_wconf 80' lang='lat' dir='ltr'>student:</span> <span class='ocrx_word' id='word_1_199' title='bbox 2029 1122 2088 1156; x_wconf 87' lang='lat' dir='ltr'>sed</span> 
     </span>
     <span class='ocr_line' id='line_1_25' title="bbox 416 1180 2090 1227; baseline 0 -15"><span class='ocrx_word' id='word_1_200' title='bbox 416 1192 492 1213; x_wconf 88' lang='lat' dir='ltr'>cum</span> <span class='ocrx_word' id='word_1_201' title='bbox 512 1180 613 1224; x_wconf 71' lang='lat' dir='ltr'>digna</span> <span class='ocrx_word' id='word_1_202' title='bbox 634 1181 756 1213; x_wconf 78' lang='lat' dir='ltr'>sanctis</span> <span class='ocrx_word' id='word_1_203' title='bbox 775 1181 900 1214; x_wconf 86' lang='lat' dir='ltr'>laetitia</span> <span class='ocrx_word' id='word_1_204' title='bbox 922 1180 1087 1213; x_wconf 82' lang='lat' dir='ltr'>celebrari</span> <span class='ocrx_word' id='word_1_205' title='bbox 1108 1192 1143 1214; x_wconf 88' lang='lat' dir='ltr'>se</span> <span class='ocrx_word' id='word_1_206' title='bbox 1163 1180 1323 1214; x_wconf 81' lang='lat' dir='ltr'>laudibus</span> <span class='ocrx_word' id='word_1_207' title='bbox 1341 1180 1447 1214; x_wconf 90' lang='lat' dir='ltr'>iubet.</span> <span class='ocrx_word' id='word_1_208' title='bbox 1471 1182 1619 1227; x_wconf 78' lang='lat' dir='ltr'>Apparet</span> <span class='ocrx_word' id='word_1_209' title='bbox 1641 1187 1770 1218; x_wconf 69' lang='lat' dir='ltr'>autem,</span> <span class='ocrx_word' id='word_1_210' title='bbox 1794 1180 2004 1226; x_wconf 77' lang='lat' dir='ltr'>psalmistam</span> <span class='ocrx_word' id='word_1_211' title='bbox 2022 1180 2090 1224; x_wconf 86' lang='lat' dir='ltr'>pri-</span> 
     </span>
     <span class='ocr_line' id='line_1_26' title="bbox 416 1237 2092 1283; baseline 0.001 -14"><span class='ocrx_word' id='word_1_212' title='bbox 416 1239 480 1270; x_wconf 91' lang='lat' dir='ltr'>scis</span> <span class='ocrx_word' id='word_1_213' title='bbox 500 1250 534 1269; x_wconf 74' lang='lat' dir='ltr'>se</span> <span class='ocrx_word' id='word_1_214' title='bbox 554 1237 709 1270; x_wconf 85' lang='lat' dir='ltr'>moribus</span> <span class='ocrx_word' id='word_1_215' title='bbox 729 1237 1066 1275; x_wconf 85' lang='lat' dir='ltr'>accommodantem,</span> <span class='ocrx_word' id='word_1_216' title='bbox 1089 1249 1298 1282; x_wconf 66' lang='lat' dir='ltr'>organorum</span> <span class='ocrx_word' id='word_1_217' title='bbox 1320 1239 1527 1272; x_wconf 87' lang='lat' dir='ltr'>mentionem</span> <span class='ocrx_word' id='word_1_218' title='bbox 1549 1238 1677 1272; x_wconf 85' lang='lat' dir='ltr'>fecisse.</span> <span class='ocrx_word' id='word_1_219' title='bbox 1706 1239 1872 1272; x_wconf 80' lang='lat' dir='ltr'>Usitatum</span> <span class='ocrx_word' id='word_1_220' title='bbox 1890 1238 2018 1283; x_wconf 85' lang='lat' dir='ltr'>quippe</span> <span class='ocrx_word' id='word_1_221' title='bbox 2037 1238 2092 1271; x_wconf 86' lang='lat' dir='ltr'>lu—</span> 
     </span>
     <span class='ocr_line' id='line_1_27' title="bbox 417 1294 2092 1340; baseline 0.001 -13"><span class='ocrx_word' id='word_1_222' title='bbox 417 1294 509 1328; x_wconf 86' lang='lat' dir='ltr'>daeis</span> <span class='ocrx_word' id='word_1_223' title='bbox 529 1296 588 1328; x_wconf 85' lang='lat' dir='ltr'>l&#39;uit</span> <span class='ocrx_word' id='word_1_224' title='bbox 610 1301 640 1328; x_wconf 83' lang='lat' dir='ltr'>ct</span> <span class='ocrx_word' id='word_1_225' title='bbox 663 1295 773 1339; x_wconf 65' lang='lat' dir='ltr'>lyram</span> <span class='ocrx_word' id='word_1_226' title='bbox 795 1296 946 1340; x_wconf 74' lang='lat' dir='ltr'>pulsare.</span> <span class='ocrx_word' id='word_1_227' title='bbox 969 1302 999 1328; x_wconf 90' lang='lat' dir='ltr'>et</span> <span class='ocrx_word' id='word_1_228' title='bbox 1021 1295 1187 1340; x_wconf 70' lang='lat' dir='ltr'>cymbalis</span> <span class='ocrx_word' id='word_1_229' title='bbox 1214 1302 1314 1340; x_wconf 80' lang='lat' dir='ltr'>atque</span> <span class='ocrx_word' id='word_1_230' title='bbox 1340 1295 1462 1328; x_wconf 80' lang='lat' dir='ltr'>nabliis</span> <span class='ocrx_word' id='word_1_231' title='bbox 1482 1295 1623 1340; x_wconf 84' lang='lat' dir='ltr'>aliisque</span> <span class='ocrx_word' id='word_1_232' title='bbox 1642 1294 1839 1329; x_wconf 87' lang='lat' dir='ltr'>huiusmodi</span> <span class='ocrx_word' id='word_1_233' title='bbox 1858 1296 2092 1329; x_wconf 86' lang='lat' dir='ltr'>instrumentis</span> 
     </span>
     <span class='ocr_line' id='line_1_28' title="bbox 418 1351 2093 1398; baseline -0.001 -13"><span class='ocrx_word' id='word_1_234' title='bbox 418 1353 483 1388; x_wconf 82' lang='lat' dir='ltr'>uti.</span> <span class='ocrx_word' id='word_1_235' title='bbox 507 1353 721 1397; x_wconf 67' lang='lat' dir='ltr'>hymnosque</span> <span class='ocrx_word' id='word_1_236' title='bbox 740 1353 773 1385; x_wconf 90' lang='lat' dir='ltr'>in</span> <span class='ocrx_word' id='word_1_237' title='bbox 795 1354 947 1398; x_wconf 85' lang='lat' dir='ltr'>ipsorum</span> <span class='ocrx_word' id='word_1_238' title='bbox 974 1353 1104 1398; x_wconf 87' lang='lat' dir='ltr'>templo</span> <span class='ocrx_word' id='word_1_239' title='bbox 1124 1354 1316 1386; x_wconf 78' lang='lat' dir='ltr'>concinere.</span> <span class='ocrx_word' id='word_1_240' title='bbox 1338 1353 1422 1386; x_wconf 80' lang='lat' dir='ltr'>Vide</span> <span class='ocrx_word' id='word_1_241' title='bbox 1446 1363 1553 1398; x_wconf 85' lang='lat' dir='ltr'>porro</span> <span class='ocrx_word' id='word_1_242' title='bbox 1578 1353 1642 1389; x_wconf 80' lang='lat' dir='ltr'>sis.</span> <span class='ocrx_word' id='word_1_243' title='bbox 1663 1352 1842 1398; x_wconf 87' lang='lat' dir='ltr'>quomodo</span> <span class='ocrx_word' id='word_1_244' title='bbox 1861 1351 1966 1386; x_wconf 90' lang='lat' dir='ltr'>boum</span> <span class='ocrx_word' id='word_1_245' title='bbox 1990 1352 2093 1385; x_wconf 87' lang='lat' dir='ltr'>sacri-</span> 
     </span>
     <span class='ocr_line' id='line_1_29' title="bbox 419 1408 2090 1455; baseline 0.001 -14"><span class='ocrx_word' id='word_1_246' title='bbox 419 1408 533 1441; x_wconf 85' lang='lat' dir='ltr'>ticium</span> <span class='ocrx_word' id='word_1_247' title='bbox 561 1410 702 1447; x_wconf 81' lang='lat' dir='ltr'>sanctis,</span> <span class='ocrx_word' id='word_1_248' title='bbox 724 1410 757 1442; x_wconf 91' lang='lat' dir='ltr'>id</span> <span class='ocrx_word' id='word_1_249' title='bbox 777 1416 823 1443; x_wconf 78' lang='lat' dir='ltr'>est</span> <span class='ocrx_word' id='word_1_250' title='bbox 846 1411 947 1443; x_wconf 83' lang='lat' dir='ltr'>rectis</span> <span class='ocrx_word' id='word_1_251' title='bbox 966 1421 1034 1443; x_wconf 90' lang='lat' dir='ltr'>non</span> <span class='ocrx_word' id='word_1_252' title='bbox 1055 1411 1218 1455; x_wconf 69' lang='lat' dir='ltr'>imperat.</span> <span class='ocrx_word' id='word_1_253' title='bbox 1240 1422 1367 1454; x_wconf 70' lang='lat' dir='ltr'>neque,</span> <span class='ocrx_word' id='word_1_254' title='bbox 1390 1410 1467 1443; x_wconf 82' lang='lat' dir='ltr'>thus</span> <span class='ocrx_word' id='word_1_255' title='bbox 1485 1410 1685 1446; x_wconf 85' lang='lat' dir='ltr'>incendere.</span> <span class='ocrx_word' id='word_1_256' title='bbox 1707 1409 1766 1443; x_wconf 88' lang='lat' dir='ltr'>sed</span> <span class='ocrx_word' id='word_1_257' title='bbox 1785 1410 1933 1454; x_wconf 70' lang='lat' dir='ltr'>hymnos</span> <span class='ocrx_word' id='word_1_258' title='bbox 1959 1410 2090 1455; x_wconf 80' lang='lat' dir='ltr'>potius,</span> 
     </span>
     <span class='ocr_line' id='line_1_30' title="bbox 419 1466 2092 1513; baseline -0.001 -14"><span class='ocrx_word' id='word_1_259' title='bbox 419 1472 450 1499; x_wconf 90' lang='lat' dir='ltr'>et</span> <span class='ocrx_word' id='word_1_260' title='bbox 484 1467 658 1500; x_wconf 84' lang='lat' dir='ltr'>incruenta</span> <span class='ocrx_word' id='word_1_261' title='bbox 689 1466 853 1500; x_wconf 74' lang='lat' dir='ltr'>sacrificia</span> <span class='ocrx_word' id='word_1_262' title='bbox 884 1467 1008 1500; x_wconf 85' lang='lat' dir='ltr'>offerre</span> <span class='ocrx_word' id='word_1_263' title='bbox 1026 1493 1033 1501; x_wconf 83' lang='grc'>,</span> <span class='ocrx_word' id='word_1_264' title='bbox 1061 1479 1149 1512; x_wconf 87' lang='lat' dir='ltr'>quae</span> <span class='ocrx_word' id='word_1_265' title='bbox 1179 1467 1379 1500; x_wconf 83' lang='lat' dir='ltr'>christianae</span> <span class='ocrx_word' id='word_1_266' title='bbox 1409 1468 1498 1501; x_wconf 85' lang='lat' dir='ltr'>vitae</span> <span class='ocrx_word' id='word_1_267' title='bbox 1529 1473 1653 1500; x_wconf 83' lang='lat' dir='ltr'>tessera</span> <span class='ocrx_word' id='word_1_268' title='bbox 1683 1473 1745 1500; x_wconf 89' lang='lat' dir='ltr'>est.</span> <span class='ocrx_word' id='word_1_269' title='bbox 1778 1467 1974 1513; x_wconf 87' lang='lat' dir='ltr'>Repudians</span> <span class='ocrx_word' id='word_1_270' title='bbox 2002 1466 2092 1499; x_wconf 87' lang='lat' dir='ltr'>enim</span> 
     </span>
     <span class='ocr_line' id='line_1_31' title="bbox 417 1524 2095 1570; baseline 0.001 -14"><span class='ocrx_word' id='word_1_271' title='bbox 417 1530 573 1557; x_wconf 86' lang='lat' dir='ltr'>cruentas</span> <span class='ocrx_word' id='word_1_272' title='bbox 600 1525 770 1559; x_wconf 59' lang='lat' dir='ltr'>victimas.</span> <span class='ocrx_word' id='word_1_273' title='bbox 792 1525 955 1569; x_wconf 84' lang='lat' dir='ltr'>qnoniam</span> <span class='ocrx_word' id='word_1_274' title='bbox 982 1525 1064 1557; x_wconf 75' lang='lat' dir='ltr'>dixit</span> <span class='ocrx_word' id='word_1_275' title='bbox 1094 1524 1252 1558; x_wconf 87' lang='lat' dir='ltr'>lsraheli:</span> <span class='ocrx_word' id='word_1_276' title='bbox 1275 1536 1343 1558; x_wconf 88' lang='lat' dir='ltr'>non</span> <span class='ocrx_word' id='word_1_277' title='bbox 1371 1526 1532 1570; x_wconf 78' lang='lat' dir='ltr'>accipiam</span> <span class='ocrx_word' id='word_1_278' title='bbox 1551 1525 1594 1558; x_wconf 94' lang='lat' dir='ltr'>de</span> <span class='ocrx_word' id='word_1_279' title='bbox 1613 1525 1718 1558; x_wconf 87' lang='lat' dir='ltr'>domo</span> <span class='ocrx_word' id='word_1_280' title='bbox 1738 1531 1849 1558; x_wconf 59' lang='lat' dir='ltr'>x‘estra</span> <span class='ocrx_word' id='word_1_281' title='bbox 1869 1524 2013 1562; x_wconf 75' lang='lat' dir='ltr'>vitulos,</span> <span class='ocrx_word' id='word_1_282' title='bbox 2034 1535 2095 1557; x_wconf 85' lang='lat' dir='ltr'>ne·-</span> 
     </span>
    </p>
   </div>
   <div class='ocr_carea' id='block_1_11' title="bbox 417 1580 2094 1672">
    <p class='ocr_par' dir='ltr' id='par_1_15' title="bbox 417 1580 2094 1672">
     <span class='ocr_line' id='line_1_32' title="bbox 417 1580 2094 1627; baseline 0.001 -14"><span class='ocrx_word' id='word_1_283' title='bbox 417 1592 484 1625; x_wconf 84' lang='lat' dir='ltr'>que</span> <span class='ocrx_word' id='word_1_284' title='bbox 503 1592 521 1613; x_wconf 87' lang='lat' dir='ltr'>e</span> <span class='ocrx_word' id='word_1_285' title='bbox 540 1580 702 1626; x_wconf 78' lang='lat' dir='ltr'>gregibus</span> <span class='ocrx_word' id='word_1_286' title='bbox 721 1582 842 1614; x_wconf 73' lang='lat' dir='ltr'>vestris</span> <span class='ocrx_word' id='word_1_287' title='bbox 860 1581 988 1615; x_wconf 87' lang='lat' dir='ltr'>haedos</span> <span class='ocrx_word' id='word_1_288' title='bbox 1008 1583 1037 1620; x_wconf 83' lang='lat'>&#39;;</span> <span class='ocrx_word' id='word_1_289' title='bbox 1060 1581 1100 1615; x_wconf 89' lang='lat' dir='ltr'>ad</span> <span class='ocrx_word' id='word_1_290' title='bbox 1122 1582 1269 1625; x_wconf 72' lang='lat' dir='ltr'>hymnos</span> <span class='ocrx_word' id='word_1_291' title='bbox 1288 1588 1474 1627; x_wconf 87' lang='lat' dir='ltr'>cantusque</span> <span class='ocrx_word' id='word_1_292' title='bbox 1493 1582 1695 1616; x_wconf 85' lang='lat' dir='ltr'>adhortatur</span> <span class='ocrx_word' id='word_1_293' title='bbox 1714 1581 1847 1615; x_wconf 87' lang='lat' dir='ltr'>dicens:</span> <span class='ocrx_word' id='word_1_294' title='bbox 1864 1581 2004 1616; x_wconf 90' lang='lat' dir='ltr'>immola</span> <span class='ocrx_word' id='word_1_295' title='bbox 2022 1582 2094 1614; x_wconf 91' lang='lat' dir='ltr'>Deo</span> 
     </span>
     <span class='ocr_line' id='line_1_33' title="bbox 420 1630 1069 1672; baseline 0 -1"><span class='ocrx_word' id='word_1_296' title='bbox 420 1638 623 1672; x_wconf 74' lang='lat' dir='ltr'>sacrificium</span> <span class='ocrx_word' id='word_1_297' title='bbox 651 1638 773 1672; x_wconf 90' lang='lat' dir='ltr'>laudis.</span> <span class='ocrx_word' id='word_1_298' title='bbox 1066 1630 1069 1633; x_wconf 13' lang='lat' dir='ltr'>i</span> 
     </span>
    </p>
   </div>
   <div class='ocr_carea' id='block_1_12' title="bbox 421 1703 2105 2775">
    <p class='ocr_par' dir='ltr' id='par_1_16' title="bbox 652 1703 1864 1732">
     <span class='ocr_line' id='line_1_34' title="bbox 652 1703 1864 1732; baseline 0.002 -7"><span class='ocrx_word' id='word_1_299' title='bbox 652 1703 787 1726; x_wconf 67' lang='lat' dir='ltr'>Cantante</span> <span class='ocrx_word' id='word_1_300' title='bbox 804 1703 938 1726; x_wconf 69' lang='lat' dir='ltr'>nomino</span> <span class='ocrx_word' id='word_1_301' title='bbox 953 1705 1107 1726; x_wconf 77' lang='lat' dir='ltr'>canticum</span> <span class='ocrx_word' id='word_1_302' title='bbox 1125 1711 1250 1731; x_wconf 71' lang='lat' dir='ltr'>novum,</span> <span class='ocrx_word' id='word_1_303' title='bbox 1268 1706 1344 1727; x_wconf 77' lang='lat' dir='ltr'>bene</span> <span class='ocrx_word' id='word_1_304' title='bbox 1360 1705 1488 1732; x_wconf 72' lang='lat' dir='ltr'>psallite</span> <span class='ocrx_word' id='word_1_305' title='bbox 1503 1706 1531 1728; x_wconf 72' lang='lat' dir='ltr'>ei</span> <span class='ocrx_word' id='word_1_306' title='bbox 1549 1711 1617 1728; x_wconf 78' lang='lat' dir='ltr'>eum</span> <span class='ocrx_word' id='word_1_307' title='bbox 1634 1705 1864 1728; x_wconf 68' lang='lat' dir='ltr'>vociferatione.</span> 
     </span>
    </p>

    <p class='ocr_par' dir='ltr' id='par_1_17' title="bbox 421 1753 2102 2371">
     <span class='ocr_line' id='line_1_35' title="bbox 518 1753 2097 1800; baseline 0.002 -16"><span class='ocrx_word' id='word_1_308' title='bbox 518 1753 603 1786; x_wconf 88' lang='lat' dir='ltr'>Hine</span> <span class='ocrx_word' id='word_1_309' title='bbox 629 1764 767 1797; x_wconf 83' lang='lat' dir='ltr'>quoque</span> <span class='ocrx_word' id='word_1_310' title='bbox 787 1764 993 1798; x_wconf 75' lang='lat' dir='ltr'>cognoscere</span> <span class='ocrx_word' id='word_1_311' title='bbox 1014 1754 1089 1787; x_wconf 86' lang='lat' dir='ltr'>licet</span> <span class='ocrx_word' id='word_1_312' title='bbox 1102 1780 1110 1793; x_wconf 86' lang='lat'>‚</span> <span class='ocrx_word' id='word_1_313' title='bbox 1133 1766 1347 1799; x_wconf 75' lang='lat' dir='ltr'>nequaquam</span> <span class='ocrx_word' id='word_1_314' title='bbox 1368 1754 1410 1788; x_wconf 89' lang='lat' dir='ltr'>ad</span> <span class='ocrx_word' id='word_1_315' title='bbox 1431 1766 1489 1788; x_wconf 89' lang='lat' dir='ltr'>eos</span> <span class='ocrx_word' id='word_1_316' title='bbox 1503 1781 1510 1793; x_wconf 86' lang='lat'>‚</span> <span class='ocrx_word' id='word_1_317' title='bbox 1531 1755 1591 1800; x_wconf 91' lang='lat' dir='ltr'>qui</span> <span class='ocrx_word' id='word_1_318' title='bbox 1612 1755 1695 1798; x_wconf 74' lang='lat' dir='ltr'>legis</span> <span class='ocrx_word' id='word_1_319' title='bbox 1714 1755 1880 1787; x_wconf 82' lang='lat' dir='ltr'>mosaicae</span> <span class='ocrx_word' id='word_1_320' title='bbox 1899 1753 2029 1786; x_wconf 88' lang='lat' dir='ltr'>cultum</span> <span class='ocrx_word' id='word_1_321' title='bbox 2048 1764 2097 1787; x_wconf 88' lang='lat' dir='ltr'>se·</span> 
     </span>
     <span class='ocr_line' id='line_1_36' title="bbox 421 1809 2097 1857; baseline 0.001 -16"><span class='ocrx_word' id='word_1_322' title='bbox 421 1815 590 1853; x_wconf 75' lang='lat' dir='ltr'>(piantur.</span> <span class='ocrx_word' id='word_1_323' title='bbox 612 1809 716 1843; x_wconf 79' lang='lat' dir='ltr'>verba</span> <span class='ocrx_word' id='word_1_324' title='bbox 746 1810 816 1843; x_wconf 80' lang='lat' dir='ltr'>lieri</span> <span class='ocrx_word' id='word_1_325' title='bbox 838 1822 855 1843; x_wconf 89' lang='lat' dir='ltr'>a</span> <span class='ocrx_word' id='word_1_326' title='bbox 875 1812 1000 1855; x_wconf 81' lang='lat' dir='ltr'>Spiritu</span> <span class='ocrx_word' id='word_1_327' title='bbox 1022 1823 1083 1856; x_wconf 91' lang='lat' dir='ltr'>per</span> <span class='ocrx_word' id='word_1_328' title='bbox 1109 1823 1147 1844; x_wconf 76' lang='lat' dir='ltr'>os</span> <span class='ocrx_word' id='word_1_329' title='bbox 1173 1812 1367 1857; x_wconf 67' lang='lat' dir='ltr'>psallentis,</span> <span class='ocrx_word' id='word_1_330' title='bbox 1389 1812 1448 1845; x_wconf 85' lang='lat' dir='ltr'>sed</span> <span class='ocrx_word' id='word_1_331' title='bbox 1469 1812 1510 1845; x_wconf 88' lang='lat' dir='ltr'>ad</span> <span class='ocrx_word' id='word_1_332' title='bbox 1531 1812 1733 1845; x_wconf 84' lang='lat' dir='ltr'>christianae</span> <span class='ocrx_word' id='word_1_333' title='bbox 1758 1812 1847 1844; x_wconf 87' lang='lat' dir='ltr'>vitae</span> <span class='ocrx_word' id='word_1_334' title='bbox 1873 1809 2042 1847; x_wconf 85' lang='lat' dir='ltr'>adseclas,</span> <span class='ocrx_word' id='word_1_335' title='bbox 2064 1816 2097 1843; x_wconf 88' lang='lat' dir='ltr'>et</span> 
     </span>
     <span class='ocr_line' id='line_1_37' title="bbox 421 1866 2098 1914; baseline 0.001 -16"><span class='ocrx_word' id='word_1_336' title='bbox 421 1868 478 1911; x_wconf 86' lang='lat' dir='ltr'>qui</span> <span class='ocrx_word' id='word_1_337' title='bbox 508 1868 781 1900; x_wconf 73' lang='lat' dir='ltr'>institit-ationem</span> <span class='ocrx_word' id='word_1_338' title='bbox 802 1880 818 1901; x_wconf 86' lang='lat' dir='ltr'>a</span> <span class='ocrx_word' id='word_1_339' title='bbox 838 1868 973 1902; x_wconf 83' lang='lat' dir='ltr'>Christo</span> <span class='ocrx_word' id='word_1_340' title='bbox 1002 1880 1060 1914; x_wconf 88' lang='lat' dir='ltr'>pcr</span> <span class='ocrx_word' id='word_1_341' title='bbox 1081 1868 1185 1902; x_wconf 83' lang='lat' dir='ltr'>fidem</span> <span class='ocrx_word' id='word_1_342' title='bbox 1205 1876 1281 1903; x_wconf 84' lang='lat' dir='ltr'>sunt</span> <span class='ocrx_word' id='word_1_343' title='bbox 1302 1870 1487 1903; x_wconf 83' lang='lat' dir='ltr'>consecuti.</span> <span class='ocrx_word' id='word_1_344' title='bbox 1517 1871 1600 1903; x_wconf 87' lang='lat' dir='ltr'>Sunt</span> <span class='ocrx_word' id='word_1_345' title='bbox 1620 1876 1733 1903; x_wconf 89' lang='lat' dir='ltr'>autem</span> <span class='ocrx_word' id='word_1_346' title='bbox 1752 1869 1806 1907; x_wconf 86' lang='lat' dir='ltr'>hi,</span> <span class='ocrx_word' id='word_1_347' title='bbox 1828 1868 1871 1901; x_wconf 89' lang='lat' dir='ltr'>de</span> <span class='ocrx_word' id='word_1_348' title='bbox 1889 1866 2015 1913; x_wconf 90' lang='lat' dir='ltr'>quibus</span> <span class='ocrx_word' id='word_1_349' title='bbox 2033 1868 2098 1900; x_wconf 90' lang='lat' dir='ltr'>ini-</span> 
     </span>
     <span class='ocr_line' id='line_1_38' title="bbox 424 1924 2097 1972; baseline 0.001 -16"><span class='ocrx_word' id='word_1_350' title='bbox 424 1925 470 1956; x_wconf 83' lang='lat' dir='ltr'>tio</span> <span class='ocrx_word' id='word_1_351' title='bbox 497 1924 711 1969; x_wconf 79' lang='lat' dir='ltr'>pracedentis</span> <span class='ocrx_word' id='word_1_352' title='bbox 737 1925 858 1970; x_wconf 86' lang='lat' dir='ltr'>psalmi</span> <span class='ocrx_word' id='word_1_353' title='bbox 885 1925 1015 1959; x_wconf 81' lang='lat' dir='ltr'>aicbat:</span> <span class='ocrx_word' id='word_1_354' title='bbox 1038 1926 1144 1965; x_wconf 83' lang='lat' dir='ltr'>beati,</span> <span class='ocrx_word' id='word_1_355' title='bbox 1167 1932 1316 1972; x_wconf 88' lang='lat' dir='ltr'>quorum</span> <span class='ocrx_word' id='word_1_356' title='bbox 1336 1928 1474 1960; x_wconf 85' lang='lat' dir='ltr'>remissa</span> <span class='ocrx_word' id='word_1_357' title='bbox 1498 1933 1575 1960; x_wconf 89' lang='lat' dir='ltr'>sunt</span> <span class='ocrx_word' id='word_1_358' title='bbox 1596 1926 1749 1972; x_wconf 81' lang='lat' dir='ltr'>peccata!</span> <span class='ocrx_word' id='word_1_359' title='bbox 1777 1925 1989 1966; x_wconf 88' lang='lat' dir='ltr'>Quibusnam</span> <span class='ocrx_word' id='word_1_360' title='bbox 2008 1924 2097 1958; x_wconf 88' lang='lat' dir='ltr'>enim</span> 
     </span>
     <span class='ocr_line' id='line_1_39' title="bbox 423 1982 2100 2029; baseline 0.001 -15"><span class='ocrx_word' id='word_1_361' title='bbox 423 1983 549 2015; x_wconf 84' lang='lat' dir='ltr'>remisit</span> <span class='ocrx_word' id='word_1_362' title='bbox 580 1984 667 2015; x_wconf 87' lang='lat' dir='ltr'>Deus</span> <span class='ocrx_word' id='word_1_363' title='bbox 695 1989 849 2028; x_wconf 77' lang='lat' dir='ltr'>peccata.</span> <span class='ocrx_word' id='word_1_364' title='bbox 872 1984 934 2016; x_wconf 88' lang='lat' dir='ltr'>nisi</span> <span class='ocrx_word' id='word_1_365' title='bbox 954 1985 993 2016; x_wconf 65' lang='lat' dir='ltr'>iis</span> <span class='ocrx_word' id='word_1_366' title='bbox 1013 1985 1070 2028; x_wconf 87' lang='lat' dir='ltr'>qui</span> <span class='ocrx_word' id='word_1_367' title='bbox 1091 1984 1132 2017; x_wconf 87' lang='lat' dir='ltr'>ad</span> <span class='ocrx_word' id='word_1_368' title='bbox 1154 1986 1340 2018; x_wconf 83' lang='lat' dir='ltr'>novitatem</span> <span class='ocrx_word' id='word_1_369' title='bbox 1371 1986 1457 2018; x_wconf 65' lang='lat' dir='ltr'>vitae</span> <span class='ocrx_word' id='word_1_370' title='bbox 1476 1991 1553 2018; x_wconf 91' lang='lat' dir='ltr'>sunt</span> <span class='ocrx_word' id='word_1_371' title='bbox 1573 1985 1748 2018; x_wconf 86' lang='lat' dir='ltr'>reformati</span> <span class='ocrx_word' id='word_1_372' title='bbox 1775 1995 1836 2029; x_wconf 84' lang='lat' dir='ltr'>per</span> <span class='ocrx_word' id='word_1_373' title='bbox 1861 1982 2100 2016; x_wconf 81' lang='lat' dir='ltr'>sanctificatio-</span> 
     </span>
     <span class='ocr_line' id='line_1_40' title="bbox 423 2040 2098 2087; baseline 0 -16"><span class='ocrx_word' id='word_1_374' title='bbox 423 2050 500 2071; x_wconf 90' lang='lat' dir='ltr'>ncm</span> <span class='ocrx_word' id='word_1_375' title='bbox 520 2040 552 2072; x_wconf 93' lang='lat' dir='ltr'>in</span> <span class='ocrx_word' id='word_1_376' title='bbox 574 2040 715 2084; x_wconf 73' lang='lat' dir='ltr'>spiritu,</span> <span class='ocrx_word' id='word_1_377' title='bbox 737 2041 795 2085; x_wconf 83' lang='lat' dir='ltr'>qui</span> <span class='ocrx_word' id='word_1_378' title='bbox 816 2047 844 2073; x_wconf 88' lang='lat' dir='ltr'>et</span> <span class='ocrx_word' id='word_1_379' title='bbox 867 2040 1055 2084; x_wconf 77' lang='lat' dir='ltr'>quamlibet</span> <span class='ocrx_word' id='word_1_380' title='bbox 1083 2042 1250 2074; x_wconf 85' lang='lat' dir='ltr'>maculam</span> <span class='ocrx_word' id='word_1_381' title='bbox 1273 2054 1333 2087; x_wconf 87' lang='lat' dir='ltr'>per</span> <span class='ocrx_word' id='word_1_382' title='bbox 1351 2048 1504 2075; x_wconf 82' lang='lat' dir='ltr'>sanctum</span> <span class='ocrx_word' id='word_1_383' title='bbox 1524 2041 1732 2087; x_wconf 87' lang='lat' dir='ltr'>baptismum</span> <span class='ocrx_word' id='word_1_384' title='bbox 1750 2040 1936 2073; x_wconf 79' lang='lat' dir='ltr'>eluerunt‘?</span> <span class='ocrx_word' id='word_1_385' title='bbox 1956 2040 2017 2072; x_wconf 90' lang='lat' dir='ltr'>His</span> <span class='ocrx_word' id='word_1_386' title='bbox 2043 2049 2098 2072; x_wconf 86' lang='lat' dir='ltr'>ca-</span> 
     </span>
     <span class='ocr_line' id='line_1_41' title="bbox 423 2096 2098 2142; baseline 0.001 -14"><span class='ocrx_word' id='word_1_387' title='bbox 423 2107 504 2129; x_wconf 87' lang='lat' dir='ltr'>nere</span> <span class='ocrx_word' id='word_1_388' title='bbox 531 2096 686 2133; x_wconf 83' lang='lat' dir='ltr'>mandat.</span> <span class='ocrx_word' id='word_1_389' title='bbox 710 2108 820 2141; x_wconf 82' lang='lat' dir='ltr'>neque</span> <span class='ocrx_word' id='word_1_390' title='bbox 841 2097 873 2129; x_wconf 86' lang='lat' dir='ltr'>id</span> <span class='ocrx_word' id='word_1_391' title='bbox 894 2097 1176 2142; x_wconf 79' lang='lat' dir='ltr'>quomodolibet,</span> <span class='ocrx_word' id='word_1_392' title='bbox 1197 2099 1255 2132; x_wconf 74' lang='lat' dir='ltr'>secl</span> <span class='ocrx_word' id='word_1_393' title='bbox 1283 2105 1372 2132; x_wconf 88' lang='lat' dir='ltr'>certa</span> <span class='ocrx_word' id='word_1_394' title='bbox 1392 2105 1420 2132; x_wconf 87' lang='lat' dir='ltr'>et</span> <span class='ocrx_word' id='word_1_395' title='bbox 1443 2100 1574 2133; x_wconf 81' lang='lat' dir='ltr'>insueta</span> <span class='ocrx_word' id='word_1_396' title='bbox 1594 2097 1781 2131; x_wconf 82' lang='lat' dir='ltr'>maioribus</span> <span class='ocrx_word' id='word_1_397' title='bbox 1805 2097 1929 2131; x_wconf 87' lang='lat' dir='ltr'>nostris</span> <span class='ocrx_word' id='word_1_398' title='bbox 1955 2096 2098 2130; x_wconf 84' lang='lat' dir='ltr'>ratione.</span> 
     </span>
     <span class='ocr_line' id='line_1_42' title="bbox 423 2152 2100 2200; baseline -0.001 -14"><span class='ocrx_word' id='word_1_399' title='bbox 423 2154 519 2198; x_wconf 89' lang='lat' dir='ltr'>Opus</span> <span class='ocrx_word' id='word_1_400' title='bbox 545 2155 635 2186; x_wconf 86' lang='lat' dir='ltr'>enim</span> <span class='ocrx_word' id='word_1_401' title='bbox 663 2166 734 2187; x_wconf 74' lang='lat' dir='ltr'>csse</span> <span class='ocrx_word' id='word_1_402' title='bbox 760 2156 800 2187; x_wconf 90' lang='lat' dir='ltr'>ait</span> <span class='ocrx_word' id='word_1_403' title='bbox 831 2156 961 2188; x_wconf 81' lang='lat' dir='ltr'>cantico</span> <span class='ocrx_word' id='word_1_404' title='bbox 990 2167 1100 2193; x_wconf 68' lang='lat' dir='ltr'>novo2</span> <span class='ocrx_word' id='word_1_405' title='bbox 1128 2156 1223 2200; x_wconf 82' lang='lat' dir='ltr'>quod</span> <span class='ocrx_word' id='word_1_406' title='bbox 1250 2156 1428 2189; x_wconf 76' lang='lat' dir='ltr'>manifeste</span> <span class='ocrx_word' id='word_1_407' title='bbox 1455 2156 1685 2193; x_wconf 70' lang='lat' dir='ltr'>demonstrat,</span> <span class='ocrx_word' id='word_1_408' title='bbox 1713 2156 1815 2189; x_wconf 81' lang='lat' dir='ltr'>tinem</span> <span class='ocrx_word' id='word_1_409' title='bbox 1843 2155 2009 2188; x_wconf 88' lang='lat' dir='ltr'>mosaicae</span> <span class='ocrx_word' id='word_1_410' title='bbox 2035 2152 2100 2198; x_wconf 85' lang='lat' dir='ltr'>legi</span> 
     </span>
     <span class='ocr_line' id='line_1_43' title="bbox 423 2211 2098 2257; baseline 0.001 -14"><span class='ocrx_word' id='word_1_411' title='bbox 423 2211 526 2244; x_wconf 81' lang='lat' dir='ltr'>fuisse</span> <span class='ocrx_word' id='word_1_412' title='bbox 546 2213 758 2257; x_wconf 82' lang='lat' dir='ltr'>impositum.</span> <span class='ocrx_word' id='word_1_413' title='bbox 780 2213 926 2246; x_wconf 82' lang='lat' dir='ltr'>Psallere</span> <span class='ocrx_word' id='word_1_414' title='bbox 945 2220 1057 2247; x_wconf 88' lang='lat' dir='ltr'>autem</span> <span class='ocrx_word' id='word_1_415' title='bbox 1080 2213 1167 2247; x_wconf 87' lang='lat' dir='ltr'>benc</span> <span class='ocrx_word' id='word_1_416' title='bbox 1187 2214 1296 2253; x_wconf 77' lang='lat' dir='ltr'>iubet,</span> <span class='ocrx_word' id='word_1_417' title='bbox 1314 2215 1348 2247; x_wconf 92' lang='lat' dir='ltr'>id</span> <span class='ocrx_word' id='word_1_418' title='bbox 1369 2221 1415 2248; x_wconf 84' lang='lat' dir='ltr'>est</span> <span class='ocrx_word' id='word_1_419' title='bbox 1437 2221 1470 2248; x_wconf 93' lang='lat' dir='ltr'>ut</span> <span class='ocrx_word' id='word_1_420' title='bbox 1493 2215 1588 2248; x_wconf 87' lang='lat' dir='ltr'>decet</span> <span class='ocrx_word' id='word_1_421' title='bbox 1609 2213 1760 2248; x_wconf 86' lang='lat' dir='ltr'>sobriam</span> <span class='ocrx_word' id='word_1_422' title='bbox 1779 2212 2098 2247; x_wconf 86' lang='lat' dir='ltr'>conclamationem.</span> 
     </span>
     <span class='ocr_line' id='line_1_44' title="bbox 423 2269 2102 2316; baseline 0.001 -15"><span class='ocrx_word' id='word_1_423' title='bbox 423 2269 531 2301; x_wconf 83' lang='lat' dir='ltr'>Porro</span> <span class='ocrx_word' id='word_1_424' title='bbox 558 2270 863 2302; x_wconf 64' lang='lat' dir='ltr'>conclamationem</span> <span class='ocrx_word' id='word_1_425' title='bbox 892 2272 1031 2316; x_wconf 80' lang='lat' dir='ltr'>proprie</span> <span class='ocrx_word' id='word_1_426' title='bbox 1057 2282 1128 2304; x_wconf 79' lang='lat' dir='ltr'>esse</span> <span class='ocrx_word' id='word_1_427' title='bbox 1154 2271 1298 2305; x_wconf 82' lang='lat' dir='ltr'>dicimus</span> <span class='ocrx_word' id='word_1_428' title='bbox 1324 2272 1536 2306; x_wconf 61' lang='lat' dir='ltr'>victorialem</span> <span class='ocrx_word' id='word_1_429' title='bbox 1564 2271 1750 2305; x_wconf 83' lang='lat' dir='ltr'>clamorem</span> <span class='ocrx_word' id='word_1_430' title='bbox 1767 2297 1774 2308; x_wconf 83' lang='lat'>.</span> <span class='ocrx_word' id='word_1_431' title='bbox 1803 2281 1906 2315; x_wconf 86' lang='lat' dir='ltr'>quem</span> <span class='ocrx_word' id='word_1_432' title='bbox 1934 2269 2102 2303; x_wconf 79' lang='lat' dir='ltr'>exercitus</span> 
     </span>
     <span class='ocr_line' id='line_1_45' title="bbox 425 2326 1059 2371; baseline 0.005 -13"><span class='ocrx_word' id='word_1_433' title='bbox 425 2333 499 2370; x_wconf 83' lang='lat' dir='ltr'>post</span> <span class='ocrx_word' id='word_1_434' title='bbox 527 2326 728 2371; x_wconf 75' lang='lat' dir='ltr'>depressum</span> <span class='ocrx_word' id='word_1_435' title='bbox 756 2327 886 2361; x_wconf 89' lang='lat' dir='ltr'>hostem</span> <span class='ocrx_word' id='word_1_436' title='bbox 915 2328 1059 2361; x_wconf 76' lang='lat' dir='ltr'>extollit.</span> 
     </span>
    </p>

    <p class='ocr_par' dir='ltr' id='par_1_18' title="bbox 974 2393 1560 2421">
     <span class='ocr_line' id='line_1_46' title="bbox 974 2393 1560 2421; baseline 0.003 -6"><span class='ocrx_word' id='word_1_437' title='bbox 974 2393 1035 2420; x_wconf 70' lang='lat' dir='ltr'>Qui</span> <span class='ocrx_word' id='word_1_438' title='bbox 1054 2396 1184 2420; x_wconf 65' lang='lat' dir='ltr'>posuisti</span> <span class='ocrx_word' id='word_1_439' title='bbox 1202 2396 1235 2417; x_wconf 82' lang='lat' dir='ltr'>in</span> <span class='ocrx_word' id='word_1_440' title='bbox 1254 2396 1411 2418; x_wconf 72' lang='lat' dir='ltr'>thesauris</span> <span class='ocrx_word' id='word_1_441' title='bbox 1427 2396 1560 2421; x_wconf 69' lang='lat' dir='ltr'>abyssos.</span> 
     </span>
    </p>

    <p class='ocr_par' dir='ltr' id='par_1_19' title="bbox 428 2441 2105 2775">
     <span class='ocr_line' id='line_1_47' title="bbox 522 2441 2103 2489; baseline 0.001 -16"><span class='ocrx_word' id='word_1_442' title='bbox 522 2443 573 2474; x_wconf 75' lang='lat' dir='ltr'>Sic</span> <span class='ocrx_word' id='word_1_443' title='bbox 593 2441 672 2475; x_wconf 79' lang='lat' dir='ltr'>alibi</span> <span class='ocrx_word' id='word_1_444' title='bbox 693 2442 736 2475; x_wconf 85' lang='lat' dir='ltr'>cle</span> <span class='ocrx_word' id='word_1_445' title='bbox 757 2443 840 2475; x_wconf 87' lang='lat' dir='ltr'>mari</span> <span class='ocrx_word' id='word_1_446' title='bbox 862 2443 906 2475; x_wconf 88' lang='lat' dir='ltr'>ait</span> <span class='ocrx_word' id='word_1_447' title='bbox 927 2443 957 2474; x_wconf 73' lang='grc' dir='ltr'>’τ</span> <span class='ocrx_word' id='word_1_448' title='bbox 980 2444 1138 2475; x_wconf 86' lang='lat' dir='ltr'>constitui</span> <span class='ocrx_word' id='word_1_449' title='bbox 1165 2444 1228 2489; x_wconf 78' lang='lat' dir='ltr'>ipsi</span> <span class='ocrx_word' id='word_1_450' title='bbox 1255 2444 1398 2482; x_wconf 87' lang='lat' dir='ltr'>limites,</span> <span class='ocrx_word' id='word_1_451' title='bbox 1420 2443 1576 2477; x_wconf 86' lang='lat' dir='ltr'>claustris</span> <span class='ocrx_word' id='word_1_452' title='bbox 1596 2444 1772 2489; x_wconf 86' lang='lat' dir='ltr'>portisque</span> <span class='ocrx_word' id='word_1_453' title='bbox 1796 2442 1982 2488; x_wconf 84' lang='lat' dir='ltr'>impositis;</span> <span class='ocrx_word' id='word_1_454' title='bbox 2003 2441 2103 2487; x_wconf 89' lang='lat' dir='ltr'>eique</span> 
     </span>
     <span class='ocr_line' id='line_1_48' title="bbox 428 2497 2105 2546; baseline 0.001 -16"><span class='ocrx_word' id='word_1_455' title='bbox 428 2497 514 2530; x_wconf 66' lang='lat' dir='ltr'>dixi:</span> <span class='ocrx_word' id='word_1_456' title='bbox 538 2498 700 2532; x_wconf 83' lang='lat' dir='ltr'>hactenus</span> <span class='ocrx_word' id='word_1_457' title='bbox 719 2500 911 2544; x_wconf 69' lang='lat' dir='ltr'>pertinges,</span> <span class='ocrx_word' id='word_1_458' title='bbox 934 2511 996 2533; x_wconf 88' lang='lat' dir='ltr'>nec</span> <span class='ocrx_word' id='word_1_459' title='bbox 1021 2500 1300 2545; x_wconf 73' lang='lat' dir='ltr'>transgredieris,</span> <span class='ocrx_word' id='word_1_460' title='bbox 1323 2501 1379 2533; x_wconf 84' lang='lat' dir='ltr'>scd</span> <span class='ocrx_word' id='word_1_461' title='bbox 1408 2501 1440 2533; x_wconf 89' lang='lat' dir='ltr'>in</span> <span class='ocrx_word' id='word_1_462' title='bbox 1468 2507 1573 2534; x_wconf 87' lang='lat' dir='ltr'>semet</span> <span class='ocrx_word' id='word_1_463' title='bbox 1592 2502 1685 2546; x_wconf 87' lang='lat' dir='ltr'>ipsos</span> <span class='ocrx_word' id='word_1_464' title='bbox 1705 2500 1827 2534; x_wconf 83' lang='lat' dir='ltr'>fluctus</span> <span class='ocrx_word' id='word_1_465' title='bbox 1846 2500 1892 2533; x_wconf 92' lang='lat' dir='ltr'>tui</span> <span class='ocrx_word' id='word_1_466' title='bbox 1913 2498 2105 2543; x_wconf 86' lang='lat' dir='ltr'>refringen-</span> 
     </span>
     <span class='ocr_line' id='line_1_49' title="bbox 430 2555 2104 2604; baseline 0 -17"><span class='ocrx_word' id='word_1_467' title='bbox 430 2561 497 2587; x_wconf 87' lang='lat' dir='ltr'>tur.</span> <span class='ocrx_word' id='word_1_468' title='bbox 528 2555 617 2588; x_wconf 73' lang='lat' dir='ltr'>Alibi</span> <span class='ocrx_word' id='word_1_469' title='bbox 646 2557 725 2589; x_wconf 80' lang='lat' dir='ltr'>item</span> <span class='ocrx_word' id='word_1_470' title='bbox 754 2556 795 2590; x_wconf 90' lang='lat' dir='ltr'>ad</span> <span class='ocrx_word' id='word_1_471' title='bbox 824 2557 954 2601; x_wconf 82' lang='lat' dir='ltr'>priscos</span> <span class='ocrx_word' id='word_1_472' title='bbox 972 2556 1141 2601; x_wconf 87' lang='lat' dir='ltr'>quosdam</span> <span class='ocrx_word' id='word_1_473' title='bbox 1161 2569 1222 2602; x_wconf 86' lang='lat' dir='ltr'>per</span> <span class='ocrx_word' id='word_1_474' title='bbox 1241 2569 1348 2591; x_wconf 90' lang='lat' dir='ltr'>unum</span> <span class='ocrx_word' id='word_1_475' title='bbox 1374 2557 1417 2591; x_wconf 91' lang='lat' dir='ltr'>de</span> <span class='ocrx_word' id='word_1_476' title='bbox 1443 2559 1566 2591; x_wconf 89' lang='lat' dir='ltr'>sanctis</span> <span class='ocrx_word' id='word_1_477' title='bbox 1589 2558 1767 2604; x_wconf 84' lang='lat' dir='ltr'>prophetis</span> <span class='ocrx_word' id='word_1_478' title='bbox 1786 2558 1831 2591; x_wconf 88' lang='lat' dir='ltr'>ait</span> <span class='ocrx_word' id='word_1_479' title='bbox 1850 2557 1882 2589; x_wconf 76' lang='lat' dir='ltr'>&#39;z</span> <span class='ocrx_word' id='word_1_480' title='bbox 1903 2566 2031 2601; x_wconf 87' lang='lat' dir='ltr'>ergone</span> <span class='ocrx_word' id='word_1_481' title='bbox 2049 2564 2104 2588; x_wconf 90' lang='lat' dir='ltr'>me</span> 
     </span>
     <span class='ocr_line' id='line_1_50' title="bbox 429 2611 2104 2661; baseline 0 -17"><span class='ocrx_word' id='word_1_482' title='bbox 429 2623 497 2645; x_wconf 87' lang='lat' dir='ltr'>non</span> <span class='ocrx_word' id='word_1_483' title='bbox 524 2615 700 2651; x_wconf 79' lang='lat' dir='ltr'>metuetis,</span> <span class='ocrx_word' id='word_1_484' title='bbox 722 2615 831 2658; x_wconf 85' lang='lat' dir='ltr'>inquit</span> <span class='ocrx_word' id='word_1_485' title='bbox 851 2614 1036 2651; x_wconf 83' lang='lat' dir='ltr'>Dominus,</span> <span class='ocrx_word' id='word_1_486' title='bbox 1059 2625 1169 2659; x_wconf 83' lang='lat' dir='ltr'>neque</span> <span class='ocrx_word' id='word_1_487' title='bbox 1189 2614 1307 2647; x_wconf 86' lang='lat' dir='ltr'>faciem</span> <span class='ocrx_word' id='word_1_488' title='bbox 1328 2626 1438 2648; x_wconf 88' lang='lat' dir='ltr'>meam</span> <span class='ocrx_word' id='word_1_489' title='bbox 1457 2614 1678 2653; x_wconf 66' lang='lat' dir='ltr'>verebimini,</span> <span class='ocrx_word' id='word_1_490' title='bbox 1700 2616 1758 2661; x_wconf 90' lang='lat' dir='ltr'>qui</span> <span class='ocrx_word' id='word_1_491' title='bbox 1779 2615 1920 2648; x_wconf 87' lang='lat' dir='ltr'>limitem</span> <span class='ocrx_word' id='word_1_492' title='bbox 1939 2612 2025 2646; x_wconf 89' lang='lat' dir='ltr'>mari</span> <span class='ocrx_word' id='word_1_493' title='bbox 2045 2611 2104 2644; x_wconf 85' lang='lat' dir='ltr'>ha-</span> 
     </span>
     <span class='ocr_line' id='line_1_51' title="bbox 429 2667 2104 2717; baseline 0.002 -17"><span class='ocrx_word' id='word_1_494' title='bbox 429 2680 545 2702; x_wconf 87' lang='lat' dir='ltr'>renam</span> <span class='ocrx_word' id='word_1_495' title='bbox 572 2671 751 2707; x_wconf 81' lang='lat' dir='ltr'>constitui,</span> <span class='ocrx_word' id='word_1_496' title='bbox 774 2671 973 2705; x_wconf 90' lang='lat' dir='ltr'>mandatum</span> <span class='ocrx_word' id='word_1_497' title='bbox 1001 2678 1177 2705; x_wconf 89' lang='lat' dir='ltr'>aeternum</span> <span class='ocrx_word' id='word_1_498' title='bbox 1203 2672 1296 2717; x_wconf 87' lang='lat' dir='ltr'>quod</span> <span class='ocrx_word' id='word_1_499' title='bbox 1325 2684 1513 2717; x_wconf 80' lang='lat' dir='ltr'>numquam</span> <span class='ocrx_word' id='word_1_500' title='bbox 1542 2673 1584 2707; x_wconf 88' lang='lat' dir='ltr'>ab</span> <span class='ocrx_word' id='word_1_501' title='bbox 1603 2684 1645 2706; x_wconf 87' lang='lat' dir='ltr'>eo</span> <span class='ocrx_word' id='word_1_502' title='bbox 1671 2671 1878 2706; x_wconf 71' lang='lat' dir='ltr'>violabitur?</span> <span class='ocrx_word' id='word_1_503' title='bbox 1900 2672 1986 2705; x_wconf 90' lang='lat' dir='ltr'>Nam</span> <span class='ocrx_word' id='word_1_504' title='bbox 2010 2667 2104 2713; x_wconf 85' lang='lat' dir='ltr'>quod</span> 
     </span>
     <span class='ocr_line' id='line_1_52' title="bbox 430 2726 2105 2775; baseline 0.001 -17"><span class='ocrx_word' id='word_1_505' title='bbox 430 2731 554 2758; x_wconf 88' lang='lat' dir='ltr'>terram</span> <span class='ocrx_word' id='word_1_506' title='bbox 582 2726 665 2760; x_wconf 87' lang='lat' dir='ltr'>olim</span> <span class='ocrx_word' id='word_1_507' title='bbox 692 2729 788 2773; x_wconf 85' lang='lat' dir='ltr'>aquis</span> <span class='ocrx_word' id='word_1_508' title='bbox 813 2728 993 2767; x_wconf 80' lang='lat' dir='ltr'>obrutam,</span> <span class='ocrx_word' id='word_1_509' title='bbox 1016 2730 1076 2763; x_wconf 91' lang='lat' dir='ltr'>Dei</span> <span class='ocrx_word' id='word_1_510' title='bbox 1103 2736 1205 2763; x_wconf 89' lang='lat' dir='ltr'>nutus</span> <span class='ocrx_word' id='word_1_511' title='bbox 1230 2730 1328 2763; x_wconf 90' lang='lat' dir='ltr'>initio</span> <span class='ocrx_word' id='word_1_512' title='bbox 1354 2729 1536 2768; x_wconf 79' lang='lat' dir='ltr'>detexerit,</span> <span class='ocrx_word' id='word_1_513' title='bbox 1557 2729 1758 2775; x_wconf 81' lang='lat' dir='ltr'>significavit</span> <span class='ocrx_word' id='word_1_514' title='bbox 1776 2731 1908 2774; x_wconf 77' lang='lat' dir='ltr'>Moyses</span> <span class='ocrx_word' id='word_1_515' title='bbox 1931 2733 2105 2770; x_wconf 80' lang='lat' dir='ltr'>tamquam</span> 
     </span>
    </p>
   </div>
   <div class='ocr_carea' id='block_1_13' title="bbox 431 2807 2106 2887">
    <p class='ocr_par' dir='ltr' id='par_1_20' title="bbox 431 2807 2106 2887">
     <span class='ocr_line' id='line_1_53' title="bbox 542 2807 2106 2847; baseline 0.001 -14"><span class='ocrx_word' id='word_1_516' title='bbox 542 2811 549 2833; x_wconf 90' lang='lat' dir='ltr'>t</span> <span class='ocrx_word' id='word_1_517' title='bbox 585 2807 761 2836; x_wconf 63' lang='lat' dir='ltr'>.t‹lnotabunt</span> <span class='ocrx_word' id='word_1_518' title='bbox 780 2810 853 2837; x_wconf 77' lang='lat' dir='ltr'>lianc</span> <span class='ocrx_word' id='word_1_519' title='bbox 868 2811 965 2847; x_wconf 77' lang='lat' dir='ltr'>Cyrilli</span> <span class='ocrx_word' id='word_1_520' title='bbox 986 2812 1149 2838; x_wconf 73' lang='lat' dir='ltr'>sententiani</span> <span class='ocrx_word' id='word_1_521' title='bbox 1169 2811 1204 2845; x_wconf 78' lang='lat' dir='ltr'>ii,</span> <span class='ocrx_word' id='word_1_522' title='bbox 1218 2811 1319 2847; x_wconf 90' lang='lat' dir='ltr'>quibus</span> <span class='ocrx_word' id='word_1_523' title='bbox 1333 2812 1415 2847; x_wconf 86' lang='lat' dir='ltr'>paulo</span> <span class='ocrx_word' id='word_1_524' title='bbox 1434 2812 1530 2840; x_wconf 85' lang='lat' dir='ltr'>laetior</span> <span class='ocrx_word' id='word_1_525' title='bbox 1548 2816 1574 2840; x_wconf 88' lang='lat' dir='ltr'>et</span> <span class='ocrx_word' id='word_1_526' title='bbox 1593 2811 1763 2839; x_wconf 78' lang='lat' dir='ltr'>resonantior</span> <span class='ocrx_word' id='word_1_527' title='bbox 1780 2810 1884 2838; x_wconf 82' lang='lat' dir='ltr'>musica</span> <span class='ocrx_word' id='word_1_528' title='bbox 1902 2809 1931 2836; x_wconf 90' lang='lat' dir='ltr'>in</span> <span class='ocrx_word' id='word_1_529' title='bbox 1950 2807 2106 2836; x_wconf 82' lang='lat' dir='ltr'>christianis</span> 
     </span>
     <span class='ocr_line' id='line_1_54' title="bbox 431 2850 732 2887; baseline 0.013 -11"><span class='ocrx_word' id='word_1_530' title='bbox 431 2850 540 2885; x_wconf 84' lang='lat' dir='ltr'>templis</span> <span class='ocrx_word' id='word_1_531' title='bbox 561 2859 613 2878; x_wconf 89' lang='lat' dir='ltr'>non</span> <span class='ocrx_word' id='word_1_532' title='bbox 635 2853 732 2887; x_wconf 83' lang='lat' dir='ltr'>placet.</span> 
     </span>
    </p>
   </div>
  </div>
 </body>
</html>
