2205 3177
674 234 706 256 IN
731 234 881 255 PSALMPM
908 234 1031 256 xxxul.
1060 234 1099 256 ET
1125 234 1244 257 xxxw.
1728 224 1791 257 153

131 306 280 340 vumque
298 294 449 340 defigens
468 295 606 329 oculum
626 302 658 329 et
677 295 781 329 veluti
800 296 880 340 ipsis
899 297 1128 333 comminans,
1146 296 1239 340 quod
1259 307 1327 329 non
1346 296 1520 335 nondum,
1541 297 1574 330 id
1594 302 1640 330 est
1661 298 1788 335 statim,

129 359 294 386 extremas
319 352 472 385 dederint
502 364 641 397 poenas.

618 418 662 440 Ex
679 418 820 440 omnibus
837 417 1098 439 tribulationibus
1114 419 1233 444 eripuit.
1249 425 1307 440 eos.

224 468 297 500 Non
323 479 363 500 ex
389 478 455 500 una
482 467 540 500 sed
566 478 606 500 ex
631 466 782 511 qualibet
810 467 962 511 ipsorum
990 478 1143 511 pressura
1170 468 1295 512 eripuit
1321 480 1390 500 605.
1421 469 1509 502 Facit
1534 470 1623 502 enim
1643 470 1685 503 ad
1705 469 1792 503 bene

127 523 297 567 agendum
322 535 486 569 perquam
513 524 655 561 alacres,
677 530 705 557 et
735 522 893 556 laborum
920 523 1205 568 perferendorum
1232 524 1386 569 cupidos.

790 588 893 615 Prope
909 590 953 610 est
971 588 1131 610 Dominus.

222 638 301 670 Vult
328 638 391 671 hoc
417 638 494 671 loco
518 638 770 675 demonstrare,
793 637 884 671 baud
911 637 1027 671 abesse
1054 649 1070 671 a
1097 638 1219 670 sanctis
1243 638 1369 675 Deum,
1398 638 1456 671 sed
1483 651 1560 673 cum
1586 641 1632 673 eis
1656 652 1790 686 semper

127 695 264 727 versari.
294 695 374 728 Sum
399 695 509 731 enim,
532 695 594 731 ait,
619 695 709 728 Deus
736 696 1015 740 appropinquans
1039 694 1062 727 ⁶.

690 760 810 782 Multae
827 760 1049 782 tribulationes
1068 760 1229 782 iustorum.

220 811 359 855 Semper
385 810 554 854 nequitiae
581 816 736 843 auctores
761 809 921 843 dentibus
948 809 1104 842 frendent
1124 809 1285 843 adversus
1304 809 1516 854 evangelicae
1536 816 1716 844 sectatores
1739 812 1790 844 vi-

125 873 196 903 tae,
224 867 399 911 ferinoque
425 867 491 900 ritu
517 868 681 900 saexiuut.
712 868 876 900 Hortatur
902 867 1002 900 etiam
1028 868 1164 900 Satanas
1189 873 1225 899 nt
1252 878 1426 912 pressuras
1452 874 1646 901 sanctorum
1672 880 1789 901 cumu-

126 923 212 961 lent;
233 936 273 957 ex
298 923 422 968 quibus
448 930 559 957 tamen
586 925 705 969 cripiet
732 924 795 958 1105
821 924 996 957 Dominus.

633 988 776 1012 Custodit
792 989 944 1011 Dominus
960 989 1064 1011 omnia
1080 995 1147 1011 ossa
1163 995 1278 1011 eorum.

217 1038 298 1071 Ossa
325 1038 405 1071 dicit
431 1050 495 1083 pro
521 1039 652 1072 animae
679 1038 808 1072 viribus
828 1039 870 1071 ad
891 1050 992 1071 omne
1019 1037 1150 1071 bonnm
1173 1037 1452 1083 praeclarumque
1471 1050 1569 1084 opus.
1598 1040 1683 1073 Nam
1702 1041 1787 1073 sicut

122 1094 251 1141 absque
276 1095 509 1129 materialibus
528 1094 661 1128 ossibus
686 1096 875 1129 humanum
894 1107 1018 1141 corpus
1037 1096 1221 1128 consistere
1240 1096 1372 1140 nequit,
1394 1096 1439 1128 ita
1458 1107 1500 1129 116
1520 1097 1629 1130 anima
1648 1097 1788 1142 quidem

122 1153 185 1185 viri
212 1152 293 1185 boni
319 1153 501 1197 quicquam
527 1158 622 1197 aget,
651 1153 712 1185 nisi
741 1152 915 1186 facultates
941 1163 1016 1185 suas
1041 1151 1171 1185 validas
1197 1151 1338 1189 habeat,
1367 1159 1397 1185 et
1425 1152 1617 1186 nullatenus
1643 1153 1784 1188 luxatas.

121 1229 143 1234 -
169 1210 321 1254 Namque
342 1210 375 1242 in
398 1209 523 1254 peccati
549 1209 802 1254 voluptatisque
829 1208 1054 1246 amatoribus,
1079 1214 1109 1242 et
1136 1209 1237 1241 huius
1262 1209 1350 1242 vitae
1375 1209 1523 1242 tumultu
1550 1210 1729 1255 implicatis
1754 1217 1787 1244 et

123 1266 252 1303 fractis,
273 1269 331 1311 qui
352 1265 425 1300 fieri
444 1271 553 1311 potest
580 1272 616 1298 ut
642 1267 773 1299 animae
792 1277 866 1299 ossa
887 1266 952 1298 iam
979 1265 1183 1299 subsistant?
1202 1266 1283 1299 Ossa
1308 1276 1392 1299 vero
1417 1273 1614 1300 sanctorum
1639 1268 1785 1301 custodit

123 1324 286 1357 Dominus
305 1330 341 1356 ut
360 1324 441 1356 nihil
469 1335 511 1357 ex
537 1324 575 1356 iis
601 1323 853 1367 confringatur,
874 1324 944 1356 sive
963 1323 1046 1355 dum
1065 1323 1173 1356 malos
1191 1322 1319 1355 diaboli
1339 1323 1483 1357 insultus
1503 1325 1694 1369 patiuntur,
1715 1326 1784 1358 sive

120 1380 204 1413 dum
224 1380 352 1413 scelesti
372 1380 528 1413 homines
547 1379 820 1425 perturbationes
846 1380 913 1412 illis
932 1386 965 1413 et
984 1380 1153 1424 angustias
1178 1381 1497 1426 persecutionesque
1524 1382 1695 1415 suscitant.
1719 1383 1785 1416 Vae

121 1439 227 1473 enim.
249 1436 357 1470 aiebat
384 1438 559 1472 Servator,
581 1437 710 1470 mundo
736 1448 753 1469 a
780 1437 963 1469 scandalis!
990 1448 1077 1482 quae
1103 1443 1215 1470 tamen
1241 1438 1375 1470 evenire
1402 1449 1537 1472 11666556
1562 1445 1624 1472 651.

566 1502 607 1524 Et
624 1508 684 1524 non
702 1502 888 1528 delinquent
903 1508 1007 1524 omnes
1023 1503 1077 1529 qui
1094 1504 1223 1529 sperant
1238 1503 1272 1525 in
1289 1509 1333 1525 eo.

213 1552 404 1595 Numquam
430 1551 573 1584 omnino
598 1562 756 1596 peccare,
778 1551 905 1584 nemini
931 1551 1131 1584 mortalium
1156 1553 1308 1584 eveniet:
1330 1553 1364 1585 in
1389 1553 1504 1585 multis
1527 1554 1617 1587 enim
1636 1553 1783 1588 offendi—

118 1618 194 1640 mus
218 1619 356 1643 omnes.
382 1614 415 1640 et
440 1619 459 1641 a
484 1607 586 1641 sorde
612 1619 713 1641 nemo
739 1608 888 1641 mundus
913 1614 980 1645 est,
1008 1620 1050 1641 ne
1075 1609 1102 1641 si
1129 1620 1199 1642 uno
1223 1608 1363 1653 quidem
1389 1609 1444 1642 die
1470 1611 1503 1642 in
1531 1616 1619 1644 terra
1646 1612 1779 1645 vixerit.

117 1665 203 1698 Laus
223 1664 305 1698 haec
325 1666 383 1698 uni
403 1665 559 1698 omnium
578 1666 742 1699 servatori
761 1665 895 1699 Christo
913 1671 1082 1699 reservata
1101 1665 1180 1703 fuit,
1197 1666 1255 1710 qui
1273 1667 1362 1699 Deus
1378 1673 1450 1700 erat
1470 1668 1503 1700 in
1522 1669 1632 1712 specie
1652 1675 1778 1702 nostra.

116 1722 357 1756 Verumtamen
383 1733 445 1756 nos
470 1733 607 1767 quoque
633 1721 761 1767 absque
787 1728 926 1768 peccato
952 1722 1058 1756 futuri
1084 1734 1217 1761 sumus,
1238 1723 1345 1756 modo
1370 1725 1485 1768 gravia
1504 1730 1536 1758 et
1555 1724 1781 1759 intolerabilia

116 1783 218 1822 atque
243 1777 286 1811 ad
311 1785 457 1812 mortem
483 1778 685 1813 deducentia
710 1785 846 1825 peccata
871 1780 1028 1813 vitemus.
1057 1780 1189 1813 Etenim
1213 1791 1281 1813 non
1307 1791 1409 1814 omne
1435 1787 1610 1826 peccatum
1635 1787 1780 1816 mortem

116 1833 226 1868 adfert
253 1834 312 1879 (l).

728 1932 955 1971 PSALMUS
982 1934 1163 1971 XXXIV.

715 2019 868 2049 Expugna
884 2020 1104 2049 impugnantes
1119 2025 1176 2042 me.

209 2067 451 2101 Animadverte
476 2068 654 2112 quomodo
680 2068 777 2102 illum
802 2075 1019 2115 oppugnant,
1041 2075 1074 2102 et
1101 2081 1142 2102 116
1167 2070 1210 2102 511
1227 2069 1316 2102 Deus
1342 2080 1379 2102 ac
1396 2069 1455 2102 Dei
1481 2068 1589 2107 filius,
1611 2075 1776 2114 quantum

115 2125 149 2156 in
175 2125 256 2169 ipsis
281 2131 349 2163 651,
370 2124 566 2170 probibent.
596 2126 769 2159 Praeterea
790 2126 888 2159 illum
907 2126 1135 2160 maximorum
1152 2125 1397 2160 miraculorum
1418 2132 1633 2172 operatorem
1658 2126 1776 2159 viden-

114 2187 180 2219 tes,
202 2181 380 2215 traducere
407 2181 596 2219 audebant,
622 2183 716 2227 quasi
742 2194 807 2228 ope
833 2181 1022 2216 Beelzebuli
1048 2183 1226 2216 daemonia
1252 2184 1398 2217 eiiceret.
1428 2184 1466 2216 Et
1493 2195 1602 2228 neque
1627 2184 1689 2228 ipsi
1715 2195 1776 2216 vo-

114 2237 229 2272 lebant
254 2238 409 2277 credere,
437 2245 468 2272 et
494 2239 579 2273 alios
605 2239 702 2273 simul
731 2239 974 2285 impediebant.
1003 2238 1124 2274 Aiebat
1148 2241 1260 2285 itaque
1287 2240 1436 2273 Christus
1461 2241 1488 2272 ⁸:
1516 2240 1614 2274 vobis
1638 2251 1775 2286 quoque

114 2294 197 2340 legis
215 2296 330 2341 peritis
347 2296 423 2329 vae!
443 2297 501 2341 qui
521 2297 677 2330 scientiae
696 2297 817 2330 clavim
837 2297 1032 2335 sustulistis,
1049 2303 1082 2331 61
1099 2309 1209 2342 neque
1227 2309 1288 2331 vos
1306 2297 1540 2343 ingredimini,
1562 2308 1672 2341 neque
1690 2296 1775 2330 alios

113 2351 244 2396 ingredi
269 2352 388 2385 sinitis.
418 2352 469 2385 Illi
496 2365 577 2386 vero
604 2352 712 2387 turbis
739 2354 781 2387 de
807 2365 848 2387 eo
868 2353 1025 2388 dicebant
1046 2354 1073 2386 ⁹:
1096 2353 1313 2388 daemonium
1339 2353 1460 2391 habet,
1482 2360 1514 2386 et
1541 2353 1638 2391 furit;
1659 2364 1719 2386 cur
1744 2354 1771 2387 ei

112 2409 331 2443 auscultatis?

419 2475 662 2500 Confundantur
677 2479 708 2500 et
724 2480 943 2506 revereantur,
958 2479 1012 2505 qui
1029 2480 1185 2506 quaerunt
1202 2479 1339 2500 nnImam
1354 2483 1462 2500 meam.

207 2527 388 2571 Postquam
407 2526 493 2559 adeo
512 2527 687 2565 acerbum,
704 2535 738 2561 61
754 2535 919 2574 quantum
936 2529 971 2562 in
988 2529 1069 2574 ipsis
1088 2528 1166 2565 fuit.
1183 2527 1413 2561 inevitabilem
1426 2527 1594 2560 Servatori
1614 2526 1771 2572 laqueum

109 2583 344 2621 tetenderunt,
368 2583 500 2628 pudore
519 2585 770 2630 ignominiaque
790 2586 918 2631 perfusi
941 2592 1035 2623 sunt,
1058 2597 1135 2619 cum
1153 2596 1285 2621 eversa,
1308 2590 1427 2629 utpote
1445 2584 1552 2621 Deus,
1575 2584 1694 2617 mortis
1713 2595 1772 2630 po-

102 2640 207 2673 tentia
236 2640 403 2685 templum
424 2652 522 2673 suum
541 2642 707 2675 excitavit.
736 2643 865 2676 Revixit
885 2644 975 2676 enim
995 2654 1012 2676 a
1031 2642 1193 2679 mortuis,
1215 2647 1316 2686 atque
1334 2640 1375 2674 ad
1396 2642 1503 2673 Deum
1524 2646 1654 2685 patrem
1674 2652 1771 2674 suum

108 2697 141 2729 in
161 2696 275 2730 caelos
300 2698 507 2731 conscendit.
528 2699 620 2732 Tunc
638 2699 813 2732 enimvero
832 2700 961 2733 confusi
981 2706 1056 2733 sunt
1077 2705 1109 2732 et
1129 2698 1316 2743 pudefacti,
1338 2704 1374 2730 ut
1393 2697 1480 2733 dixi,
1502 2708 1539 2730 ac
1560 2703 1652 2731 retro
1670 2698 1773 2732 etiam

98 2765 189 2788 cesse
201 2760 299 2788 runt.

204 2839 240 2868 (1)
258 2837 431 2864 Peccatorum
450 2837 596 2864 venialium
616 2838 816 2865 distinctionem
835 2847 850 2866 a
869 2839 1029 2866 mortalibus
1048 2838 1178 2864 habemus
1198 2836 1270 2871 apud
1290 2836 1467 2864 tridentinam
1480 2836 1615 2872 synodum
1635 2845 1699 2865 sess.
1718 2840 1761 2865 Vl.

110 2882 230 2915 Namque
248 2881 339 2908 omnia
358 2885 466 2915 peecata
485 2889 543 2908 esse
562 2881 683 2916 aequalia
704 2881 867 2916 paradoxum
884 2882 936 2910 fuit
950 2884 1119 2914 Stoicorum,
1132 2880 1207 2916 quod
1221 2881 1314 2908 Cicero
1330 2882 1358 2907 in
1371 2880 1566 2916 philosophicis
1579 2883 1637 2908 suis
1651 2881 1767 2916 exponit,

1621 2937 1653 2960 20

1830 598 1849 613 1.
1868 596 1897 613 19.

1856 692 1915 713 nior.
1934 693 2011 713 xxm.

1830 694 1838 702 2

1829 722 1853 740 211

1830 769 1850 783 l.
1866 768 1891 783 *A*

1823 1338 1860 1359 Gr,
1875 1344 1897 1364 p.
1912 1341 1950 1359 24:

1816 2256 1822 2260 “
1840 2253 1891 2273 Luc.
1908 2253 1935 2273 ΧΙ
1961 2256 1984 2273 >2

1814 2365 1821 2371 '
1838 2363 1885 2383 lon.
1904 2363 1927 2383 X.
1945 2366 1969 2383 :20
