2205 3177
157 895 161 899 ·
181 890 227 911 tuh.
245 890 281 910 M.
297 893 328 910 21.

250 924 259 934 ,Ι
285 920 329 935 ’,ΝΔ

165 1644 170 1651 ·
190 1640 237 1660 toti.
255 1640 279 1659 1,
296 1644 328 1660 12¹.

166 1872 169 1875 ·
189 1868 235 1888 1011.
254 1868 281 1889 11.
299 1872 328 1889 10.

376 241 438 274 188
876 248 903 270 s.
933 247 1059 270 cratus
1086 247 1307 270 ALEXANDMNJ
1333 247 1537 270 fixeram-rm

370 316 478 349 vaxit.
501 313 689 356 dolumque
716 311 876 345 latentem
904 311 1108 347 denudavit.
1132 311 1331 345 subxertere
1352 323 1406 345 me
1427 311 1621 357 proditione
1647 322 1705 345 sua
1732 311 1931 345 connitcns‘x‘
1957 313 2041 346 Nam

369 372 567 405 calcaneum
587 369 793 413 nuncupaxit
814 369 934 401 dolum
954 380 991 401 ac
1010 368 1232 407 maleficium,
1255 375 1350 414 capta
1372 369 1571 414 metaphora
1592 368 1634 402 ab
1654 369 1710 407 iis,
1732 370 1791 413 qui
1810 370 1853 402 de
1871 370 2043 404 celeritate

370 434 521 465 certant,
545 426 774 470 calcaneoque
802 426 1027 471 impingentes
1052 425 1130 459 dant
1152 438 1293 472 operam
1314 432 1348 459 111
1368 432 1610 459 concurrentes
1636 437 1715 459 suos
1741 433 1957 471 prosternant
1980 427 2039 472 (1).

595 491 642 514 Τιι
660 494 778 517 nutem,
795 491 944 515 Domine.
960 492 1105 514 miseren-e
1121 493 1197 515 mei:
1215 494 1242 514 el
1262 493 1411 514 rosi-seim
1427 499 1487 516 me,
1502 494 1532 513 et
1550 492 1723 514 ron-thuani
1740 492 1816 514 illis.

464 542 553 574 llaec
578 541 713 573 Christo
739 542 945 574 conxeniunt
972 541 1159 573 secundum
1180 540 1398 574 humanitatis
1424 541 1617 574 modulum.
1646 542 1730 574 Nam
1751 552 1867 574 rursus
1887 541 2040 574 animad-

368 605 481 634 xerte.
506 600 612 631 Deum
633 597 802 633 Verbum.
826 598 934 631 l‘orma
961 604 991 631 et
1021 598 1223 643 aequalitate
1249 599 1307 631 Dei
1335 599 1439 643 11111115
1466 598 1676 643 praeditum.
1698 610 1736 631 ex
1763 599 1835 631 eius
1854 597 2041 632 substantia

369 662 502 691 natum.
524 655 638 688 throni
665 662 694 688 et
722 656 877 689 omnium
905 667 1020 688 rerum
1047 655 1179 700 imperii
1206 656 1353 691 socium,
1378 668 1466 688 nunc
1492 656 1677 689 demissum
1696 668 1734 688 ae
1753 656 1969 689 deminutum
1994 654 2041 688 ob

368 719 521 746 nostram
546 713 825 748 similitudinem,
854 719 885 746 01
914 713 1109 746 humanitus
1136 713 1249 757 11011115
1274 712 1320 745 ob
1347 714 1631 750 exinanitionem.
1660 724 1763 757 qnam
1789 713 1969 751 divinitus,
1998 714 2040 747 ad

369 777 500 816 patrem
526 782 626 803 suum
653 771 843 803 orationem
870 776 1087 803 conwrtere:
1111 770 1270 803 miserere
1298 770 1384 807 mei,
1406 770 1534 814 inquit.
1555 777 1587 803 et
1615 771 1773 803 resuscita
1796 782 1862 804 me.
1891 770 1981 811 Quid
2007 772 2039 804 ni

369 834 482 861 tamen
510 828 639 861 cunctis
665 828 880 873 exploratum
907 828 971 865 sit,
1002 828 1112 872 ipsum
1140 833 1258 872 suapte
1284 833 1402 860 natura
1431 827 1696 861 misericordiam
1723 838 1795 861 esse
1819 828 1878 861 Dei
1905 829 2040 873 patris?

371 886 481 930 ipsum
508 885 662 918 similiter
689 896 760 918 esse
786 885 1071 918 resurrectionem
1099 896 1136 917 ac
1161 884 1282 922 vitam,
1303 890 1405 929 prout
1424 883 1583 917 idemmet
1605 885 1785 918 affirmavit
1807 885 1830 918 ⁶.
1859 885 1923 918 Sed
1950 886 2040 919 enim

368 943 521 988 oportuit
549 954 626 975 eum
653 953 790 975 omnem
818 942 979 975 iustitiam
1006 940 1421 986 1)0111001·0;0100001001
1451 940 1555 974 sactus
1581 948 1648 975 erat
1677 942 1801 980 homo,
1824 942 2042 977 humanitatis

368 999 458 1033 haud
486 1011 642 1033 recusare.
669 999 916 1037 humilitatem,
940 1010 1049 1044 neque
1076 998 1334 1031 0011100101110111
1362 998 1439 1031 huic
1465 999 1655 1031 orationem
1681 999 1876 1044 dedignari,
1901 999 1947 1033 ob
1972 1000 2041 1034 sol-

368 1057 490 1090 lertem
516 1057 779 1102 dispensationis
798 1057 978 1089 rationem.
1002 1056 1159 1089 Ceterum
1179 1055 1324 1088 dicimus
1342 1055 1610 1088 misericordiam
1631 1056 1800 1102 simulque
1820 1058 2041 1091 resurrectio-

369 1126 446 1148 nem
473 1126 541 1148 non
573 1121 639 1147 tam
670 1113 733 1147 sibi
765 1126 868 1159 quam
899 1112 998 1147 nobis
1030 1116 1174 1158 utraque
1206 1112 1383 1157 egentibus
1414 1113 1615 1158 postulasse.
1645 1115 1728 1146 Nam
1756 1115 1850 1147 sicuti
1881 1115 1980 1160 eulpa
2006 1115 2040 1148 in

368 1171 537 1205 mundum
563 1172 778 1209 introeunte,
801 1171 899 1204 irruit
926 1171 1025 1204 simul
1054 1171 1086 1203 in
1113 1169 1271 1203 eumdem
1298 1176 1472 1214 tamquam
1495 1170 1614 1215 cnlpae
1643 1170 1709 1204 titia
1736 1183 1847 1209 01015;
1870 1172 1914 1205 ita
1941 1171 2040 1218 culpa

369 1229 411 1262 de
431 1228 563 1262 mundo
583 1228 743 1273 depulsa,
766 1240 858 1261 mors
879 1229 1006 1274 pariter
1025 1227 1162 1273 expulsa
1185 1227 1259 1260 suit.
1283 1226 1508 1260 lustiiicannzr
1527 1228 1616 1259 enim
1636 1228 1670 1260 in
1689 1228 1840 1266 Christo,
1862 1229 2041 1262 miserante

369 1298 431 1318 1105
452 1287 522 1319 Deo
543 1292 650 1330 patre.
682 1287 797 1318 Finem
817 1286 921 1331 igitur
946 1284 1049 1318 habet
1068 1297 1161 1317 mors
1181 1285 1213 1317 10
1233 1285 1356 1317 Christi
1377 1285 1641 1319 resurrectione.
1663 1296 1723 1329 per
1741 1296 1844 1329 quem
1864 1292 1896 1319 et
1914 1286 1949 1319 in
1971 1297 2041 1331 quo

370 1343 411 1376 ad
432 1343 726 1388 incorruptionem
747 1344 919 1388 vitamque
939 1343 1087 1376 humana
1105 1348 1223 1375 natura
1244 1341 1442 1375 reflorescit.
1463 1341 1607 1381 Quando
1625 1353 1725 1386 ergo,
1742 1343 1868 1387 inquit,
1886 1354 1907 1376 o
1925 1349 2038 1388 pater,

369 1412 423 1433 me
451 1400 719 1435 resuscitaveris.
743 1406 822 1433 tunc
849 1399 1035 1433 retribuam
1064 1399 1147 1435 11115,
1170 1398 1324 1432 videlicet
1352 1397 1581 1432 offensoribus
1607 1400 1702 1432 meis.
1731 1398 1883 1433 Observa
1908 1406 2039 1441 tamen,

369 1458 547 1502 quomodo
574 1457 616 1490 ab
643 1457 764 1490 lmmili
791 1458 958 1491 sermonis
984 1457 1116 1502 specie,
1138 1455 1178 1489 ad
1206 1456 1307 1499 digna
1335 1457 1405 1489 Deo
1433 1454 1536 1488 rerba
1563 1467 1681 1488 rursus
1706 1456 1852 1490 transilit
1878 1457 1936 1502 (2).
1965 1458 2041 1491 Non

370 1516 460 1547 enim
487 1515 620 1549 caelesti
649 1516 736 1560 patri
761 1515 842 1547 dixit
858 1541 865 1550 ,
886 1514 1026 1559 quando
1046 1525 1099 1547 me
1119 1514 1388 1547 resuscitaveris.
1411 1519 1490 1545 tunc
1511 1514 1588 1545 item
1610 1513 1676 1546 illis
1695 1512 1881 1552 retribues;
1902 1514 1961 1548 sed
1980 1526 2040 1549 ceu

370 1572 505 1605 futurus
531 1572 603 1617 ipse
622 1573 777 1605 omnium
798 1571 915 1607 iudex,
938 1582 1107 1615 xerusque
1127 1571 1231 1608 Deus,
1252 1581 1315 1615 ego
1341 1568 1546 1605 retribuam.
1570 1571 1696 1614 inquit,
1717 1570 1796 1603 illis.
1825 1572 1979 1616 Namque
2006 1577 2041 1605 ut

368 1628 449 1662 alibi
469 1631 540 1675 ipse
566 1629 647 1662 dicit
670 1630 700 1662 ἐ
724 1636 819 1675 pater
845 1641 914 1662 non
940 1628 1065 1661 iudicat
1091 1639 1316 1673 quemquam,
1338 1628 1397 1660 sed
1425 1638 1525 1660 omne
1551 1627 1713 1661 iudicium
1733 1627 1873 1661 tradidit
1892 1627 1983 1668 filio,
2004 1635 2043 1662 ut

368 1697 487 1719 omncs
515 1686 624 1719 lilium
651 1686 742 1720 haud
764 1698 858 1719 secus
877 1697 980 1730 quam
1002 1693 1132 1730 patrem
1153 1685 1336 1718 honorent.
1366 1683 1465 1724 Quod
1490 1690 1619 1723 autem,
1641 1685 1770 1717 etiamsi
1790 1691 1884 1730 pater
1909 1685 2042 1719 dicatur

369 1743 549 1777 dominum
570 1750 726 1777 nostrum
746 1744 857 1777 lesum
878 1743 1047 1777 Christum
1066 1743 1242 1776 suscitasse
1262 1754 1279 1775 a
1299 1742 1459 1779 mortuis,
1481 1752 1598 1787 reapse
1617 1740 1708 1775 filius
1726 1753 1787 1787 per
1806 1753 1840 1775 se
1858 1742 1893 1775 id
1913 1744 2039 1788 egerit,

369 1802 445 1846 quis
464 1800 622 1834 dubitari¹
641 1802 766 1845 queat'?
795 1802 868 1846 lpse
887 1801 977 1833 enim
991 1826 998 1837 ,
1020 1806 1055 1833 111
1076 1801 1140 1833 iam
1162 1799 1250 1838 dixi,
1272 1800 1477 1832 resurrectio
1497 1810 1534 1832 ac
1555 1800 1619 1832 11111
1639 1805 1701 1832 est.
1730 1800 1841 1839 Quare
1859 1805 1892 1833 et
1910 1799 2042 1834 ludaeis

369 1858 412 1891 de
438 1870 500 1890 5110
527 1870 672 1903 corpore
699 1857 805 1891 aiebat
839 1859 872 1890 ἐ
902 1857 1022 1891 solvite
1050 1857 1215 1902 tempium
1247 1857 1336 1894 hoc,
1366 1863 1395 1889 et
1425 1867 1488 1901 ego
1518 1855 1627 1889 tribus
1657 1856 1691 1889 id
1722 1855 1843 1890 diebus
1872 1857 2038 1892 excitabo.

370 1915 546 1947 Postremo
572 1914 664 1959 quod
694 1926 821 1959 poenas
848 1926 927 1948 suae
955 1915 986 1946 in
1014 1915 1125 1959 ipsum
1152 1914 1334 1959 impietatis
1362 1913 1475 1946 Iudaei
1506 1913 1682 1951 dederint,
1712 1925 1780 1946 non
1809 1920 1860 1947 est
1885 1913 2042 1959 pluribus

367 1970 482 2004 1011115
508 1971 801 2007 confirmandum,
824 1972 904 2017 ipsis
924 1971 988 2004 hoc
1008 1970 1232 2004 clamantibus
1256 1982 1371 2004 rerum
1391 1970 1580 2004 eventibus.
1610 1970 1744 2015 Quippe
1768 1970 1847 2003 illos
1869 1972 2042 2005 Romano-

368 2040 444 2061 rum
473 2029 629 2074 potestati
659 2028 809 2061 tradidit.
842 2028 968 2061 Deinde
997 2040 1114 2061 rursus
1140 2028 1292 2061 humano
1319 2039 1414 2061 more
1441 2029 1503 2061 ait:

882 2094 919 2116 In
938 2094 994 2116 1100
1010 2095 1153 2121 cognovi,
1169 2094 1317 2120 quoniam
1336 2093 1460 2116 voluisti
1477 2100 1534 2116 me.

464 2144 669 2177 Ilumanitus
696 2144 810 2176 denno
838 2143 1008 2189 loquitur,
1032 2150 1205 2188 tamquam
1232 2143 1309 2176 ideo
1336 2143 1441 2176 homo
1468 2142 1591 2182 faetus,
1617 2150 1653 2177 ut
1679 2155 1742 2178 nos
1766 2144 1801 2177 in
1827 2156 1861 2178 se
1888 2146 1963 2191 ipso
1988 2145 2041 2179 of-

368 2201 468 2233 ferret
490 2202 561 2235 Deo
581 2202 685 2246 patri.
709 2207 784 2246 post
803 2201 897 2233 illam
919 2207 1069 2234 nostram
1088 2200 1131 2234 ab
1150 2200 1271 2234 eodem
1290 2201 1361 2233 Deo
1381 2201 1608 2239 mersionem,
1630 2202 1905 2246 transgressionis
1923 2214 2039 2242 causa,

367 2264 399 2291 et
427 2259 610 2303 prementis
637 2270 698 2290 nos
725 2258 905 2302 tyrannide,
925 2270 982 2291 sua
1003 2258 1143 2303 peccati.
1174 2259 1326 2301 Namque
1346 2258 1380 2290 in
1399 2258 1532 2291 Christo
1559 2259 1646 2292 nacti
1673 2270 1789 2292 sumus
1814 2260 1919 2304 patris
1944 2259 2042 2294 fami-

283 2327 327 2345 3¹».
368 2314 568 2352 liaritatem,
590 2321 622 2348 et
645 2321 676 2347 ut
698 2314 859 2359 deinceps
878 2315 1073 2359 diligamur.
1105 2315 1179 2359 lpse
1205 2314 1295 2347 enim
1316 2325 1381 2359 pax
1401 2320 1516 2347 nostra
1536 2321 1582 2347 est
1596 2340 1604 2352 ,
1625 2315 1725 2348 ianua
1748 2326 1787 2349 ac
1809 2317 1862 2349 1111
1882 2315 1924 2350 ad
1943 2317 2044 2362 spiri-

367 2371 468 2404 talem
489 2371 743 2416 adsequendain
763 2372 957 2404 amicitiam.
981 2371 1125 2411 Quando
1145 2382 1247 2415 ergo,
1270 2371 1396 2416 inquit,
1418 2382 1440 2404 o
1460 2377 1576 2416 pater,
1597 2373 1849 2406 resuscitaveris
1868 2384 1940 2412 me,
1961 2380 2043 2407 tunc

366 2429 459 2472 quod
487 2441 541 2463 me
568 2430 735 2463 10100115.
758 2430 877 2467 sciam,
900 2440 1024 2474 nempe
1050 2428 1144 2473 quod
1173 2429 1350 2461 amaveris.
1380 2430 1465 2461 Nam
1492 2440 1609 2475 reapse
1635 2430 1668 2463 10
1695 2441 1812 2463 amore
1830 2430 1944 2464 omnia
1963 2437 2042 2464 sunt

366 2486 570 2520 mluntai-ia.
602 2488 641 2519 Et
668 2493 746 2519 tunc
774 2498 843 2519 0011
869 2485 1033 2531 gaudebit
1057 2486 1216 2518 inimicus
1234 2496 1330 2518 meus
1349 2497 1453 2531 super
1478 2498 1545 2519 me.
1575 2487 1752 2520 Inimicum
1780 2488 1883 2521 totius
1902 2487 2040 2521 humani

367 2544 500 2585 generis
526 2543 704 2577 diabolum
726 2543 910 2587 intelliges,
931 2543 990 2587 qui
1012 2549 1161 2576 mortem
1180 2553 1242 2587 per
1261 2548 1437 2587 peccatum
1465 2544 1603 2577 invexit.
1632 2545 1696 2577 Hic
1715 2556 1732 2578 a
1751 2544 1877 2590 gaudio
1902 2544 2042 2578 demum

366 2599 528 2637 cessabit,
550 2612 627 2633 cum
656 2601 867 2633 immutatam
888 2600 929 2633 ad
951 2600 1246 2645 incorruptionem
1273 2599 1392 2632 viderit
1422 2599 1606 2634 humanam
1626 2607 1799 2639 naturam,
1821 2601 2042 2636 transforma-

365 2661 434 2687 tam
461 2657 493 2688 in
522 2658 757 2701 primigeniam
785 2658 950 2702 speciem,
972 2663 1111 2702 peccato
1136 2657 1264 2694 eiecto,
1285 2662 1319 2689 et
1344 2667 1421 2689 00111
1449 2668 1490 2690 00
1516 2659 1644 2703 [11111101
1665 2658 1872 2704 corruptela.
1902 2659 2042 2704 Proprie

468 2767 497 2795 '1,
519 2765 570 2798 Qui
592 2765 673 2792 liuius
694 2767 730 2793 rei
752 2768 792 2794 vel
812 2768 885 2800 ludi,
905 2767 931 2794 id
952 2772 993 2794 est
1013 2770 1097 2804 σφυρῷ
1118 2767 1317 2803 προσπαλαίειν.
1337 2766 1548 2803 descriptionem
1569 2775 1732 2803 cognoscere
1751 2772 1844 2801 avent,
1863 2767 1962 2795 adeant
1980 2768 2041 2795 Phi-

367 2807 509 2834 lostratum
530 2808 662 2836 seniorem
684 2810 765 2845 imag.
787 2811 834 2838 lib.
858 2813 893 2838 11.
914 2816 957 2845 6.‚
977 2812 1005 2838 in
1025 2812 1218 2839 Arrhiehione.

466 2854 497 2882 2.
519 2851 627 2886 Ibique
646 2853 691 2879 dat
712 2862 820 2888 operam
835 2856 954 2891 Cyrillus
973 2855 1160 2883 adfirmandae
1179 2859 1273 2883 contra
1288 2856 1405 2883 Arianos
1419 2856 1520 2883 Christi
1541 2863 1616 2883 verae
1635 2855 1786 2889 divinitati,
1801 2863 1872 2891 quae
1885 2855 1919 2887 jn
1938 2854 2040 2890 passio-

368 2896 410 2921 nis
430 2895 511 2921 etiam
533 2894 687 2922 humilitate
707 2897 803 2924 elucet.
