2205 3177
170 394 221 440 ἰ-Ρε
244 391 342 414 (ixx'tll⁴

288 522 296 533 ι
327 520 332 534 t

206 544 234 560 13-
259 548 266 566 1
298 544 341 561 ΓΑΕ

201 1435 228 1449 ἰι
253 1438 261 1457 1
293 1434 335 1452 5³1.

144 2289 164 2307 Ἰ
183 2292 227 2309 (nr
246 2289 276 2309 Μ
302 2292 329 2310 ’.7.

383 201 454 234 270
889 206 917 229 S.
946 205 1075 229 CYRILLI
1101 205 1325 228 ALEXANDMM
1350 204 1557 228 EXPLANATIO

384 286 472 321 opus
497 282 625 307 sumus.
656 270 788 304 Idcirco
805 275 837 305 ct
857 268 1007 315 populus
1025 269 1118 307 cius,
1139 275 1173 302 ct
1192 280 1274 303 oves
1292 268 1446 311 ciusdem
1472 268 1661 303 existimus.
1690 269 1862 316 Populum
1879 277 1994 306 autem
2012 283 2067 306 re-

385 337 504 377 putare
529 329 623 365 licet,
645 333 777 373 partem
796 325 996 359 mortalium
1016 326 1124 371 magis
1142 325 1363 360 rationalem:
1387 337 1469 359 oves
1487 337 1572 359 vero
1592 332 1724 372 partem
1742 326 1836 361 illam
1856 327 1919 362 hac
1937 329 2066 363 discre-

384 389 475 422 tione
501 386 698 420 destitutam
711 410 719 423 ,
743 395 854 428 neque
873 382 1072 416 divinorum
1090 382 1314 417 oraculorum
1334 383 1555 429 participem;
1578 384 1669 417 iuxta
1690 383 1777 418 illud
1798 385 1829 418 ἐ
1850 387 1961 420 erravi
1979 387 2065 421 sicut

383 445 456 478 ovis
479 454 567 489 quae
593 442 705 488 periit.

886 505 940 528 Pu.
956 504 990 528 (Σ
1007 504 1074 528 Non
1091 505 1236 528 adhaesit
1252 506 1331 528 mihi
1349 512 1401 528 eoi·
1418 511 1560 533 pravum.

478 557 514 591 ld
541 564 591 592 est
616 556 722 591 homo
748 566 894 602 pravum
919 566 979 589 cor
1005 566 1065 589 seu
1091 555 1278 589 distortum
1305 554 1448 589 habens.

474 615 527 648 Ad
553 626 587 648 v.
610 615 645 647 4.
671 619 705 647 et
728 614 762 647 5.
788 614 928 647 Sanctae
953 612 1077 646 mentis
1104 611 1235 645 fructus
1259 618 1327 650 est,
1351 611 1512 646 detestari
1538 612 1676 658 impios.
1705 613 1866 647 Summae
1890 624 1975 648 vero
2001 615 2064 648 im-

381 671 559 719 probitatis
585 676 826 716 argumentum
851 675 919 708 cst,
940 668 1105 703 fratribus
1130 667 1337 703 obtrectare.

1041 764 1273 803 PSALMUS
1301 765 1402 805 CIII.

952 849 1116 872 Animalia
1134 849 1254 877 pusula
1270 856 1340 873 eum
1357 850 1491 879 magnis.

474 902 547 935 Hoc
571 912 710 947 quoque
728 899 864 933 divinae
883 899 1124 945 providentiae
1150 905 1393 944 argumentum
1411 906 1479 939 est,
1499 899 1596 945 quod
1621 901 1753 936 minuta
1780 901 1979 935 animalium
2004 913 2066 949 ge-

377 970 458 994 nera
483 970 561 993 cum
587 958 721 1004 magnis
747 962 950 995 versantur,
971 958 1055 1002 quin
1082 956 1125 990 ab
1151 957 1205 990 his
1230 957 1374 991 omnino
1400 963 1661 991 consumantur.

928 1021 1104 1045 Iucundum
1120 1021 1164 1044 sit
1179 1021 1209 1045 ei
1225 1021 1385 1049 eloquium
1400 1027 1513 1046 meum·

474 1072 658 1118 Eloquium
684 1071 767 1106 dicit
792 1070 1047 1110 laudationem
1072 1083 1151 1105 nam
1177 1071 1237 1116 qui
1263 1070 1399 1117 psallit,
1420 1072 1533 1105 Deum
1558 1070 1760 1117 alloquitur.

971 1137 1131 1160 Dent-tant
1147 1138 1322 1164 peccatores
1338 1144 1358 1160 a
1374 1138 1471 1160 terra.

471 1188 537 1223 Sed
563 1189 606 1223 ad
632 1188 715 1222 haec
734 1187 877 1222 fortasse
898 1187 989 1221 dicet
1008 1188 1150 1233 aliquis:
1173 1198 1302 1233 ergone
1327 1187 1449 1221 beatus
1474 1186 1645 1234 propheta
1663 1188 1873 1234 imprecatur
1891 1188 1932 1222 iis
1950 1189 2009 1234 qui
2028 1189 2064 1223 in

377 1253 515 1292 peccato
540 1245 746 1280 versantur?
764 1256 893 1291 ergone
912 1256 1033 1279 omnes
1052 1244 1200 1290 peccatis
1225 1245 1378 1279 irretitos
1397 1245 1511 1291 perire
1536 1244 1737 1290 destruique
1761 1245 1861 1278 vult?
1879 1245 1983 1291 Atqui
2001 1245 2064 1280 de-

377 1303 473 1337 cebat
499 1309 654 1337 sanctum
673 1309 706 1336 ct
725 1302 844 1336 divino
863 1303 992 1348 Spiritu
1017 1302 1218 1336 instinctum
1237 1301 1413 1336 hominem
1432 1313 1533 1336 orare
1558 1303 1673 1348 potius
1691 1313 1757 1348 pro
1774 1301 1974 1337 infirmitate
1991 1304 2064 1337 ani-

375 1372 451 1394 mae
477 1359 728 1394 laborantibus.
757 1361 798 1393 Et
823 1359 929 1406 paulo
955 1366 1045 1406 post.
1074 1359 1165 1393 Audi
1192 1359 1373 1405 deinceps,
1401 1371 1482 1393 nam
1508 1360 1625 1406 paucis
1650 1371 1724 1393 rem
1750 1359 1948 1393 edisseram.
1975 1360 2065 1394 Ante

375 1419 564 1452 Servatoris
589 1417 793 1456 adventum,
815 1418 928 1451 cuncti
954 1418 991 1451 in
1016 1417 1163 1463 peccatis
1189 1416 1452 1456 volutabamur,
1476 1415 1720 1451 dominabatur
1744 1416 1878 1450 mundo
1902 1417 2061 1457 Satanas,

376 1486 445 1509 non
471 1481 544 1509 erat
568 1475 628 1521 qui
654 1474 787 1509 bonum
813 1474 940 1508 faceret
964 1485 1007 1508 ne
1032 1486 1122 1508 unus
1147 1474 1288 1520 quidem
1303 1500 1312 1513 ,
1341 1485 1463 1508 omnes
1487 1473 1768 1511 declinaverant,
1796 1473 1898 1507 simul
1924 1473 2065 1509 inutiles

376 1532 453 1567 facti
479 1539 588 1567 erant.
617 1533 751 1567 Etlinici
770 1532 947 1567 idolorum
966 1531 1115 1566 cultores
1135 1532 1325 1566 modestiae
1344 1543 1459 1566 mores
1478 1531 1693 1571 nesciebant,
1715 1532 1877 1566 honestae
1901 1532 1992 1566 vitae
2010 1544 2064 1567 se-

376 1591 495 1624 mitam
518 1589 744 1636 ignorabant,
766 1591 872 1624 immo
898 1601 941 1624 ne
967 1590 1081 1636 ipsum
1105 1589 1247 1635 quidem
1272 1589 1430 1623 omnium
1449 1595 1639 1623 creatorem
1665 1596 1945 1635 servatoremque
1963 1589 2064 1623 Chri-

374 1654 463 1681 stum
491 1646 756 1693 cognoscebant.
787 1647 902 1681 Iudaei
921 1648 1004 1681 item
1023 1646 1198 1681 habebant
1217 1646 1358 1692 quidem
1377 1646 1567 1692 paedagogi
1586 1647 1693 1680 instar
1712 1647 1822 1692 legem
1834 1672 1842 1686 ,
1866 1646 1926 1680 sed
1946 1652 2063 1681 tamen

375 1706 410 1738 in
435 1705 510 1750 lege
536 1704 711 1739 iustificari
738 1705 844 1739 homo
864 1716 934 1738 non
954 1710 1102 1750 poterat.
1131 1705 1171 1737 Et
1191 1704 1296 1750 paulo
1315 1710 1406 1750 post.
1434 1704 1526 1749 Ergo
1546 1715 1665 1738 omnes
1685 1705 1720 1737 in
1740 1704 1887 1750 peccatis
1905 1715 2060 1743 eramus;

375 1763 553 1807 iniquitate
578 1769 670 1797 terra
689 1761 919 1798 redundabat.
948 1762 1133 1807 Postquam
1158 1772 1243 1795 vero
1269 1762 1429 1807 apparuit
1447 1762 1663 1807 unigenitum
1681 1762 1741 1795 Dei
1760 1760 1933 1800 Verbum,
1954 1767 1988 1795 et
2013 1761 2062 1796 fa-

375 1825 467 1853 ctum
486 1825 537 1852 cst
555 1819 661 1853 homo
673 1845 681 1858 ,
703 1819 901 1853 desiverunt
919 1825 1133 1865 peccatores,
1155 1818 1355 1852 defecerunt
1373 1819 1431 1863 qui
1452 1817 1689 1864 iniquitatibus
1708 1817 1946 1864 indulgebant.
1969 1819 2062 1859 Quo-

374 1876 480 1910 modo
506 1877 558 1915 id,
582 1877 748 1922 inquam?
775 1876 973 1910 Iustificavit
991 1888 1115 1921 nempe
1133 1887 1270 1914 omnes,
1292 1874 1493 1910 criminibus
1519 1877 1657 1914 avertit,
1679 1874 1809 1910 liberos
1828 1882 2065 1922 purgatosque

373 1933 495 1968 effecit.
524 1934 577 1968 Sic
601 1945 686 1979 ergo
711 1939 908 1980 peccatores
932 1933 1040 1967 relicti
1068 1939 1147 1967 sunt
1173 1934 1290 1979 pauci,
1311 1933 1412 1967 multi
1437 1944 1522 1968 vero
1547 1933 1719 1967 iustificati
1744 1933 1805 1979 (1).

1036 2030 1267 2068 PSALMUS
1296 2030 1397 2069 CIX.

807 2114 940 2144 virgam
957 2115 1086 2137 virtutis
1102 2115 1225 2137 emittet
1241 2115 1301 2137 tihi
1318 2115 1472 2138 Dominus
1487 2121 1523 2138 ex
1541 2114 1630 2138 Sion.

467 2165 587 2198 Factus
605 2170 656 2198 est
674 2163 775 2198 nobis
794 2165 888 2209 virga
908 2165 1044 2198 virtutis
1062 2165 1233 2203 Christus,
1256 2164 1315 2210 qui
1335 2170 1385 2198 est
1405 2176 1446 2198 ex
1465 2165 1565 2203 Sion,
1589 2175 1738 2210 superna
1757 2164 1897 2198 scilicet.
1926 2164 2063 2199 Idcirco

371 2227 404 2254 et
429 2220 582 2255 caelestis
607 2222 819 2255 nominatur.
848 2223 924 2255 Non
952 2223 1043 2255 enim
1070 2233 1132 2255 ceu
1158 2222 1291 2267 primus
1316 2221 1428 2256 Adam
1447 2222 1491 2256 de
1510 2228 1600 2256 terra
1626 2228 1803 2261 terrenus,
1823 2222 1884 2256 sed
1902 2233 1944 2256 ex
1963 2221 2062 2257 caelo

371 2289 558 2323 supernus,
578 2284 616 2312 ut
641 2277 764 2312 beatus
789 2279 944 2324 loquitur
969 2279 1094 2312 Paulus
1118 2279 1128 2288 '
1154 2280 1214 2324 (2).

1018 2373 1183 2412 PSALM
1191 2374 1250 2412 US
1277 2375 1416 2413 CXIII.

923 2459 1050 2482 Similes
1066 2459 1134 2482 illis
1151 2459 1229 2482 flant
1247 2460 1302 2486 qui
1320 2460 1444 2482 faciunt
1460 2467 1507 2483 en.

463 2506 601 2540 Etiamsi
629 2506 770 2541 facimus
796 2508 962 2553 imagines
987 2509 1126 2554 piorum
1152 2508 1355 2545 hominum,
1380 2520 1450 2542 non
1477 2516 1592 2544 tamen
1618 2516 1655 2544 ut
1681 2521 1737 2544 eas
1761 2510 1946 2544 adoremus
1972 2516 2060 2544 tam-

370 2573 473 2606 quam
499 2563 602 2602 deos;
623 2564 681 2597 sed
710 2571 747 2598 ut
771 2565 811 2598 iis
837 2565 1015 2610 inspectis,
1038 2566 1081 2599 ad
1108 2566 1263 2611 ipsorum
1289 2566 1553 2601 aemulationem
1572 2567 1807 2613 impellamur.
1837 2567 1920 2601 Ideo
1943 2573 2058 2601 autem

370 2619 491 2652 Christi
513 2621 693 2665 imaginem
712 2621 871 2660 facimus,
890 2628 928 2655 ut
946 2633 1042 2656 mens
1061 2629 1176 2656 nostra
1196 2622 1239 2656 ad
1259 2623 1352 2656 illius
1373 2634 1526 2657 amorem
1545 2625 1724 2658 excitetur.
1748 2624 1849 2658 Haud
1869 2630 1961 2658 certe
1979 2635 2058 2658 cor-

370 2675 571 2721 ruptibilem
592 2679 774 2723 imaginem
793 2678 848 2712 vel
868 2678 1105 2724 corruptibilis
1124 2679 1274 2714 hominis
1293 2680 1490 2715 adoramus.
1519 2681 1583 2715 Sed
1603 2682 1769 2726 quoniam
1788 2682 1878 2715 Deus
1897 2681 2058 2727 dignatus

467 2776 502 2803 (t)
522 2773 619 2799 Pulcra
640 2775 777 2801 enimvero
796 2782 827 2801 ae
847 2775 891 2809 pia
911 2774 1037 2801 versiculi
1058 2775 1261 2810 interpretatio!

468 2819 501 2847 (2)
522 2817 567 2842 Est
587 2816 629 2843 hic
649 2822 764 2852 quartus
783 2826 812 2844 ex
833 2818 865 2844 iis
885 2818 998 2852 psalmis
1017 2826 1087 2853 quos
1104 2820 1216 2847 Cosinas
1234 2818 1436 2855 indicopleusta
1456 2824 1561 2856 topogr.
1579 2821 1673 2849 christ.
1690 2821 1738 2849 lib.
1755 2823 1787 2849 V.
1803 2821 1846 2850 ed.
1864 2830 1890 2857 p.
1905 2824 1966 2849 226.
1983 2828 2055 2848 non-

334 2848 337 2849 7
369 2860 421 2888 nisi
440 2859 473 2887 de
491 2860 599 2887 Christo
619 2868 695 2895 posse
714 2862 837 2897 intelligi
858 2862 936 2889 dicit.
