2205 3177
144 880 166 901 ·1
184 879 237 901 Cor*
246 879 324 900 vm:-

144 1052 189 1071 ’1)ἡ
210 1050 305 1071 Lxxxt.
314 1054 333 1071 ὁ.

146 1226 151 1231 ·
166 1224 212 1242 Mt.
224 1221 304 1242 xxm.
316 1225 332 1241 ἰ,

202 1624 336 1647 ¹.=.p.1·13.

374 160 442 192 26⁰
877 166 905 187 s.
934 165 1062 187 evium
1088 165 1309 188 Ati-:xaxnmxi
1336 165 1542 188 expulsum

957 233 1002 255 De
1019 235 1108 260 peu-n
1127 233 1219 256 melle
1235 234 1391 256 anun-nvi!
1407 240 1466 255 eos.

470 289 570 329 Quasi
590 287 735 321 diceret:
755 293 927 332 tamquam
948 287 1156 320 infantulum
1177 299 1287 332 nuper
1305 294 1423 320 natum
1444 293 1545 331 atque.
1565 287 1755 326 tantillum,
1778 289 1953 334 multaque
1972 301 2051 323 cura

374 347 599 391 indigentem.
622 345 668 377 sir
695 355 753 377 eos
779 344 868 377 Deus
897 344 1053 380 nutrivit.
1076 356 1200 389 panem
1227 344 1268 377 ad
1296 344 1507 377 saturitatem
1530 343 1718 389 praebens,
1742 345 1867 379 melleo
1893 346 1972 379 cibo
1999 358 2053 379 re-

373 405 485 449 plens.
507 414 594 447 quae
622 402 759 447 propria
788 401 1014 447 puerulorum
1039 413 1113 435 esea
1140 408 1202 435 est.

991 498 1220 536 PSALMUS
1250 498 1426 535 LXXXI.

927 584 1008 607 neus
1026 586 1112 607 stent
1131 585 1164 606 in
1181 590 1338 613 synagoga
1355 584 1493 606 ‹lem-um.

469 637 574 668 Deum
603 634 667 667 lior
694 633 771 667 loeo
797 634 868 667 sine
894 633 1002 666 dubio
1023 634 1170 679 appellat
1192 634 1426 669 servatorem,
1450 634 1560 666 Deum
1580 634 1721 678 inquam
1740 645 1861 667 verum
1881 645 1950 668 non
1969 646 2052 681 spu-

372 694 457 727 rium
487 698 540 726 aut
571 692 642 725 falsi
671 692 838 726 nominis:
861 691 951 724 liaud
980 703 1058 724 sane
1078 690 1120 724 al)
1141 691 1256 735 aliquo
1283 690 1370 723 hanc
1397 690 1665 735 appellationem
1693 692 1839 736 gratiose
1865 691 2048 737 adeptum,

370 750 430 784 sed
449 751 506 794 qui
526 761 605 783 xere
625 755 655 783 et
676 755 794 794 suapte
814 756 933 782 natura
954 748 1047 793 quod
1069 755 1116 781 est
1130 774 1137 785 ,
1160 748 1193 781 id
1215 760 1286 781 esse
1306 748 1431 796 dicitur
1447 747 1506 793 (l).
1528 749 1618 781 Deos
1638 754 1756 782 contra
1776 748 1854 781 illos
1873 749 1971 787 dicit,
1991 751 2050 795 qui

372 819 489 841 revera
510 806 592 840 tales
612 818 681 839 non
702 812 796 840 sunt.
819 806 877 838 sed
898 807 942 838 ita
963 806 1110 850 gratiose
1130 805 1313 838 nominati:
1335 816 1485 849 quorum
1511 805 1614 838 etiam
1640 806 1909 850 sapientissimus
1928 806 2052 840 Paulus

372 865 527 898 meminit
554 864 671 897 dicens
693 864 722 895 ':
748 874 826 895 nam
853 863 983 895 etiamsi
1010 862 1109 895 multi
1136 868 1214 895 sunt
1240 863 1298 906 qui
1325 861 1372 894 dii
1392 861 1554 895 dicuntur
1579 868 1613 895 et
1637 861 1768 895 domini
1796 868 1869 895 tuin
1895 863 1929 896 in
1956 863 2052 897 caelo

372 928 445 955 tum
464 923 565 954 etiam
586 922 618 953 in
639 927 748 953 terra.
769 918 869 952 nobis
890 925 1002 952 tamen
1023 931 1111 952 unus
1130 925 1179 952 cst
1199 920 1289 952 Deus
1308 925 1420 964 pater.
1444 930 1484 952 ex
1503 930 1573 963 quo
1599 920 1715 953 omnia
1728 946 1735 957 ,
1759 926 1790 953 et
1815 931 1878 953 nos
1896 931 1936 953 ex
1956 920 2048 965 ipso:

373 985 406 1012 et
426 990 512 1011 unus
532 978 692 1010 dominus
714 978 804 1009 Iesus
824 976 992 1013 Christus,
1014 988 1075 1021 per
1093 987 1197 1020 quem
1215 976 1348 1014 omnia,
1371 981 1403 1008 et
1422 986 1485 1008 nos
1504 987 1564 1020 per
1584 976 1710 1021 ipsum.
1739 976 1823 1009 Sunt
1842 977 1945 1021 igitur
1964 988 2052 1011 non-

374 1035 459 1068 nulli
479 1036 626 1079 gratiose
647 1040 777 1068 tantum
799 1034 964 1067 nominati
984 1033 1044 1066 dii.
1073 1035 1186 1073 Quare
1213 1031 1312 1066 nobis
1330 1044 1469 1078 quoque
1488 1032 1618 1066 dictum
1636 1039 1684 1066 est
1705 1044 1723 1066 a
1744 1033 1916 1078 psalmista
1937 1034 1965 1067 ‘:
1986 1046 2051 1080 ego

373 1093 459 1128 dixi.
481 1092 526 1125 dii
553 1093 648 1126 estis.
670 1098 700 1124 et
722 1091 781 1123 lilii
802 1090 965 1123 Altissimi
986 1102 1120 1123 omnes.
1150 1091 1240 1123 Deus
1266 1101 1349 1134 ergo
1371 1101 1492 1127 verus,
1513 1090 1727 1135 unigenitum
1746 1091 1805 1124 Dei
1825 1090 1994 1130 Verbum,
2015 1092 2050 1125 in

372 1160 544 1195 synagoga
570 1149 661 1182 stetit
687 1149 845 1182 deorum.
874 1148 1113 1188 Quorumnam
1138 1159 1222 1181 vero
1249 1147 1418 1181 deorum?
1438 1158 1562 1192 nempe
1588 1158 1709 1181 eorum
1727 1148 1785 1192 qui
1805 1147 1852 1182 ob
1871 1148 2051 1184 sacerdotii

372 1206 591 1251 dignitatem,
614 1207 674 1240 Dei
695 1205 796 1239 titulo
816 1206 977 1238 honorati
996 1212 1086 1238 sunt.
1116 1206 1168 1238 Sic
1187 1205 1278 1238 enim
1298 1204 1361 1238 hos
1381 1204 1505 1238 Paulus
1530 1215 1669 1250 quoque
1688 1212 1864 1251 nuncupat
1882 1205 1999 1241 dicens
2017 1207 2049 1239 ἐ

372 1263 438 1297 diis
464 1275 533 1297 non
560 1261 786 1299 obtrectabis,
810 1273 919 1307 neque
947 1262 1091 1307 principi
1119 1262 1239 1307 populi
1267 1262 1461 1295 convicium
1487 1260 1600 1294 facies.

985 1358 1072 1397 PSA
1080 1358 1214 1396 LMUS
1242 1359 1438 1396 LXXXII.

916 1443 979 1470 Qui
995 1444 1129 1466 oderunt
1146 1446 1193 1470 te,
1209 1444 1303 1470 caput
1319 1442 1512 1465 extulerunt,

469 1496 617 1534 Rursus,
647 1500 821 1539 tamquam
846 1494 873 1527 si
899 1493 942 1527 de
969 1492 1184 1539 serpentibus
1211 1491 1454 1538 aspidibusque
1478 1489 1584 1525 verba
1610 1490 1756 1530 faceret,
1786 1493 1831 1525 ait
1856 1492 2052 1526 extulerunt

374 1559 487 1598 caput.
510 1553 595 1586 Nam
613 1553 710 1586 sicuti
731 1557 905 1598 serpentes
925 1552 1023 1585 tacite
1042 1557 1143 1596 caput
1162 1550 1204 1584 ad
1223 1549 1456 1584 mordendum
1477 1548 1659 1588 attollunt,
1681 1560 1784 1594 seque
1803 1549 1878 1583 solo
1897 1549 2048 1589 elevant,

375 1611 421 1644 sic
446 1610 549 1643 etiam
575 1610 632 1655 qui
660 1609 782 1643 Christi
809 1608 954 1654 gloriam
980 1613 1197 1653 oppugnant,
1223 1613 1325 1652 caput
1352 1607 1565 1651 aliquantum
1591 1605 1770 1643 attollunt:
1791 1605 1850 1640 sed
1869 1617 1949 1640 mox
1968 1617 2052 1641 con-

376 1667 492 1701 cidunt
517 1665 559 1700 ab
586 1667 660 1712 ipso
687 1666 856 1712 percussi,
881 1666 940 1710 qui
966 1665 1157 1698 draconum
1184 1664 1293 1710 capita
1319 1669 1497 1697 conterere
1523 1662 1622 1697 solet.

812 1730 1029 1753 'tabernacula
1048 1730 1281 1757 Idumaeornm‚
1296 1730 1327 1751 et
1344 1728 1546 1751 lsmahelitae
1561 1730 1618 1751 etc.

471 1781 575 1814 Erant
600 1781 634 1814 hi
661 1779 798 1814 barbari
826 1780 945 1826 populi
965 1786 998 1813 et
1017 1779 1143 1813 carnali
1163 1778 1305 1812 Israheli
1330 1777 1470 1815 infensi,
1491 1777 1699 1822 alienigenae
1718 1777 1934 1822 potissimum
1953 1775 2048 1811 dicti.

374 1839 615 1872 Verumtamen
643 1837 721 1871 illos
746 1848 885 1882 quoque
911 1843 991 1870 tunc
1016 1837 1107 1869 Deus
1133 1836 1294 1872 salvavit,
1314 1845 1420 1868 vanos
1445 1834 1594 1868 reddens
1620 1834 1769 1867 hostium
1794 1834 1962 1867 incursus.

943 1901 1042 1924 Assur
1058 1907 1179 1928 quoque
1195 1901 1329 1923 sociatus
1344 1901 1390 1922 est
1407 1899 1484 1922 illis.

471 1953 600 1987 Eodem
620 1958 735 1997 peccat
757 1953 955 1997 proposito,
975 1953 1034 1996 qui
1055 1952 1197 1984 alicuius
1216 1956 1364 1984 mentem
1385 1949 1531 1983 naturali
1550 1949 1681 1983 lumine
1700 1949 1889 1995 praeditam
1908 1960 2050 1995 peccare

376 2010 476 2055 cogit.
506 2011 569 2050 Qui
598 2021 678 2043 vero
705 2009 836 2043 bellum
863 2009 922 2042 tibi
950 2009 1165 2047 indixerunt,
1187 2007 1375 2041 Gebalitani
1403 2013 1502 2045 sunt,
1525 2019 1586 2040 nec
1612 2018 1681 2040 non
1708 2007 1800 2051 Syri,
1822 2012 1886 2040 etc.

975 2103 1204 2143 PSALMUS
1232 2103 1447 2141 LXXXIII.

943 2188 1044 2214 (luam
1060 2188 1176 2210 dilecta
1194 2187 1401 2210 tabernacula
1420 2186 1487 2208 nm!

473 2239 618 2272 Aeterna
644 2244 677 2271 et
703 2238 856 2272 caelestia
883 2237 965 2272 dicit
991 2237 1222 2271 tabernacula.

976 2304 1098 2327 Turnu-
1116 2304 1225 2326 nidum
1241 2303 1301 2325 sihi
1319 2302 1449 2325 invenit.

471 2354 636 2387 Carminis
663 2354 762 2387 huius
788 2360 943 2387 auctores
969 2353 1201 2389 admirantur,
1230 2358 1267 2385 ut
1293 2352 1383 2387 dixi.
1407 2351 1568 2385 ecclesiae
1594 2349 1880 2396 pulcritudinem:
1909 2349 2050 2383 laudant

380 2412 517 2457 insuper
543 2412 783 2456 magistrorum
809 2412 881 2445 eius
906 2412 997 2457 piam
1027 2412 1226 2447 caritatem:
1254 2411 1332 2454 quia
1360 2409 1463 2442 veluti
1491 2408 1632 2454 quidam
1659 2414 1806 2441 turtures
1832 2406 1946 2452 pullos
1970 2417 2050 2439 suos

381 2467 469 2512 apud
496 2468 608 2501 divina
636 2468 749 2501 fovent
770 2468 900 2501 altaria.
929 2468 1168 2512 Magistrorum
1190 2466 1273 2512 pulli
1295 2472 1370 2500 sunt
1387 2492 1394 2501 .
1417 2466 1474 2511 qui
1495 2477 1556 2511 per
1574 2465 1652 2499 illos
1677 2464 1782 2498 fidem
1805 2469 2047 2509 susceperunt,

381 2535 457 2556 nam
482 2525 683 2569 spiritalium
705 2531 839 2571 patrum
860 2525 975 2559 locum
995 2530 1122 2558 tenent.
1151 2525 1224 2557 Mos
1247 2524 1375 2568 quippe
1393 2529 1443 2557 est
1463 2522 1597 2557 divinae
1623 2523 1809 2568 scripturae
1827 2519 2048 2566 comparandi

381 2581 569 2615 turturibus
595 2589 728 2615 sanctos
753 2582 923 2616 doctores.
953 2582 1020 2615 Cur
1046 2581 1099 2619 id,
1124 2581 1288 2625 inquam?
1309 2581 1388 2624 quia
1408 2579 1641 2613 vocalissimus
1659 2585 1691 2613 et
1710 2579 1821 2612 suavis
1845 2583 1894 2611 est
1920 2583 2045 2611 turtur.

381 2637 485 2670 Nobis
504 2646 615 2672 autem
634 2639 786 2673 discendi
806 2639 982 2677 studiosis,
1005 2638 1088 2672 tales
1107 2638 1268 2671 videntur
1287 2648 1462 2671 sacrorum
1487 2637 1727 2682 magistrorum
1752 2646 1937 2670 sermones.
1965 2635 2050 2668 Sunt

381 2695 483 2738 igitur
508 2695 540 2727 hi
567 2696 771 2741 spiritalium
799 2703 973 2730 turturum
998 2696 1116 2729 instar.
1145 2697 1262 2740 Neque
1289 2695 1420 2728 animus
1446 2700 1578 2728 tantum
1604 2694 1749 2728 laetatur
1773 2699 1807 2727 et
1824 2691 1968 2738 gaudet,
1988 2690 2047 2725 sed

480 2781 512 2806 41·
534 2777 708 2805 ‚xtluiireinur
727 2779 796 2805 hauc
815 2787 923 2813 quoque
943 2779 975 2805 de
995 2778 1095 2805 Clnistj
1115 2778 1255 2805 divinitate
1279 2776 1415 2811 insignem
1440 2776 1533 2811 cyrilli
1559 2775 1788 2810 praedicationem
1812 2775 1839 2801 in
1865 2774 1970 2801 civitate
1987 2771 2045 2799 Arii

382 2820 476 2846 natali.
