2205 3177
642 258 1003 316 SANCTI
1062 255 1439 312 BASILII

766 388 824 416 AD
846 386 1055 416 URBHCHJM
1078 387 1326 415 MONACHUM

426 491 841 536 EPISTOLA
898 490 991 531 DE
1048 487 1656 532 CONTINENTIA.

491 610 572 653 (Ex
592 606 709 640 codiee
729 615 859 640 cenem.
882 605 1014 639 l'z'desis
1033 605 1107 639 eius
1126 605 1293 638 notitiam
1307 616 1398 651 pag.
1414 616 1470 650 gr.
1489 605 1595 646 1448.)

860 725 868 726 ἶ
877 717 1191 731 ψ--α-*ρουω-ε-Έ

201 791 336 861 Recte
362 826 459 863 facis,
483 826 590 858 iustos
617 823 718 857 nohis
745 823 830 857 fines
856 822 1040 862 definitum,
1064 829 1101 856 ut
1128 834 1195 855 non
1224 822 1337 855 solum
1364 822 1608 855 continentiam
1636 832 1755 855 verum
1782 821 1883 854 etiam
1923 833 1997 858 «1121».
2014 835 2057 853 rm.

198 886 270 918 eius
289 884 440 917 fructum
459 893 719 927 cognoscamus.
750 882 808 914 Est
828 881 931 925 igitur
950 881 1081 914 fructus
1108 881 1199 918 eius,
1222 880 1283 913 Dei
1311 880 1543 925 participatio:
1566 880 1691 912 etenim
1717 890 1787 912 non
1806 889 1884 911 cor-

199 941 337 986 rumpi,
366 939 510 986 perinde
535 946 584 972 est
612 951 649 972 ac
675 940 784 972 Deum
816 939 1046 984 participare;
1074 938 1173 971 sicuti
1199 939 1376 983 corrumpi
1394 964 1401 976 ,
1431 937 1551 970 mundi
1579 937 1794 982 participatio
1820 941 1882 968 est.

196 998 413 1032 Continentia
441 997 575 1041 negatio
601 997 758 1041 corporis
784 1002 853 1033 est,
875 1001 907 1029 et
934 996 993 1029 Dei
1021 995 1208 1029 confessio:
1231 1006 1248 1028 a
1268 996 1388 1040 quavis
1407 1005 1443 1028 re
1463 994 1599 1027 mortali
1622 999 1728 1027 semet
1754 991 1886 1026 abstra-

197 1056 266 1094 hit,
288 1062 321 1089 et
347 1057 454 1089 instar
478 1054 636 1100 corporis
662 1053 764 1088 habet
791 1054 951 1099 spiritum
970 1054 1050 1091 Dei.
1070 1060 1101 1086 et
1122 1054 1193 1085 Deo
1221 1045 1282 1086 nos
1309 1053 1523 1090 commiscet.
1546 1051 1774 1086 aemulatione
1800 1063 1886 1096 qua-

197 1111 282 1146 libet
301 1119 402 1158 atque
422 1111 549 1145 invidia
570 1123 701 1144 marens.
731 1112 816 1144 Nam
836 1111 895 1155 qui
919 1122 1045 1156 corpus
1065 1116 1175 1149 amat,
1197 1111 1251 1143 alii
1272 1110 1415 1143 invidet.
1438 1110 1501 1150 Qui
1521 1116 1635 1143 autem
1656 1109 1886 1154 corruptionis

197 1168 359 1203 morbum
380 1169 414 1202 in
434 1179 494 1202 cor
513 1179 583 1201 non
603 1168 770 1206 admittit,
795 1167 906 1202 labori
926 1167 1065 1201 cuilibet
1086 1168 1248 1213 deinceps
1267 1167 1468 1201 sustinendo
1489 1178 1549 1212 par
1568 1173 1638 1205 est;
1660 1173 1692 1199 et
1711 1166 1789 1199 licet
1808 1178 1885 1200 cor-

198 1238 282 1272 pore
309 1225 509 1263 occumbat,
532 1226 616 1259 vivit
642 1225 906 1259 immortalitati.
937 1226 1048 1258 Immo
1068 1226 1094 1257 si
1114 1236 1187 1258 rem
1216 1225 1363 1269 perfecte
1391 1235 1653 1269 cognoscamus,
1677 1224 1885 1257 continentia

197 1284 335 1318 videtur
362 1295 433 1317 esse
459 1284 569 1320 Deus,
597 1284 655 1327 qui
682 1282 767 1316 nihil
795 1283 1001 1328 concupiscit
1017 1308 1024 1320 ,
1053 1282 1111 1316 sed
1139 1283 1253 1315 onmia
1280 1284 1314 1315 in
1341 1294 1376 1315 se
1402 1281 1525 1319 habet,
1552 1281 1707 1326 nihilque
1733 1282 1883 1326 appetit,

197 1353 259 1375 nec
278 1343 348 1375 sive
366 1341 476 1375 oculis
494 1341 565 1374 sive
584 1339 725 1374 auribus
746 1341 937 1385 passionem
957 1341 1151 1385 experitum
1173 1339 1231 1372 sed
1252 1339 1347 1372 nulla
1367 1351 1404 1373 re
1424 1339 1598 1384 indigens,
1619 1340 1741 1384 plenus
1759 1351 1885 1384 usque-

196 1410 332 1444 quaque
351 1405 413 1432 est.
442 1398 725 1442 Concupiscentia
745 1396 888 1430 morbus
907 1403 957 1430 est
977 1398 1128 1435 animae;
1152 1398 1277 1430 sanitas
1303 1397 1474 1436 eiusdem,
1497 1397 1716 1430 continentia.
1739 1398 1886 1429 Verum-
1911 1411 1914 1415 ·

197 1463 312 1490 tamen
331 1455 424 1489 haud
443 1456 477 1488 in
497 1466 565 1488 una
585 1455 697 1500 specie
717 1455 962 1488 continentiam
982 1460 1120 1500 oportet
1138 1461 1308 1500 spectare,
1326 1454 1432 1488 veluti
1451 1455 1539 1487 circa
1557 1466 1611 1488 res
1629 1465 1808 1492 venereas2
1826 1455 1884 1488 sed

195 1520 229 1547 et
254 1514 288 1546 in
316 1513 380 1546 alia
400 1523 437 1545 re
455 1510 629 1556 qualibet,
649 1522 755 1555 quam
781 1512 893 1544 anima
920 1522 1026 1557 prave
1052 1513 1200 1557 appetit,
1222 1512 1420 1545 necessariis
1439 1523 1508 1545 non
1528 1518 1699 1545 contenta.
1728 1512 1885 1557 Gignitur

194 1569 321 1603 invidia
334 1595 341 1607 ,
363 1568 410 1603 ob
429 1580 574 1607 aurum3
598 1574 630 1602 et
656 1567 896 1614 improbitates
915 1570 1136 1607 innumerae,
1158 1568 1205 1602 ob
1225 1569 1307 1602 alias
1333 1569 1549 1614 cupiditates.
1580 1570 1649 1602 lam
1668 1575 1700 1603 et
1719 1569 1884 1604 ebrietate

193 1638 328 1665 carere,
351 1627 561 1660 continentia
587 1632 656 1659 est:
679 1632 713 1659 et
739 1625 807 1659 cibi
834 1626 974 1672 crapula
995 1638 1065 1660 non
1085 1627 1257 1673 dirumpi,
1278 1633 1311 1660 et
1329 1638 1456 1673 corpus
1475 1639 1575 1661 suum
1596 1626 1777 1665 cohibere,
1801 1639 1885 1662 con-

193 1685 335 1718 tinentia
355 1690 416 1717 est.
444 1684 529 1717 Item
550 1683 666 1729 pravis
684 1683 855 1716 dominari
876 1683 1160 1729 cogitationibus,
1182 1685 1318 1729 quoties
1337 1685 1485 1718 animam
1505 1684 1622 1719 turbat
1641 1685 1754 1730 aliqua
1774 1685 1884 1730 phan-

194 1742 276 1775 tasia
296 1753 408 1786 neque
428 1741 521 1774 bona
542 1752 652 1786 neque
672 1742 805 1774 x‘eritati
826 1742 1062 1780 consentiens,
1087 1753 1215 1787 corque
1234 1743 1268 1775 in
1288 1754 1392 1776 vanas
1416 1743 1572 1776 distrahit
1601 1754 1711 1776 curas.
1741 1744 1884 1776 Prorsus

194 1810 257 1831 nos
283 1798 413 1831 liberos
440 1804 587 1843 praestat
615 1798 843 1837 continentia,
864 1800 944 1844 quia
970 1799 1072 1832 simul
1093 1799 1260 1833 medicina
1285 1801 1463 1845 virtusque
1489 1806 1558 1833 est:
1584 1811 1653 1833 non
1679 1801 1771 1833 enim
1797 1806 1884 1834 tem-

195 1856 385 1900 perantiam
404 1855 522 1893 docet,
547 1855 607 1889 sed
627 1855 781 1901 praebet.
810 1857 924 1890 Gratia
943 1858 1022 1895 Dei,
1045 1858 1256 1890 continentia
1276 1863 1338 1890 est.
1364 1858 1456 1891 Iesus
1475 1858 1544 1903 ipsa
1565 1858 1773 1891 continentia
1793 1859 1884 1892 visus

192 1918 260 1951 est,
285 1924 363 1946 cum
384 1918 475 1945 terra
495 1913 651 1957 marique
672 1912 781 1945 levior
801 1913 884 1946 fuit:
908 1925 987 1946 nam
1007 1925 1118 1959 neque
1145 1913 1247 1948 tellus
1268 1914 1366 1948 illum
1387 1916 1534 1960 portaxit
1555 1927 1666 1959 neque
1686 1927 1800 1951 mare:
1823 1915 1883 1948 sed

192 1970 291 2003 sicuti
312 1982 406 2003 mare
425 1970 586 2008 calcavit,
611 1972 656 2004 ita
677 1970 792 2003 telluri
813 1972 910 2004 oneri
931 1983 999 2005 non
1021 1971 1096 2005 fuit.
1126 1973 1212 2005 Nam
1231 1972 1257 2005 si
1284 1984 1325 2005 ex
1346 1973 1568 2017 corruptione
1589 1984 1682 2005 mors
1709 1973 1881 2017 sequitur:

192 2039 231 2060 ex
259 2028 493 2073 corruptionis
520 2034 636 2060 autem
662 2027 897 2066 immunitate,
926 2028 1187 2067 immortalitas;
1215 2029 1334 2074 utique
1361 2030 1453 2062 Iesus
1480 2029 1641 2062 deitatem
1667 2030 1774 2074 magis
1801 2040 1883 2074 prae

191 2096 226 2118 se
253 2085 330 2118 tulit
349 2096 454 2130 quam
480 2085 725 2119 mortalitatem
748 2086 808 2131 (i).
837 2086 1051 2120 Manducavit
1072 2085 1227 2131 bibitque
1253 2086 1416 2132 singulari
1445 2086 1570 2123 modo,
1595 2088 1677 2132 quin
1698 2088 1883 2132 quicquam

190 2154 367 2177 comesum
392 2154 434 2176 ex
460 2154 494 2176 se
522 2142 685 2176 redderet
705 2144 772 2189 (2):
796 2150 888 2178 tanta
912 2145 1042 2189 quippe
1070 2144 1131 2177 suit
1159 2144 1192 2177 in
1213 2155 1254 2178 eo
1274 2145 1503 2178 continentiae
1523 2146 1593 2181 vis,
1616 2151 1650 2178 ut
1673 2144 1768 2178 cibus
1787 2146 1820 2178 in
1841 2158 1883 2179 eo

191 2212 261 2235 non
280 2206 580 2246 corrumperetur,
601 2201 681 2246 quia
708 2202 781 2246 ipse
807 2203 898 2235 Iesus
925 2201 1216 2247 corruptibilitate
1236 2201 1373 2236 carebat
1394 2202 1453 2247 (3).
1483 2203 1513 2234 Si
1534 2202 1641 2236 modo
1668 2202 1778 2248 aliqua
1799 2214 1883 2236 con-

191 2259 333 2292 tinentia
352 2259 386 2291 in
405 2257 506 2292 nobis
524 2259 584 2296 sit,
605 2260 802 2304 superiores
820 2259 982 2293 omnibus
1003 2271 1134 2293 sumuS.
1155 2261 1240 2293 Nam
1261 2266 1293 2293 et
1312 2260 1451 2304 angelos
1470 2260 1678 2297 audixinms,
1700 2267 1882 2305 postquam

190 2317 441 2350 incontinentes
467 2322 546 2349 sunt
566 2315 696 2355 effecti,
718 2317 814 2351 caelo
842 2324 985 2363 propter
1011 2318 1321 2363 concupiscentiam
1348 2319 1551 2363 praecipites
1571 2324 1681 2351 actos:
1705 2318 1783 2351 victi
1803 2324 1882 2352 sunt

190 2374 301 2412 enim,
324 2385 394 2408 non
420 2374 486 2419 ipsi
507 2385 568 2419 per
588 2385 623 2407 se
643 2374 910 2408 descenderunt.
940 2375 1029 2415 Quid
1050 2376 1141 2408 enim
1161 2375 1231 2408 illic
1252 2380 1366 2460 ageret
1388 2374 1531 2408 morbus
1552 2375 1604 2408 liic
1618 2401 1625 2412 ,
1649 2376 1674 2407 si
1698 2376 1743 2419 (l)
1764 2375 1880 2409 huius-

289 2446 325 2475 (1)
344 2442 430 2470 Ludit
448 2442 671 2478 quodammodo
692 2444 810 2471 Basilius
829 2445 858 2471 in
877 2444 1016 2472 vocabulis
1036 2445 1064 2471 δε
1057 2446 1095 2471 εότ
1100 2457 1149 2473 ητα
1169 2449 1194 2471 et
1214 2444 1469 2479 S·›7⁷0'-0r1‚(1110d
1490 2445 1574 2471 litine
1594 2444 1650 2470 fieri
1670 2445 1774 2479 nsquit

288 2491 324 2519 (2)
345 2489 403 2515 Hae
427 2495 510 2523 supet
535 2496 563 2515 re
583 2489 800 2516 reicientissime
825 2490 1030 2525 theologiceque
1053 2490 1147 2517 stribit
1172 2490 1339 2516 Athanasius
1363 2490 1487 2516 Corinthi
1512 2489 1654 2523 episcopus
1678 2490 1705 2515 111
1728 2489 1784 2522 traci
1779 2494 1880 2516 mento

192 2531 265 2566 quod
289 2540 339 2559 nos
363 2531 503 2559 edidimus
522 2534 580 2558 ΑΛ.
602 2532 682 2559 class
704 2534 735 2560 T.
757 2535 793 2560 X
816 2543 842 2569 p.
864 2538 929 2561 499-
933 2538 997 2567 500,
1017 2534 1089 2569 quod
1115 2535 1325 2570 11111[)1ῑ;ζ·-3ητο
1314 2546 1358 2569 με
1362 2546 1371 2560 u
1394 2535 1415 2560 :i
1435 2536 1451 2562 η’
1472 2536 1535 2565 fraso
1533 2548 1562 2559 ω
1592 2546 1597 2549 -
1620 2537 1659 2560 nh,
1685 2535 1768 2568 503„st-
1774 2546 1815 2560 ω
1837 2535 1878 2560 {m

193 2581 235 2612 Χρι
230 2588 271 2602 m
276 2581 303 2603 ῡ
322 2578 361 2603 {us
365 2589 442 2605 κτητο
463 2589 504 2604 και
527 2579 626 2603 adm-<7111
632 2579 722 2605 Erat
745 2578 819 2605 enini
845 2578 912 2605 haee
937 2587 1045 2614 quoque
1070 2587 1124 2605 una
1144 2587 1173 2605 ex
1194 2578 1392 2606 obiectionibus
1418 2548 1625 2606 haereticorum
1650 2579 1749 2605 refluit
1773 2584 1878 2609 antem,

190 2630 289 2657 corpus
309 2621 409 2649 Christi
429 2622 480 2648 hac
499 2622 528 2648 in
547 2630 575 2648 re
596 2621 680 2649 tuisse
700 2623 798 2649 ceteris
818 2624 959 2658 superius,
975 2623 1055 2650 5111111
1076 2623 1156 2649 etiim
1176 2623 1205 2649 in
1225 2623 1335 2650 insolita
1354 2624 1502 2650 1111111111.ιῐρ
1520 2624 1614 2650 Utitur
1632 2632 1768 2658 (1110111191
1760 2624 1881 2651 Athana-

189 2667 246 2693 sius
265 2665 388 2700 exemplo
407 2666 540 2693 trinitatis
560 2666 637 2693 illius
656 2666 731 2701 apud
747 2667 936 2694 Abrahamum
957 2667 1138 2699 convivantis,
1155 2675 1243 2701 neque
1264 2672 1353 2694 tamen
1373 2668 1493 2694 naturali
1514 2668 1667 2694 necessitati
1688 2668 1879 2702 obtemperan—

192 2711 241 2744 tis;
262 2710 336 2746 quod
354 2711 420 2737 item
441 2710 474 2737 de
493 2710 601 2737 Christo
622 2715 683 2745 post
703 2712 930 2738 resurrectionem
950 2712 1046 2738 edente
1066 2711 1276 2743 intelligendum
1297 2712 1375 2739 dicit.

287 2758 322 2787 (3)
342 2756 402 2781 Non
422 2758 521 2782 natura
541 2754 588 2781 sed
610 2755 699 2790 gratia
719 2759 745 2781 et
763 2755 946 2783 inhabitantis
965 2755 1116 2782 divinitatis
1137 2756 1285 2791 privilegit).
1304 2756 1409 2783 Videsis
1423 2764 1491 2790 opus
1504 2757 1592 2783 Severi
1613 2756 1767 2783 antiocheni
1784 2761 1877 2783 contra

198 2799 439 2834 incorrupticulas,
459 2799 533 2834 apud
552 2806 603 2826 nos
623 2799 651 2825 in
671 2799 818 2833 Spirileeio
839 2808 906 2827 rom.
929 2802 959 2826 T.
982 2801 1016 2826 X.

289 2846 324 2876 (4)
344 2844 446 2872 Graece
468 2845 490 2870 εἰ
511 2845 549 2879 μή
568 2855 615 2874 τις.
636 2844 688 2870 Sed
708 2846 743 2879 μή
765 2844 917 2871 redundare
939 2844 1058 2873 videtur,
1080 2848 1189 2879 propter
1208 2852 1237 2871 ea
1258 2853 1327 2879 quae
1346 2849 1508 2879 sequuntur
