2205 3177
202 853 222 869 .t

189 1639 378 1660 ’1.(“,οΓ.).“.1;4

191 2331 196 2335 ”
208 2328 348 2348 P>.}.t.vtt1.
360 2332 379 2348 2.

248 2465 263 2481 Ι.

321 720 375 736 1.,ἰ.

202 827 208 832 ·
228 823 260 843 Ρι,
279 821 374 843 ‚th‘ttt

315 2444 333 2457 V.
352 2441 380 2458 1⁴¹.

267 2470 283 2483 1,
300 2470 320 2488 p.
337 2467 380 2484 dm?-

414 176 482 209 230
917 185 943 206 s.
973 185 1099 206 (11111111
1126 185 1346 206 Ati-:xaxnnm
1374 185 1576 206 exrtaxnio

754 252 918 279 Quousque
935 252 1061 274 tri-utris
1078 252 1110 274 111
1129 252 1299 274 hominem!
1317 251 1495 274 interficitis
1513 251 1651 273 universi
1670 252 1738 273 vost

509 310 645 339 Satanas
664 306 753 338 enini
773 317 849 338 enm
871 304 949 338 liliis
968 307 1035 338 suis
1055 305 1252 339 interfector
1271 306 1461 339 animarum
1482 305 1733 349 spiritutnnque
1750 311 1815 337 est:
1836 316 1923 349 quos
1942 305 1984 338 a‹l
2006 317 2085 351 pee—

415 372 525 399 eatnni
547 366 612 396 iam
632 369 829 408 iet-gentes,
851 369 993 408 propter
1013 363 1146 396 insitam
1166 369 1306 396 naturae
1326 362 1560 396 iniit-mitatem
1573 388 1580 399 ,
1605 362 1646 394 ad
1668 361 1800 407 lapsum
1819 363 1977 407 impellit.
2000 364 2085 396 For-

415 430 498 455 tasse
529 423 629 455 etiam
656 422 690 453 in
717 420 824 453 malos
849 419 978 453 diaboli
1011 421 1184 454 ministros
1213 433 1326 454 serino
1352 420 1543 455 inxelntnr,
1572 431 1747 452 excessum
1776 419 1842 452 illis
1872 419 2084 466 exprobrans

413 486 615 513 ,εΗ-1181313111
636 478 940 511 machinationum:
964 477 1069 511 homo
1088 480 1179 511 enini
1200 478 1344 515 animal.
1367 479 1494 522 inquit.
1517 476 1693 510 infirmnm
1713 483 1782 515 ‹·st;
1803 489 1864 510 vos
1882 489 1964 512 xero
1984 478 2082 512 illum

414 537 558 580 urgetis.
584 535 672 568 11311ιί
694 536 807 580 primo
826 536 955 579 impetn
975 536 1142 571 contenti.
1167 535 1226 568 sed
1253 541 1283 567 et
1310 534 1499 568 seeundum
1527 546 1564 567 ae
1591 534 1728 568 tertium
1749 533 1953 573 admovetis;
1973 534 2084 569 donec

413 596 484 627 eins
510 594 657 626 animani
684 593 805 625 vietam
832 591 929 625 vobis
955 592 1200 629 sttbsternatis.
1229 593 1272 625 ita
1300 598 1332 625 ut
1361 602 1399 625 ea
1426 591 1545 624 similis
1571 590 1692 625 evadat
1718 591 1837 636 parieti
1864 591 2026 625 inclinato
2050 598 2083 625 et

414 651 579 684 maceriae
604 649 750 683 dirutae.

795 715 1014 737 Verumtamen
1033 715 1181 738 honorem
1196 720 1299 737 meum
1315 714 1533 743 cogitaverunt
1550 713 1711 740 repellere.

510 765 629 797 Mentis
655 776 792 809 qnoque
819 764 1073 809 propemodum
1101 776 1163 797 usu
1188 763 1374 797 daemones
1393 774 1456 796 nos
1480 762 1692 801 deiecerunt,
1715 762 1798 795 dum
1823 761 1915 808 ligna
1939 769 1972 796 et
1997 762 2090 809 lapi-

415 821 474 855 ‹les
500 821 612 855 colere
631 825 836 866 coegerunt:
860 827 896 854 ut
915 821 958 854 de
976 820 1076 855 nobis
1102 821 1274 854 diceretur
1294 821 1325 853 ⁶:
1350 820 1455 854 homo
1481 831 1589 865 qnnm
1608 821 1642 852 in
1662 819 1794 853 honore
1819 826 1923 858 esset,
1943 830 2013 853 non
2032 820 2086 854 in-

416 879 541 912 tellexit
571 879 630 923 (t).

1076 942 1116 965 Iu
1133 943 1188 965 siti
1204 944 1422 965 cucurrerunt.

512 993 717 1026 Irruentinm
743 993 949 1026 daemonum
975 992 1226 1026 i'eliementiam
1252 992 1350 1030 dicit,
1371 992 1484 1038 quiin
1504 1003 1567 1025 nos
1591 993 1770 1025 incurrunt
1793 992 1979 1037 perniciem
2004 1002 2088 1025 nos-

358 1062 376 1079 .;,
418 1058 502 1084 tram
528 1051 678 1083 sitientes
696 1056 728 1083 ct
748 1050 888 1083 lionoris
914 1049 1165 1095 spoliationem.
1195 1049 1308 1083 Audin
1335 1049 1513 1095 quomodo
1535 1050 1721 1095 iniquitatis
1744 1048 1806 1082 filii
1831 1048 2004 1095 depellere
2022 1059 2086 1082 nos

416 1107 550 1141 student
572 1118 733 1141 concesso
753 1118 814 1152 per
833 1108 941 1140 Deum
960 1107 1094 1141 honore
1106 1133 1113 1146 ,
1135 1112 1167 1141 et
1187 1118 1309 1140 exuere
1329 1107 1486 1140 nituntur
1504 1105 1592 1140 datis
1610 1118 1755 1152 superne
1774 1105 1896 1139 bonis?
1914 1106 2004 1139 Dum
2021 1117 2086 1139 vo-

417 1165 488 1198 lunt
508 1170 641 1197 sanctos
658 1164 791 1197 honore
809 1164 974 1209 spoliare,
992 1165 1108 1197 sitiunt
1126 1165 1289 1197 nimirum
1308 1164 1435 1208 negotii
1455 1164 1506 1197 sui
1526 1175 1736 1201 successum,
1754 1170 1854 1208 atque
1870 1173 1973 1196 omne
1991 1162 2026 1195 in
2043 1172 2086 1195 eo

417 1221 613 1267 peragendo
632 1221 782 1255 studium
801 1221 984 1255 collocant.
1007 1222 1081 1255 lloc
1099 1227 1168 1259 est,
1190 1223 1224 1254 in
1243 1222 1297 1254 siti
1317 1232 1466 1254 currere.
1487 1219 1619 1261 Quibus
1637 1232 1720 1255 vero
1737 1220 1902 1254 machinis
1919 1219 2086 1254 utuntur?

821 1286 882 1308 Ore
897 1293 952 1308 sun
968 1287 1205 1313 benedicebant,
1221 1288 1250 1308 et
1268 1286 1358 1308 coz-tle
1374 1292 1428 1308 suo
1445 1285 1683 1308 maledicebant.

509 1337 593 1369 Sunt
619 1336 796 1369 enimvero
822 1342 900 1369 sunt
925 1335 1065 1380 qnidam
1091 1335 1221 1381 duplici
1247 1335 1362 1380 lingua
1388 1335 1587 1380 duplicique
1612 1334 1716 1368 eorde
1739 1333 1903 1380 praediti,
1925 1334 1984 1378 qui
2007 1345 2088 1367 ver-

416 1392 468 1426 bis
493 1393 634 1438 quidem
660 1392 849 1426 bonitatem
869 1404 949 1438 prae
969 1405 1003 1427 se
1023 1394 1157 1431 serunt,
1178 1404 1310 1427 veneno
1336 1399 1450 1427 autem
1474 1393 1671 1438 malitiaque
1689 1393 1784 1427 omni
1806 1392 1965 1427 refertam
1989 1403 2088 1426 men-

418 1458 485 1484 tem
511 1457 645 1496 gerunt.

873 1516 1095 1539 Verumtamen
1114 1516 1177 1539 neo
1194 1517 1333 1539 subiecta
1348 1518 1413 1539 esto
1429 1517 1536 1540 anima
1551 1522 1629 1539 men.

512 1567 639 1599 Rursus
657 1566 804 1599 animam
821 1578 917 1600 suam
937 1566 1143 1611 alloquitur,
1160 1566 1422 1601 submissionem
1439 1567 1511 1600 eius
1527 1568 1598 1600 Deo
1616 1567 1764 1612 graviter
1780 1565 1966 1599 inculcans.
1985 1564 2090 1609 Signi-

420 1622 494 1657 lieat
520 1630 633 1657 antem
661 1624 887 1657 tentationum
913 1623 1203 1669 magnitudinem,
1230 1629 1330 1669 atque
1356 1624 1443 1657 illud
1469 1623 1613 1670 apostoli
1639 1623 1721 1657 dicit
1746 1623 1775 1656 ἐ
1800 1622 1881 1668 quia
1907 1633 1976 1656 non
2002 1622 2089 1656 sinet

419 1692 480 1714 nos
507 1682 628 1714 tentari
655 1692 757 1726 supra
783 1681 818 1714 id
844 1680 938 1725 qnod
964 1692 1158 1726 possumus.
1186 1680 1240 1714 Ab
1265 1682 1342 1726 ipso
1366 1682 1458 1714 enim
1483 1687 1535 1715 est
1559 1681 1719 1726 patientia
1744 1691 1832 1714 mea.

645 1746 727 1772 Quia
745 1747 810 1773 ipse
826 1746 909 1769 Deus
925 1753 1023 1773 meus,
1039 1748 1069 1769 et
1086 1746 1224 1769 salvator
1239 1752 1339 1775 meus,
1354 1747 1482 1769 adiutor
1498 1753 1598 1773 meus,
1614 1753 1675 1769 non
1693 1746 1863 1775 emigrabo.

512 1796 723 1830 Contitemur
741 1797 832 1830 haud
853 1797 970 1830 timide
990 1797 1048 1830 sed
1068 1796 1282 1831 confidenter
1300 1802 1402 1842 atque
1421 1798 1551 1830 sincere
1569 1798 1677 1830 Deum
1697 1802 1853 1829 nostrum
1870 1806 1942 1829 esse
1959 1795 2094 1828 Emma-

417 1853 552 1887 nuelem
564 1880 571 1891 ‚
587 1866 689 1898 quem
708 1860 821 1887 saneta
840 1854 979 1900 deipara
994 1855 1098 1899 Virgo
1116 1855 1213 1888 enixa
1230 1861 1280 1888 est
1295 1855 1354 1900 (2).
1371 1855 1462 1899 Ergo
1480 1855 1593 1900 ipsum
1611 1860 1832 1899 agnoscentes
1848 1864 1969 1887 ‘verum
1981 1853 2091 1885 Deum

417 1918 449 1944 et
475 1911 592 1945 salutis
619 1911 768 1950 fontem,
797 1924 866 1945 non
893 1913 1063 1957 patiemur
1088 1912 1264 1946 servitium
1290 1918 1520 1950 commutare,
1548 1918 1649 1957 atque
1676 1911 1716 1945 ad
1745 1911 1849 1944 alium
1874 1910 2089 1944 dominatum

417 1970 571 2002 transire.
600 1969 685 2002 Nam
712 1968 896 2002 dictionem
923 1980 992 2002 non
1018 1968 1212 2014 emigrabo,
1236 1980 1301 2014 pro
1327 1980 1396 2002 non
1423 1967 1628 2002 demutabor
1653 1969 1780 2013 posuit.
1806 1969 1883 2001 Non
1901 1978 1962 2000 ero
1980 1967 2092 2012 inquit

417 2026 592 2071 transfuga
618 2038 635 2059 a
661 2027 803 2060 veritate
829 2026 871 2059 ad
899 2038 1070 2064 errorem,
1092 2038 1203 2072 neque
1229 2038 1347 2060 servus
1373 2027 1514 2072 peccati.

848 2093 979 2119 sperate
997 2094 1029 2114 in
1047 2100 1081 2115 eo
1098 2093 1196 2115 omnis
1212 2094 1414 2121 congregatio
1430 2092 1627 2119 populorum.

512 2142 611 2175 Hand
640 2142 877 2186 particularem
905 2141 1053 2186 aliquam
1080 2142 1161 2175 dieit
1188 2143 1505 2187 congregationem,
1528 2141 1634 2175 veluti
1655 2141 1749 2174 illam
1768 2141 1906 2185 Moysis.
1934 2159 1957 2165 -
1982 2139 2091 2173 Simul

417 2206 530 2233 autem
555 2205 587 2231 et
614 2198 734 2231 altiore
761 2199 919 2232 vaticinio
945 2199 1098 2243 gentium
1118 2199 1273 2232 omnium
1293 2198 1457 2244 praedicit
1481 2199 1710 2232 vocationem.
1739 2198 1837 2231 Venit
1855 2197 1947 2231 enim
1965 2197 2093 2242 Unige-

417 2258 506 2290 nitns
525 2256 615 2290 haud
637 2256 878 2301 particularem
899 2256 1049 2301 aliquam
1069 2255 1219 2290 facturus
1238 2257 1470 2293 vocationem,
1492 2255 1552 2290 sed
1571 2256 1701 2289 cunetis
1721 2267 1781 2301 per
1799 2253 1922 2289 orbem
1941 2254 2092 2288 clamans

417 2314 600 2359 dicensque
622 2314 650 2346 ¹:
674 2312 788 2346 audite
807 2324 926 2346 omnes
945 2319 1080 2357 gentes,
1103 2320 1135 2347 et
1155 2313 1298 2358 reliqua.
1327 2315 1413 2347 Nam
1433 2314 1485 2347 lex
1504 2313 1652 2347 mosaica
1671 2324 1779 2346 unum
1797 2311 1915 2346 docuit
1934 2309 2093 2345 Israhelis

418 2371 605 2416 populnm;
628 2370 748 2403 Christi
778 2376 891 2403 autem
917 2371 1024 2413 gratia
1051 2377 1124 2403 toto
1150 2369 1235 2404 orbe
1262 2377 1365 2415 patet.

966 2434 1186 2457 Verumtamen
1205 2435 1277 2456 vani
1296 2435 1356 2456 filii
1374 2435 1545 2457 hominum.

514 2485 594 2517 Vani
622 2495 739 2517 revera
766 2483 826 2516 tilii
853 2482 1054 2522 hominum,
1078 2483 1112 2516 id
1139 2489 1188 2517 est
1215 2489 1348 2517 terrena
1375 2490 1507 2516 tantum
1527 2484 1713 2528 sapientes,
1737 2483 1847 2517 carnis
1872 2481 2092 2528 cupidinibus

420 2541 545 2580 dediti,
570 2541 770 2587 temporalia
796 2541 868 2575 sola
894 2547 1109 2586 quaerentes.

900 2607 1038 2630 Divitiae
1054 2608 1080 2629 si
1097 2607 1241 2634 affluant,
1258 2607 1356 2629 nolite
1372 2613 1426 2629 cor
1442 2613 1608 2633 apponere.

516 2657 603 2689 Nihil
631 2668 838 2702 magnopere
857 2658 1025 2690 aestimes.
1055 2658 1275 2690 Praetereunt
1294 2657 1402 2694 enim,
1423 2663 1460 2689 111
1479 2656 1567 2695 dixi,
1591 2656 1749 2694 divitiam
1770 2657 1893 2701 iixque
1913 2661 1950 2689 ut
1968 2653 2090 2688 umbra

520 2759 551 2780 ‘tt
572 2757 623 2782 Dat
642 2757 749 2783 Nieetas
768 2757 870 2792 Cyrillo
895 2757 921 2783 in
946 2756 1005 2783 eod.
1027 2761 1078 2784 vat.
1100 2757 1150 2784 lioe
1174 2756 1373 2791 fragmentum;
1395 2757 1513 2791 itemque
1537 2756 1571 2783 ad
1590 2764 1614 2782 v.
1635 2760 1665 2790 6,
1686 2764 1754 2791 quae
1778 2756 1825 2783 alii
1850 2756 1941 2783 neseio
1960 2762 2013 2790 quo
2032 2754 2090 2781 iure

423 2798 569 2825 Athanasio
589 2800 751 2827 tribuerunt.

517 2845 552 2873 <23
571 2844 678 2870 Centies
696 2845 786 2872 videre
804 2849 845 2872 est
863 2846 959 2881 cyrilli
978 2845 1011 2872 de
1031 2846 1132 2873 Christi
1151 2844 1308 2877 divinitate.
1329 2848 1355 2871 et
1374 2844 1407 2871 de
1426 2844 1520 2871 beatae
1537 2845 1640 2872 Mariae
1659 2844 1750 2871 divina
1770 2844 1941 2871 maternitate
1961 2842 2054 2869 fidem-
