2205 3177
796 174 827 195 ix
854 172 1007 195 rsAmimt
1033 173 1150 195 wau.
1744 163 1766 195 2
1774 163 1813 195 '29

629 241 842 264 obscurentur
859 240 942 263 oculi
961 242 1113 269 ipsorum,
1130 248 1169 264 ne
1186 242 1322 264 videant.

230 296 321 330 Infer
347 296 415 329 illis
443 295 664 329 tenebrosum
684 294 911 328 tentationum
931 294 1104 329 nimbum.
1129 302 1163 328 nt
1190 295 1384 329 nullatenus
1403 294 1444 329 ad
1465 294 1661 329 divinorum
1686 300 1815 339 myste-

133 355 267 388 riorum
294 354 406 387 lucem
434 353 670 398 respicientes.
694 351 772 384 mali
794 351 910 384 Iudaei
931 350 1020 383 male
1039 358 1197 396 pereant,
1222 358 1364 397 propter
1383 363 1479 385 suam
1500 353 1687 390 vesaniam,
1710 359 1743 385 et
1762 353 1814 386 in-

134 411 301 444 domitam
321 410 596 443 incredulitatem
617 409 676 453 (l).
706 407 794 448 Quid
815 409 849 441 ni
869 408 959 440 enim
981 408 1094 441 ludaei
1115 408 1333 442 obtenebrati
1360 410 1446 447 sint,
1465 410 1524 454 qui
1544 410 1688 442 iustitiae
1706 409 1815 443 solem

135 479 204 501 non
231 468 464 501 admiserunt?
483 466 609 512 quibus
628 466 783 499 oninium
810 476 927 498 rerum
953 464 1133 497 (lominum
1161 465 1460 510 crucifigentibus,
1481 466 1531 499 sol
1553 466 1675 499 occidit
1690 493 1697 503 ,
1720 466 1817 499 diur-

136 536 288 570 uumque
315 525 430 558 lumen
452 525 485 557 in
505 523 685 567 caliginem
712 533 849 555 versum
869 527 936 555 est:
958 521 1053 566 quod
1074 522 1133 554 fuit
1155 522 1295 555 exidens
1321 523 1454 567 signum
1480 529 1733 557 excaecatarum
1754 535 1817 568 po-

135 583 207 627 puli
236 582 449 616 crucifixoris
475 582 678 614 animarum.
708 581 794 613 Nam
822 580 909 625 parti
936 585 1026 612 certe
1052 578 1209 611 Israltclis
1235 580 1376 612 caecitas
1403 580 1542 617 accidit,
1563 581 1748 625 velumque
1775 580 1817 613 il-

136 640 251 673 lorum
278 638 440 673 cordibus
464 644 513 671 est
538 636 749 670 obductum:
773 643 874 681 atque
900 636 1009 669 oculis
1036 635 1178 680 praediti
1194 661 1201 672 ,
1225 636 1270 668 nil
1299 642 1410 669 tamen
1437 636 1574 673 vident.
1597 638 1677 681 quia
1696 649 1817 670 verum

135 696 253 730 lumen
278 696 524 742 repudiarunt,
549 693 733 739 cordisque
759 694 878 727 oculos
905 699 1091 739 spontanea
1118 693 1333 726 conniventia
1361 693 1567 726 clauserunt.

675 759 714 781 Et
732 759 859 781 dorsum
874 765 982 781 eorum
998 764 1118 784 semper
1135 758 1276 780 incurva.

231 812 271 844 Et
296 812 451 856 ipsorum
472 808 609 842 lumbos
630 820 771 853 prorsus
791 818 932 841 enerva:
956 807 1199 851 bab5lonicam
1219 808 1449 852 captivitatem
1470 807 1632 845 decerne,
1653 808 1814 846 Domine:

135 875 170 902 ut
199 880 263 914 pro
289 869 357 901 suis
384 866 594 900 facinoribus
620 867 654 899 in
680 865 919 899 calamitosum
946 864 1148 898 famulatum
1175 864 1335 898 decidant
1362 876 1496 910 semper
1521 866 1689 912 oppressi.

671 931 774 953 Furor
790 932 858 953 irae
875 932 950 953 tuae
967 930 1207 957 comprehendat
1224 937 1284 952 eos.

230 983 305 1016 Irae
332 981 486 1015 furorem
515 981 665 1026 appellat
690 980 835 1014 celerem
863 985 896 1013 et
924 990 1160 1013 aerumnosam
1180 990 1343 1024 poenam.
1371 980 1469 1013 Certe
1495 979 1657 1013 adversus
1683 978 1817 1013 crucifi-

136 1052 235 1075 xores
261 1040 358 1074 furor
384 1039 520 1073 divinae
546 1040 616 1072 irae
642 1049 711 1071 non
739 1038 881 1083 partim,
903 1043 941 1071 ut
967 1037 1172 1083 plerumque
1199 1036 1273 1070 fieri
1300 1037 1404 1075 solet,
1426 1037 1483 1071 sed
1510 1043 1601 1071 totus
1625 1038 1818 1084 insumptus

135 1105 202 1136 est,
224 1098 460 1142 corripuitque
486 1096 565 1129 illos
591 1106 694 1129 omne
720 1106 826 1139 genus
853 1094 1065 1128 calamitatis.

539 1161 696 1187 Quoniam
713 1167 803 1187 quem
820 1162 855 1182 tu
872 1161 1070 1187 percussisti,
1085 1160 1145 1186 ipsi
1164 1161 1316 1186 persecuti
1333 1164 1416 1183 sunt.

230 1214 277 1246 Tu
303 1212 464 1258 quidem.
488 1212 616 1256 inquit,
641 1211 725 1244 dum
750 1211 906 1244 vesaniae
933 1221 1060 1255 poenas
1080 1221 1097 1243 a
1118 1222 1171 1243 me
1195 1212 1364 1255 reposcis,
1388 1222 1450 1244 ceu
1475 1209 1681 1255 quibusdam
1707 1210 1817 1243 carni-

137 1269 276 1308 ficibus,
301 1269 499 1315 Babyloniis
517 1280 572 1302 me
593 1268 782 1302 tradidisti:
806 1268 841 1300 hi
866 1279 950 1301 vero
970 1267 1128 1313 pluribus
1147 1268 1246 1301 etiam
1261 1294 1268 1306 ,
1290 1279 1393 1313 quam
1418 1269 1500 1313 ipsis
1526 1267 1722 1301 mandatum
1744 1267 1817 1300 fue-

136 1334 204 1366 rat,
229 1339 283 1361 me
308 1327 406 1360 malis
434 1326 695 1372 implicuerunt,
717 1325 926 1370 doloresque
953 1326 1082 1370 peccati
1108 1325 1173 1358 mci
1195 1331 1373 1359 auxerunt.
1403 1326 1499 1358 Hane
1523 1324 1591 1357 illis
1616 1324 1817 1358 universalis

134 1396 274 1430 quoque
293 1386 383 1418 Deus
402 1384 641 1417 crudelitatem
660 1381 847 1428 exprobrat
866 1382 982 1416 (licens
1003 1382 1033 1414 ἐ
1057 1392 1121 1427 ego
1147 1394 1205 1415 eos
1224 1383 1383 1428 potestati
1402 1389 1480 1415 tuae
1506 1381 1648 1420 tradidi,
1671 1388 1707 1415 tu
1733 1392 1817 1415 vero

135 1443 266 1476 nullam
292 1443 373 1487 ipsis
398 1441 597 1475 clementiae
623 1446 757 1486 partem
784 1439 973 1473 indulsisti:
996 1440 1140 1473 senioris
1166 1440 1283 1484 iugum
1303 1439 1510 1484 adgravasti,
1532 1440 1674 1473 iunioris
1693 1450 1763 1472 non
1782 1450 1818 1472 es

133 1501 305 1533 misertus.
327 1499 428 1539 Quod
447 1499 473 1532 si
493 1498 536 1531 de
556 1496 819 1531 crucifixoribus
838 1495 943 1530 verba
964 1495 1049 1530 fiunt
1064 1523 1072 1535 ‚
1093 1496 1176 1530 haec
1195 1497 1336 1542 ponitur
1355 1508 1452 1530 causa
1466 1523 1473 1534 ,
1496 1508 1556 1530 cur
1574 1508 1613 1529 ea
1632 1496 1721 1530 mala
1740 1507 1818 1542 pas-

133 1557 203 1590 suri
224 1557 301 1589 sint.
324 1555 439 1589 Simile
458 1555 524 1588 hoe
543 1561 593 1588 est
612 1555 710 1588 dictis
730 1553 821 1599 apud
840 1553 1038 1587 Zachariam
1057 1553 1085 1586 ἐ
1107 1554 1296 1599 percutiam
1315 1560 1505 1600 pastorem,
1525 1560 1558 1586 et
1577 1553 1816 1599 dispergentur

132 1625 227 1647 oves.
256 1613 342 1646 Nam
367 1613 446 1658 quia
474 1612 583 1645 lilium
610 1612 678 1657 pati
705 1611 800 1649 sixit,
824 1610 972 1644 eundem
999 1610 1181 1644 tradidisse
1207 1610 1345 1644 dicitur.
1374 1612 1492 1644 Passus
1515 1617 1627 1643 tamen
1653 1616 1702 1643 est
1728 1609 1819 1643 filius

134 1683 203 1705 non
230 1677 384 1709 coactus,
406 1670 466 1704 sed
486 1676 627 1715 sponte;
649 1675 721 1703 erat
742 1670 834 1702 enim
855 1669 917 1714 ipsi
943 1668 1075 1702 mundo
1096 1669 1207 1714 passio
1227 1668 1299 1702 eius
1318 1668 1486 1701 salutaris.
1516 1669 1614 1701 Hune
1633 1679 1736 1713 ergo,
1758 1668 1817 1713 qui

135 1735 209 1766 tua,
230 1740 249 1760 o
263 1736 384 1774 pater,
406 1727 585 1761 voluntate
605 1733 710 1760 semet
731 1725 841 1772 plagis
858 1726 893 1759 in
913 1727 1069 1772 passione
1089 1726 1287 1771 supposuit,
1308 1726 1371 1771 ipsi
1390 1737 1459 1759 non
1477 1726 1693 1770 recipientes,
1714 1725 1817 1770 longe

135 1785 177 1818 ab
196 1786 423 1830 ipsorummet
444 1785 552 1818 salute
571 1784 781 1830 relegarunt.
804 1785 880 1817 Nou
900 1784 1014 1828 itaque
1033 1784 1112 1828 quia
1135 1789 1248 1828 pater,
1269 1795 1334 1829 pro
1354 1794 1412 1816 sua
1432 1784 1561 1828 optima
1581 1782 1815 1828 providentia,

135 1842 244 1876 tilium
264 1843 387 1881 morti,
412 1848 512 1887 prout
535 1842 644 1875 fuerat
663 1841 871 1875 destinatum
884 1867 891 1879 ‚
916 1840 1073 1879 tradidit,
1096 1841 1223 1874 idcirco
1243 1841 1401 1886 impunes
1420 1841 1482 1873 siut
1503 1841 1560 1885 qui
1582 1840 1682 1873 liuius
1701 1840 1819 1873 voluu-

134 1901 210 1933 tatis
228 1900 374 1933 ministri
395 1899 544 1932 fuerunt.
563 1900 640 1932 Non
660 1899 751 1932 euim
771 1903 805 1931 ut
824 1899 895 1931 Deo
914 1897 1206 1943 gratificarentur,
1225 1898 1260 1930 id
1279 1909 1377 1943 agere
1397 1897 1618 1934 studuerunt,
1635 1897 1693 1930 sed
1714 1897 1816 1930 animi

135 1957 331 1990 voluntario
351 1962 535 2002 peccarunt
561 1962 658 1989 motu
671 1982 678 1993 ,
703 1961 735 1988 et
755 1955 969 1989 truculentae
988 1955 1137 1988 invidiae
1157 1955 1260 1988 ductu
1274 1982 1281 1993 ‚
1305 1955 1392 1988 illud
1413 1954 1542 1988 facinus
1562 1960 1814 1999 perpetrarunt.

134 2015 253 2047 Postea
271 2013 463 2059 subiungit:
481 2020 514 2046 et
532 2013 663 2047 doloris
682 2013 867 2046 x'ulnerum
884 2024 1041 2045 meorum
1060 2013 1309 2046 incrementum
1327 2012 1493 2045 fecerunt.
1512 2013 1666 2057 Namque
1685 2012 1756 2057 ipse
1773 2023 1818 2046 se-

133 2078 202 2105 met
221 2071 431 2107 humiliavit,
450 2070 498 2103 illi
520 2077 633 2104 autem
649 2070 718 2104 leto
734 2070 916 2103 dederunt.
936 2069 994 2103 Vel
1014 2070 1110 2114 quia,
1128 2069 1230 2103 caede
1247 2071 1318 2103 eius
1333 2081 1402 2103 non
1417 2069 1586 2107 contenti,
1603 2069 1818 2102 resurrectio-

135 2141 214 2164 nem
231 2140 371 2175 quoque
390 2129 462 2162 eius
480 2128 689 2162 calumniose
710 2127 947 2161 traduxerunt.
968 2128 1153 2172 Propterea
1174 2127 1283 2171 pergit
1304 2127 1338 2159 in
1357 2125 1578 2171 sequentibus
1597 2126 1814 2160 maledicere.

570 2194 699 2221 Appon-e
716 2195 919 2221 iniquitatem
935 2200 1028 2220 super
1045 2194 1248 2220 iniquitatem
1264 2199 1381 2215 eorum.

231 2247 305 2279 Hoc
331 2246 374 2279 ait
402 2244 449 2279 ob
476 2245 634 2278 addenda
662 2244 787 2277 civitati
816 2244 1029 2277 Hierusalem
1056 2244 1221 2288 supplicia
1250 2243 1310 2288 (⁴2)
1340 2243 1557 2288 Iniquitatem
1583 2243 1710 2275 scilicet
1735 2242 1816 2276 dicit

136 2315 200 2350 pro
218 2315 327 2350 poena
340 2329 347 2341 ,
368 2314 455 2348 quae
477 2309 615 2348 peccato
635 2303 837 2347 imponitur.
859 2301 960 2341 Quod
980 2301 1005 2334 si
1026 2301 1069 2334 de
1088 2300 1350 2334 crucifixoribus
1368 2311 1481 2333 sermo
1499 2306 1567 2337 est,
1590 2299 1662 2333 fore
1681 2299 1762 2332 dicit
1781 2306 1819 2333 ut

135 2361 303 2405 iniquitati
324 2360 488 2393 adversus
502 2360 688 2393 Dominum
707 2365 950 2404 expromptae,
967 2358 1068 2391 aliam
1087 2359 1226 2404 insuper
1244 2359 1456 2402 iniquitatem
1476 2357 1678 2402 adiungant.
1696 2368 1820 2402 nempe

134 2424 171 2451 ut
190 2417 356 2452 Zebedaei
377 2416 487 2451 tilium
507 2416 670 2451 Iacobum
695 2417 811 2462 gladio
831 2422 970 2455 necent,
994 2416 1134 2449 fratrem
1162 2427 1243 2448 vero
1263 2417 1399 2449 Domini
1426 2416 1513 2449 fuste
1527 2442 1534 2451 ,
1557 2414 1730 2460 lapidibus
1748 2416 1818 2447 Ste-

135 2475 300 2520 phanum.
330 2475 409 2513 Vel,
432 2487 499 2508 uua
519 2474 660 2519 quidem
679 2475 839 2519 iniquitas
859 2474 941 2511 fuit,
962 2475 1115 2507 veritatis
1141 2485 1228 2517 quae
1249 2474 1281 2506 in
1302 2473 1469 2505 muudum
1490 2478 1626 2506 xenerat
1647 2472 1816 2509 etscltlsio,

134 2532 218 2566 dum
246 2533 279 2565 in
305 2531 428 2565 umbra
456 2532 537 2577 legis
564 2538 682 2565 contra
711 2532 818 2577 legem
845 2543 1065 2577 perseverare
1092 2531 1297 2564 voluerunt:
1321 2531 1427 2564 altera
1448 2541 1530 2563 vero
1549 2530 1708 2574 iniquitas
1734 2528 1816 2567 fuit,

134 2589 229 2635 quod
256 2589 380 2623 Iudaea
406 2589 578 2634 simulque
605 2589 720 2634 typico
739 2589 833 2622 cultu
853 2589 1005 2634 expulsi,
1029 2588 1253 2622 nihilomiuus
1272 2586 1362 2620 ltunc
1389 2586 1446 2620 ubi
1474 2587 1541 2620 iam
1568 2598 1636 2619 non
1664 2585 1741 2619 licet
1766 2597 1820 2619 re-

233 2702 268 2731 (1)
289 2699 421 2726 Vaticinia
441 2703 506 2726 sunt
526 2699 592 2725 liaeo
613 2699 702 2733 potius
721 2706 803 2733 quam
823 2699 913 2733 dirae,
933 2704 965 2726 ut
984 2699 1048 2726 alibi
1069 2697 1151 2730 dixit,
1172 2705 1288 2732 moxque
1308 2697 1474 2731 repetiturus
1493 2700 1533 2723 est
1552 2696 1679 2732 Cyrillus.

233 2747 267 2775 (2]
289 2745 344 2770 lam
365 2743 442 2770 video
462 2742 636 2770 retinendum
651 2743 735 2770 fuisse
755 2743 782 2769 in
800 2752 896 2779 graeco
912 2747 986 2770 textu
1000 2742 1165 2770 vocabulum
1182 2742 1321 2777 πρόσδεσιν
1338 2741 1413 2773 tcod.
1432 2742 1594 2775 προσθησιν)
1609 2740 1680 2775 quod
1696 2740 1728 2767 ad
1744 2748 1817 2767 mar-

135 2789 226 2825 ginem
247 2788 443 2819 ablegat-eram.
467 2788 499 2813 tlt
517 2786 627 2821 quidem
649 2787 796 2819 Eusebius,
817 2787 864 2822 qui
883 2788 911 2814 in
931 2795 981 2814 suo
1000 2786 1197 2813 commentario
1217 2795 1241 2821 p.
1259 2789 1318 2812 383.
1337 2793 1428 2819 parem
1450 2793 1577 2818 sensum,
1596 2784 1708 2811 diversis
1728 2788 1819 2810 tamen

136 2832 236 2865 serbis,
258 2831 321 2859 huie
341 2832 400 2859 loco
419 2830 567 2863 adtribuit,
587 2831 690 2866 quique
710 2831 737 2857 in
758 2831 879 2865 margine
898 2835 992 2858 nostro
1012 2839 1053 2865 gr.
1076 2831 1192 2863 citatur,
1212 2830 1307 2857 scribit
1326 2830 1483 2865 προσθήκην.

1670 2885 1702 2909 32

1856 1399 1863 1406 ’
1881 1396 1907 1416 Is.
1924 1395 2011 1416 XLVII.
2030 1401 2047 1416 h.

1856 1455 1894 1474 (ιν.
1910 1460 1931 1480 p.
1947 1457 1992 1474 2913.

1856 1572 1863 1578 “
1879 1569 1944 1589 Zacli.
1957 1569 2015 1590 xm.
2028 1572 2046 1589 T.
