2205 3177
400 95 444 127 96
909 99 936 120 S.
965 96 1091 119 cvntffl
1118 95 1338 118 ,uffixaxnmm
1365 93 1571 117 EXPLANATIO

403 169 468 202 tiac
494 177 608 200 ansam
628 176 696 198 non
717 163 773 196 dat
787 188 794 198 ,
815 161 1009 195 cuiusmodi
1036 166 1113 194 sunt
1132 161 1153 192 ii
1173 160 1231 204 qui
1251 157 1296 192 ob
1317 159 1371 204 pie
1389 157 1576 196 vivendum
1595 157 1869 203 persecutionem
1888 157 2080 202 patiuntur.

173 239 176 242 ⁴
197 235 277 254 *mm
293 235 302 252 κ
333 237 352 253 ιι
404 225 535 266 Quibus
555 224 597 256 ait
618 223 776 254 Servator
797 221 825 252 ‘t
848 217 936 252 beati
957 219 1053 255 estis,
1077 229 1154 250 cum
1175 216 1390 250 contumeliis
1410 226 1472 248 vos
1491 213 1666 251 adficient,
1688 221 1719 248 et
1740 220 2004 260 persequentur,
2027 213 2082 246 di-

399 289 543 326 centque
569 290 670 313 omne
696 276 777 310 mali
805 275 902 310 xerbi
929 286 1036 320 genus
1063 274 1227 308 adversus
1252 284 1313 307 vos
1343 273 1564 309 mentientes,
1593 277 1736 317 propter
1767 282 1841 309 me,
1869 277 1902 305 et
1932 271 2080 315 reliqua.

403 338 509 372 David
534 346 672 381 quoque
691 333 818 367 multos
837 332 956 365 habuit
975 338 1103 365 temere
1124 330 1186 364 sihi
1208 331 1388 363 irascentes
1401 354 1408 366 ,
1429 328 1582 363 Saulem.
1603 327 1883 365 Abessalomum,
1904 334 1941 361 ut
1960 338 2083 361 eorum

403 394 565 429 adseclas.
594 393 708 432 Quum
735 391 825 424 cnim
853 391 924 435 ipse
951 389 1094 422 multam
1121 389 1168 422 cis
1193 387 1399 421 exhibuisset
1428 386 1663 422 clementiam,
1688 385 1790 419 stulte
1815 392 1909 418 erant
1937 385 2082 419 inimici.

981 455 1096 478 nentes
1113 456 1308 481 peccatorum
1325 453 1513 475 contrivisti.

496 510 720 543 Locutioncm
748 523 762 537 «
791 506 910 540 dentes
936 506 1125 540 commisti
1155 520 1170 536 »
1201 511 1376 549 tamquam
1403 503 1446 537 de
1472 503 1581 536 samis
1606 501 1718 535 beluis
1743 501 1840 536 dixit.
1871 502 2083 547 Sanguinarii

400 569 492 601 enim
519 566 724 612 plerumque
745 565 765 597 ii
787 570 865 597 sunt
891 564 948 609 qui
977 563 1123 608 pcccatis
1142 561 1375 597 delectantur,
1399 567 1432 594 et
1457 565 1575 593 contra
1595 565 1791 592 sanctorum
1810 557 1937 591 bonam
1957 559 2085 592 samam

401 623 562 658 dentibus
588 622 746 657 strident.
777 622 850 655 Mos
876 627 989 654 autem
1009 621 1192 665 inspiratae
1211 619 1400 664 scripturae
1426 624 1473 651 est
1502 617 1582 651 feris
1607 627 1808 662 comparare
1831 615 2004 655 homines,
2023 617 2083 661 qui

402 680 573 727 aliquibus
599 678 785 713 crudeliter
811 678 905 712 abuti
933 677 1155 711 meditantur.
1187 677 1322 720 ltaque,
1351 674 1471 708 dentes
1497 674 1705 711 contrixisti,
1735 684 1818 718 pro.
1847 674 1941 706 omni
1967 684 2025 707 eos
2050 673 2083 706 xi

402 739 575 784 spoliasti,
596 736 725 771 dictum
753 742 820 770 est:
843 741 978 780 sumpta
997 733 1198 778 metaphora
1225 744 1242 766 a
1271 731 1369 768 feris,
1391 744 1478 777 quae
1497 731 1619 765 ablatis
1642 730 1821 769 dentibus,
1843 728 2086 775 contemptibi-

404 797 452 830 les
478 794 669 829 admodum
694 800 771 827 sunt
800 800 832 826 et
859 790 1064 830 imbecillae,
1094 791 1185 823 Dicet
1216 796 1329 823 autem
1356 789 1457 822 ctiam
1482 790 1640 822 Serxator
1668 789 1753 833 patri
1781 799 1866 821 suo:
1885 793 1922 820 tu
1948 798 2087 832 percus-

404 854 474 888 sisti
502 852 678 887 Herodem
705 849 959 885 infanticidam,
981 849 1053 882 sine
1081 859 1181 881 causa
1208 847 1292 880 mihi
1320 847 1543 884 irascentem;
1563 846 1732 892 percuties
1756 856 1894 891 quoque
1921 844 2086 883 Iudaeos,

405 911 566 945 Romanis
590 909 668 943 illos
693 907 849 945 tradens;
870 906 1059 950 dentesque
1084 915 1205 938 eorum
1231 909 1407 941 conteres,
1429 908 1609 948 propterea
1630 902 1723 947 quod
1742 901 1908 935 dixerint:
1930 913 2000 935 non
2025 901 2088 935 ha-

407 968 528 1003 bemus
556 978 684 1012 regem.
713 967 771 1002 Et.
793 964 929 1009 sangnis
955 964 1027 997 eius
1054 973 1157 1008 super
1180 973 1256 995 nos.
1285 961 1526 994 Pereutiuntur
1551 972 1569 993 a
1588 961 1736 993 Domino
1761 961 1862 993 etiam
1883 959 2086 997 daemones,

408 1027 486 1072 quia
510 1024 604 1058 nulla
624 1036 667 1058 >re
694 1035 712 1057 a
739 1022 838 1056 nobis
864 1022 966 1059 laesi,
988 1026 1116 1054 temere
1144 1019 1244 1053 nobis
1271 1018 1317 1052 ob
1344 1017 1510 1051 malitiam
1536 1028 1633 1050 suam
1658 1017 1880 1050 insidiantur:
1901 1016 1960 1050 sed
1986 1015 2089 1049 intel-

232 1098 269 1116 m.
284 1101 299 1121 ι,
326 1098 369 1115 m.
409 1083 570 1117 lectuales
589 1082 744 1127 ipsorum
764 1080 900 1114 dentes.
922 1079 1097 1124 passiones
1117 1079 1274 1122 inquam,
1295 1075 1421 1121 quibus
1440 1074 1666 1120 simpliciores
1683 1075 1885 1111 comedunt,
1906 1080 2089 1108 conterun—

194 1150 252 1197 'up’
269 1147 367 1169 [xxm.
407 1148 475 1175 tur.
504 1141 552 1174 Tu
578 1139 689 1177 enim,
710 1138 819 1184 inquit
849 1136 1023 1183 psalmista
1044 1136 1074 1173 ‘,
1096 1136 1206 1180 capita
1232 1132 1471 1167 contribulasti
1490 1132 1680 1166 draconum
1708 1133 1743 1165 in
1769 1132 1864 1176 aquis
1887 1131 2090 1165 delitescen-

408 1199 509 1231 tium:
533 1203 568 1230 tu
587 1207 751 1241 magnum
770 1201 841 1228 cete
862 1193 1112 1227 resurrectione
1132 1198 1188 1225 tua
1208 1191 1389 1224 domuisti:
1411 1196 1448 1223 tu
1467 1189 1597 1223 inferos
1615 1188 1832 1226 destruxisti,
1854 1194 2000 1221 mortem
2019 1187 2089 1222 cal-

409 1255 506 1292 casti,
529 1251 707 1287 diabolum
728 1251 859 1285 futilem
880 1250 1074 1285 reddidisti.
1102 1250 1143 1282 Et
1162 1260 1298 1282 mecum
1320 1258 1447 1292 quaeso
1467 1246 1628 1285 observa,
1649 1245 1827 1291 quomodo
1846 1245 2091 1278 detrimentum

409 1316 430 1347 ii
457 1314 598 1347 demum
625 1311 803 1359 perferunt
828 1312 888 1356 qui
912 1311 1072 1343 iniuriam
1099 1309 1246 1346 faciunt;
1268 1319 1285 1341 a
1304 1308 1376 1340 Deo
1403 1307 1494 1340 enim
1518 1307 1770 1352 percutiuntur.
1799 1303 1853 1338 Ab
1879 1304 1955 1337 aliis
1976 1309 2092 1337 autem

411 1372 509 1409 laesi,
532 1371 646 1417 potius
670 1371 849 1408 iuvantur,
871 1369 951 1413 quia
978 1367 1124 1400 salutem
1151 1365 1194 1399 ab
1220 1376 1262 1399 co
1287 1370 1558 1410 consequuntur.

746 1435 873 1458 nomfini
890 1436 935 1456 est
953 1433 1055 1460 salus,
1071 1434 1101 1454 et
1119 1437 1212 1459 super
1229 1430 1379 1458 populum
1397 1431 1485 1452 tuum
1502 1429 1677 1452 benedictio
1694 1431 1759 1451 tua·

504 1488 608 1521 Decet
633 1485 810 1519 hominem
837 1490 993 1517 sanctum
1021 1482 1095 1515 aliis
1121 1492 1261 1526 quoque
1281 1491 1299 1513 a
1318 1481 1389 1513 Deo
1416 1478 1452 1512 id
1479 1479 1630 1524 precari,
1651 1478 1745 1523 quod
1765 1477 1828 1511 sibi
1848 1477 1936 1511 bene
1955 1477 2093 1511 evenire

410 1545 495 1579 vult.
525 1545 588 1578 Hic
606 1544 699 1577 enim
724 1552 942 1587 nequaquam
961 1551 995 1573 se
1015 1539 1128 1573 solum
1156 1537 1231 1571 fieri
1253 1537 1455 1583 participem
1481 1542 1576 1581 optat
1601 1535 1800 1568 divinorum
1824 1534 2091 1572 beneficiorum,

409 1602 467 1636 sed
495 1612 715 1636 communem
734 1601 864 1634 cunctis
884 1599 943 1632 Dei
969 1595 1180 1631 amatoribus
1199 1595 1288 1628 hanc
1306 1593 1567 1628 beneficentiam
1587 1599 1715 1638 patere.
1738 1594 1855 1637 Neque
1874 1592 2008 1625 mireris
2026 1590 2094 1624 hoc

409 1671 481 1694 esse
507 1665 705 1693 sanctorum
734 1656 905 1694 studium
932 1654 1102 1700 siquidem
1130 1652 1317 1687 condolent
1344 1651 1472 1696 pariter
1498 1649 1724 1696 patientibuS,
1751 1650 1988 1684 collacrimant
2013 1659 2094 1683 cum

410 1716 589 1756 flentibus,
610 1723 643 1750 et
668 1714 822 1749 debitam
847 1711 1084 1759 peecatoribus
1107 1711 1167 1744 Dei
1196 1711 1282 1743 iram
1302 1709 1364 1742 sibi
1382 1719 1521 1753 quoque
1540 1719 1760 1742 communem
1785 1708 1915 1741 dicunt.
1938 1709 2094 1741 Fortasse

410 1775 512 1807 etiam
540 1773 732 1818 theologice
761 1772 813 1805 hic
839 1769 948 1804 David
975 1769 1148 1813 loquitur:
1178 1778 1318 1812 nempe,
1347 1766 1477 1799 utinam
1505 1776 1522 1799 a
1549 1771 1598 1804 te,
1620 1766 1765 1798 Domine
1794 1771 1909 1810 pater,
1938 1765 2095 1798 mittatur

412 1836 565 1864 servator
594 1831 702 1867 lesus,
724 1829 893 1862 humanae
921 1832 1062 1861 naturae
1082 1824 1192 1862 salus,
1215 1830 1247 1858 et
1274 1824 1378 1857 sancti
1405 1823 1550 1868 Spiritus
1575 1822 1770 1856 benedictio
1796 1833 1900 1867 super
1924 1821 2095 1867 populum

412 1887 612 1925 descendat,
634 1887 669 1920 id
688 1893 738 1920 est
758 1897 860 1931 super
879 1890 1015 1930 gentes.
1037 1882 1163 1927 quibus
1188 1882 1320 1915 utinam
1347 1881 1440 1914 omni
1467 1880 1610 1926 spiritali
1637 1879 1877 1913 benedictione
1896 1878 2094 1913 benedicas!

413 1946 450 1978 In
476 1945 610 1979 Christo
637 1945 726 1977 enim
753 1954 874 1977 omnes
893 1947 1011 1987 gentes
1030 1939 1295 1974 benedicentur.
1318 1937 1432 1971 ludaei
1456 1944 1570 1971 autem
1595 1937 1823 1982 expellentur.
1854 1937 1924 1971 Iam
1943 1936 2096 1970 Christus

413 2004 484 2049 ipse.
510 2002 627 2036 salutis
653 2012 750 2037 suae.
772 2011 876 2045 quam
902 2009 1084 2043 resurgens
1110 1996 1254 2042 adeptus
1280 2002 1349 2033 est,
1373 2002 1504 2041 patrem
1533 2001 1708 2028 auctorem
1734 1994 1861 2028 habere
1886 1994 1984 2033 dicit;
2003 1993 2097 2039 pari-

413 2066 532 2104 terque
552 2057 825 2092 benedictionem
845 2055 1063 2090 credentibus
1082 2066 1278 2088 concessam
1292 2079 1299 2090 ,
1322 2054 1385 2099 ipsi
1405 2058 1579 2098 acceptam
1603 2052 1718 2086 refert.
1748 2052 1879 2086 Idcirco
1898 2052 1962 2085 ait:
1982 2051 2098 2085 venite

412 2117 582 2152 benedicti
603 2117 707 2162 patris
733 2116 817 2154 mei,
839 2121 872 2148 et
892 2113 1075 2159 possidete.
1104 2114 1205 2146 Recte
1226 2113 1366 2157 insuper
1386 2111 1538 2156 psalmus
1563 2111 1733 2144 humanae
1752 2111 1854 2143 etiam
1873 2116 2016 2143 naturae
2041 2120 2098 2142 ac—

414 2174 708 2211 commodabitur,
730 2184 833 2219 quam
854 2170 1050 2217 affligebant
1070 2170 1255 2203 daemones
1275 2174 1352 2202 ante
1371 2168 1560 2202 Servatoris
1578 2167 1784 2201 adventum:
1805 2179 1926 2201 xer-um
1945 2166 1980 2200 hi
1999 2166 2098 2200 Chri—

414 2233 454 2265 sti
480 2232 654 2265 humanati
681 2231 808 2264 virtute
834 2229 986 2275 percussi
1015 2227 1130 2265 fuere;
1152 2232 1348 2272 oppugnata
1370 2231 1484 2259 autem
1504 2224 1547 2259 ab
1567 2226 1648 2271 ipsis
1675 2231 1794 2258 natura
1815 2215 1959 2258 salutem
1979 2235 2018 2257 ac
2035 2222 2098 2256 be-

416 2289 644 2324 nedictionem
671 2288 795 2334 adepta
821 2293 882 2321 est.

1066 2384 1171 2422 PSA
1185 2383 1345 2422 LMUS
1386 2383 1449 2420 lV.

325 2481 345 2495 x.
364 2479 379 2495 ι.
830 2472 868 2494 ln
887 2471 994 2498 finem,
1012 2471 1045 2492 in
1064 2470 1194 2496 hymnis.
1214 2468 1357 2492 Psalmus
1374 2469 1489 2490 cantici
1509 2468 1623 2490 Davisii
1641 2468 1683 2497 (1)⁴

513 2523 663 2571 Tertium
689 2521 830 2568 quidem
858 2519 1029 2566 psalmum
1055 2524 1292 2563 composuerat
1322 2517 1441 2550 beatus
1467 2517 1595 2555 David,
1618 2518 1771 2551 fervente
1797 2516 1910 2550 adhuc
1936 2515 2100 2549 adversus

418 2578 642 2613 Absalomum
668 2576 780 2615 bello:
808 2589 914 2623 quare
940 2582 973 2610 et
998 2574 1180 2610 eiulatibus
1207 2576 1352 2608 refertus
1378 2581 1462 2608 crat.
1492 2575 1659 2615 Quartum
1690 2585 1773 2608 vero
1805 2574 1897 2607 hunc
1928 2572 2100 2619 psalmum

419 2643 495 2680 post
514 2638 585 2670 eius
604 2636 685 2671 belli
705 2637 884 2670 victoriam
903 2634 1039 2668 dedicat
1058 2633 1178 2666 iictori
1198 2634 1268 2666 Deo
1295 2631 1340 2665 ob
1367 2634 1553 2676 gratiarum
1578 2634 1760 2666 actionem.
1790 2630 2024 2673 Quamobrem
2043 2629 2099 2662 alii

521 2722 551 2750 t)
574 2720 611 2746 lta
631 2724 669 2746 est
692 2720 719 2746 in
739 2719 818 2746 tertio
838 2726 903 2745 casu
922 2721 953 2752 τῷ
975 2718 1058 2749 Aufili
1078 2716 1150 2752 apud
1167 2716 1344 2750 Septuaginta
1366 2716 1541 2750 interpretes,
1562 2715 1636 2750 quod
1656 2720 1686 2741 ut
1702 2715 1762 2741 sine
1780 2714 1959 2749 ambiguitate
1973 2713 2022 2743 sit,
2039 2711 2099 2738 vul-

420 2766 498 2795 gatus
518 2770 596 2797 saepe
617 2763 712 2790 scribit
733 2765 788 2798 ipsi
802 2763 906 2790 Dat-id.
929 2764 1011 2790 Porro
1031 2762 1129 2789 videsis
1146 2769 1161 2788 a
1181 2760 1259 2787 nohis
1281 2759 1409 2786 adnotata
1431 2760 1465 2786 ad
1486 2759 1597 2795 Didymi
1619 2759 1804 2794 fragmentum
1825 2759 1853 2785 in
1875 2757 1948 2784 calce
1967 2756 2065 2791 operis.
