2205 3177
747 180 778 201 m
805 179 956 201 PSALMt’M
984 179 1060 200 xiv.
1092 179 1128 201 ET
1155 178 1248 201 vai.
1769 168 1838 200 207

155 246 311 284 manuel,
332 245 426 291 quod
455 252 504 279 est
530 247 794 289 interpretatum
821 241 999 275 nobiscum
1028 244 1128 276 Deus.
1158 244 1253 275 Tunc
1280 241 1434 275 defendit
1461 253 1542 277 nos,
1565 248 1597 275 et
1617 242 1844 287 periclitantes

157 304 320 338 servavit:
343 303 481 336 retraxit
509 303 601 335 enirn
629 312 646 335 a
673 307 892 346 peccatorum
913 300 1129 344 corruptela,
1152 306 1256 344 atque
1282 311 1299 332 a
1326 297 1538 332 sensibilium
1567 310 1672 343 aeque
1692 305 1725 332 et
1744 299 1843 332 intel-

166 361 351 406 tigibilium
378 360 529 393 hostium
555 359 746 393 dominatu.
777 356 864 390 Vidit
893 367 975 401 ergo
1002 356 1108 389 Daxid
1135 357 1361 390 humanatum
1387 357 1513 393 Deum,
1537 356 1619 389 xidit
1646 368 1685 389 ex
1712 357 1842 402 virgine

163 425 283 452 natum
303 417 582 455 Emmanuelem,
603 416 750 460 ideoque
777 413 977 459 prophetice
1003 413 1229 447 exclamabat:
1254 415 1421 446 Dominus
1447 414 1613 446 xii-tutum
1640 413 1840 448 nobiscum:

164 476 405 509 demonstrans
431 474 576 511 scilicet,
597 473 688 506 hunc
715 483 786 505 esse
812 472 870 516 qui
898 471 1073 516 prophetis
1100 472 1222 504 sanctis
1247 477 1282 504 et
1309 471 1508 515 patriarchis
1527 472 1696 516 apparuit.
1726 472 1844 505 Susce—

166 539 262 578 ptor,
280 533 407 577 inquit,
430 538 544 565 noster
562 529 654 563 haud
673 529 758 562 alius
776 540 794 562 a
812 534 1003 562 memorato
1022 528 1112 573 apud
1132 528 1322 573 prophe-tas
1339 529 1427 565 Deo,
1451 528 1508 560 scd
1528 529 1616 561 Deus
1636 528 1746 562 lat-obi
1758 555 1765 565 ,
1783 530 1841 573 qui

164 591 199 624 in
219 589 361 624 oraculo
388 588 518 623 famulo
537 598 600 621 suo
619 587 664 620 ait
684 587 714 619 ἐ
736 597 800 631 ego
826 597 901 619 sum
920 587 1010 618 Deus
1029 584 1215 618 Abrahami
1242 591 1275 618 et
1302 585 1393 618 Deus
1420 586 1520 618 lsaaci
1545 592 1578 619 et
1604 587 1694 619 Deus
1714 586 1838 620 lacobi.

495 653 607 675 Videte
624 659 717 679 opera
735 652 879 679 Domini,
894 658 974 678 quae
990 652 1092 678 posuit
1110 651 1257 680 prodigia
1274 657 1369 677 stupei-
1386 653 1513 673 terram.

260 705 411 738 Plurima
439 708 569 749 patrata
597 707 674 736 sunt
702 701 857 747 prodigia
883 700 1063 746 splendida
1090 712 1127 733 ac
1153 699 1324 736 celebria,
1346 712 1455 744 neque
1482 701 1515 733 in
1543 701 1664 734 Iudaea
1693 708 1842 735 tantum—

166 762 289 801 modo,
311 773 431 795 verum
450 761 551 793 etiam
572 771 589 792 a
608 760 738 793 cunctis
756 765 866 793 terrae
884 759 1004 792 incolis
1024 759 1158 802 cognita
1177 769 1238 803 per
1256 758 1469 802 evangelicas
1488 758 1757 803 praedicationes
1776 771 1845 792 san*

167 826 304 853 ctorum
330 818 565 855 sacerdotum,
591 817 649 862 qui
676 817 870 849 universam
897 822 1021 849 terram
1049 821 1286 860 peragrantes,
1314 813 1549 848 admirabilem
1577 815 1695 848 Christi
1724 824 1844 861 poten-

168 878 248 911 tiam
276 875 582 920 excellentiamque
608 873 859 920 patefecerunt,
881 874 1005 918 partim
1032 884 1134 917 opera
1162 872 1253 905 illius
1278 878 1476 910 narrantes,
1498 873 1622 917 partim
1646 873 1707 918 ipsi
1730 875 1761 905 in
1783 886 1844 907 no—

166 936 258 969 mine
283 935 355 968 eius
381 933 525 967 feliciter
552 939 736 978 patrantes.
766 932 867 972 Quod
887 932 913 964 si
932 932 1008 976 quis
1033 931 1140 968 dicat,
1163 937 1323 976 oportere
1351 937 1387 964 ut
1414 942 1454 963 ex
1480 929 1638 975 gentibus
1663 932 1772 964 wjicati
1792 932 1845 964 di—

166 998 260 1026 scant
285 1002 391 1037 opera
410 991 565 1029 Domini,
587 990 622 1023 id
642 996 689 1023 est
709 989 879 1023 visibilem
904 995 1115 1026 creaturam,
1137 999 1224 1032 quae
1251 994 1429 1033 tantopere
1448 993 1494 1021 est
1517 987 1748 1025 admirabilis,
1772 996 1801 1021 ut
1827 1001 1842 1021 a

168 1049 327 1095 prodigio
355 1060 424 1082 non
450 1047 550 1081 valde
577 1046 680 1084 absit,
702 1057 772 1091 quo
799 1045 836 1079 fit
862 1052 897 1079 ut
925 1057 1045 1079 omnes
1064 1051 1253 1079 creatorem
1281 1045 1507 1078 universalem
1527 1051 1730 1089 agnoscant.
1753 1045 1843 1079 haud

166 1107 327 1152 equidem
354 1118 371 1140 a
396 1104 569 1152 probabili
596 1105 762 1137 sententia
790 1102 943 1137 abludet.

803 1200 1032 1238 PSALMUS
1061 1200 1198 1237 XLVI.

791 1286 827 1308 ln
846 1286 952 1313 ssnem,
969 1292 1025 1312 pro
1042 1285 1118 1307 filiis
1134 1285 1222 1307 Con-e.

264 1337 358 1370 Filiis
383 1337 469 1370 Core
496 1335 751 1369 famulabantur
776 1336 848 1369 sine
874 1333 982 1368 dubio
1008 1335 1093 1367 sacri
1120 1334 1249 1379 aliquot
1276 1333 1423 1378 psaltae,
1445 1334 1503 1378 qui
1530 1334 1630 1366 etiam
1655 1334 1741 1367 lianc
1769 1346 1841 1379 pre—

169 1406 244 1428 cem
269 1394 432 1428 offerunt.
462 1393 573 1428 Habet
599 1395 713 1438 itaque
739 1393 877 1426 titulum
904 1404 968 1438 pro
988 1391 1066 1425 filiis
1086 1392 1188 1429 Core,
1211 1403 1280 1425 non
1300 1391 1394 1436 quod
1422 1402 1562 1436 prorsus
1587 1392 1727 1424 illorum
1748 1404 1846 1426 causa

169 1452 235 1486 hoc
261 1453 492 1498 compositum
518 1451 618 1485 fuerit
647 1451 836 1488 canticum,
866 1450 926 1483 sed
954 1456 1128 1494 tamquam
1154 1450 1217 1494 ipsi
1243 1448 1394 1494 deputati
1426 1449 1570 1481 ministri
1599 1450 1663 1481 sint
1692 1449 1770 1483 liuic
1795 1450 1848 1483 di—

169 1510 291 1543 cendo.
320 1510 488 1554 Loquitur
513 1515 628 1542 autem
647 1514 845 1541 sanctorum
865 1507 1102 1552 apostolorum
1123 1517 1286 1551 persona,
1308 1518 1369 1539 ceu
1387 1507 1445 1551 qui
1465 1507 1544 1539 iussi
1572 1506 1695 1540 fuerint
1723 1508 1847 1540 docere

169 1578 289 1601 omnes
314 1567 483 1612 populos,
512 1577 638 1611 eosque
664 1565 836 1611 baptizare
862 1565 896 1598 in
924 1565 1063 1598 nomine
1088 1565 1195 1597 Patris
1221 1569 1252 1596 et
1279 1564 1354 1596 Filii
1384 1569 1415 1596 et
1443 1564 1587 1609 Spiritus
1617 1565 1734 1597 sancti.
1764 1565 1848 1605 Quia

170 1635 252 1658 vero
279 1623 510 1669 plurimorum
537 1623 619 1668 ipsis
645 1622 897 1668 grandiumque
917 1621 1091 1655 bonorum
1111 1620 1325 1654 conciliatrix
1352 1620 1436 1654 fides
1463 1621 1541 1659 fuit;
1564 1633 1640 1654 nam
1662 1633 1723 1666 per
1741 1623 1848 1667 ipsam

172 1682 213 1715 ad
241 1681 463 1727 adoptionem
483 1681 516 1714 in
542 1680 632 1713 filios
658 1680 718 1714 Dei
743 1680 854 1713 xocati
881 1679 1040 1717 fuerunt,
1062 1679 1265 1724 divinaeque
1285 1684 1425 1712 naturae
1444 1678 1521 1712 facti
1541 1685 1618 1712 sunt
1646 1680 1846 1725 participes,

171 1744 202 1772 et
230 1739 404 1772 donorum
430 1738 626 1771 caelestium
653 1738 760 1782 gratia
786 1737 900 1773 ditati,
923 1742 1188 1781 sanctorumque
1213 1747 1309 1781 spem
1337 1735 1468 1780 adepti:
1490 1735 1617 1769 idcirco
1644 1737 1850 1770 convenien—

173 1797 299 1829 tissime
326 1795 445 1829 iubent
470 1796 562 1840 ipsos
587 1794 748 1828 laudibus
775 1794 953 1839 indulgere
980 1794 1147 1827 dicentes:

604 1858 716 1882 amnes
733 1861 840 1889 gentes
856 1859 999 1886 plaudite
1017 1859 1177 1885 manibus,
1193 1858 1327 1881 iubilate
1344 1858 1418 1880 Deo.

268 1911 488 1944 Laudationis
514 1921 613 1943 causa
644 1916 715 1948 est,
743 1909 838 1955 quod
868 1920 930 1955 per
960 1910 1153 1943 universam
1187 1916 1313 1942 terram
1339 1909 1490 1942 Christus
1523 1908 1597 1942 talis
1628 1910 1773 1942 innotuit
1801 1911 1848 1942 uti

174 1980 292 2014 reapse
319 1974 387 2005 est,
410 1979 468 2002 rex
494 1968 657 2000 nimirum
678 1973 709 2000 et
729 1968 819 2000 Deus
845 1967 1028 2000 altissimus
1054 1978 1091 1999 ac.
1118 1966 1364 2004 formidabilis3
1386 1967 1430 1999 ita
1451 1977 1533 1999 xero
1561 1978 1619 1999 rex
1645 1967 1796 2011 gentium
1815 1972 1850 1998 ut

173 2037 244 2059 non
271 2032 351 2058 tunc
378 2026 472 2070 regni
502 2026 634 2058 initium
653 2024 831 2062 habuerit,
854 2036 931 2058 cum
952 2024 1029 2057 illae
1055 2025 1083 2057 ei
1111 2031 1187 2057 sunt
1215 2025 1429 2069 suppositae,
1453 2023 1510 2056 sed
1538 2025 1616 2068 quia
1640 2035 1745 2068 quum
1767 2028 1850 2056 esset

172 2083 328 2116 omnium
356 2094 413 2115 rex
433 2089 463 2115 et
484 2083 592 2120 Deus,
615 2084 704 2127 ipsas
721 2092 860 2126 quoque
880 2081 944 2115 sul)
964 2082 1057 2126 regni
1078 2082 1128 2114 sui
1148 2087 1283 2126 sceptro
1302 2081 1503 2117 collocavit,
1526 2080 1749 2114 dominorum
1768 2080 1853 2112 alio-

174 2152 251 2174 rum
279 2139 460 2185 tyrannide
486 2145 632 2185 ereptas.
662 2159 683 2164 -
709 2138 930 2183 Triumphale
955 2139 1124 2171 canticum
1143 2144 1191 2171 est
1214 2138 1267 2171 hic
1287 2137 1450 2183 psalmus.
1478 2138 1663 2182 Tamquam
1683 2137 1786 2181 igitur
1804 2138 1851 2169 vi-

174 2199 235 2231 ctis
261 2197 463 2231 adversariis
491 2195 734 2242 potestatibus,
757 2196 799 2229 ad
826 2195 1019 2229 canendum
1046 2195 1195 2240 populos
1214 2195 1383 2228 hortatur.
1414 2193 1560 2228 lubilant
1583 2201 1695 2227 autem
1714 2206 1775 2227 (eu
1793 2195 1851 2238 qui

175 2255 309 2288 Christo
336 2255 468 2288 favente
494 2254 648 2287 vicerint.

258 2328 400 2351 Subieeit
416 2328 545 2357 populos
562 2328 664 2355 nobis,
681 2329 712 2350 et
728 2329 835 2357 gentes
851 2328 908 2350 sub
925 2327 1055 2354 pedibus
1072 2327 1197 2349 nostris.
1214 2326 1321 2355 Elegit
1337 2327 1426 2348 nobis
1443 2326 1648 2348 hereditatem
1665 2331 1769 2351 suam,

773 2372 904 2398 speciem
922 2371 1014 2394 Iacob
1031 2377 1124 2397 quam
1141 2371 1263 2393 dilexit.

272 2428 439 2461 Videntur
465 2427 537 2461 aliis
563 2426 668 2460 verba
695 2440 710 2457 «
735 2425 876 2460 subiecit
903 2425 1051 2471 populos
1078 2425 1196 2462 nobis.
1222 2432 1253 2459 et
1280 2432 1397 2470 gentes
1424 2424 1487 2458 sub
1514 2424 1660 2470 pedibus
1686 2424 1810 2457 nostris
1836 2438 1851 2455 »

177 2485 245 2518 alio
271 2496 410 2530 quoque
430 2496 528 2518 sensu
549 2485 691 2529 intelligi
713 2496 831 2530 posse:
853 2496 931 2517 nam
960 2483 1107 2529 populos
1134 2489 1234 2528 atque
1254 2489 1370 2527 gentes
1390 2481 1454 2515 sub
1473 2488 1668 2515 sanctorum
1689 2481 1850 2527 pedibus,

177 2543 291 2588 ipsum
310 2544 467 2576 Satanam
495 2543 636 2587 eiusque
660 2542 767 2576 malas
793 2548 978 2587 potestates
1003 2554 1075 2576 esse
1096 2542 1201 2574 aiunt.
1231 2542 1279 2574 De
1305 2539 1430 2585 quibus
1448 2540 1600 2573 Christus
1620 2540 1703 2572 (lixit
1726 2541 1755 2572 ⁶:
1777 2551 1854 2573 ecce

177 2598 257 2633 dedi
277 2599 375 2633 vobis
395 2605 598 2645 potestatem
618 2599 769 2633 calcandi
791 2605 964 2645 serpentes
980 2606 1011 2632 et
1030 2600 1184 2644 scorpios
1204 2605 1237 2632 et
1256 2599 1450 2632 universam
1468 2598 1594 2630 inimici
1614 2598 1816 2642 potentiam.
1836 2611 1852 2628 »

179 2656 402 2690 Admirantur
426 2663 539 2690 autem
558 2657 799 2702 Redemptoris
816 2668 956 2702 quoque
975 2656 1233 2691 liberalitatem,
1255 2667 1296 2689 eo
1315 2655 1408 2700 quod
1431 2656 1518 2688 iusto
1538 2656 1597 2688 Dei
1617 2654 1756 2688 decreto
1775 2666 1858 2688 cun—

177 2715 221 2749 cti
248 2715 503 2748 Israhelitarum
529 2715 696 2749 honores,
720 2714 895 2759 factaeque
922 2714 974 2748 his
1000 2725 1016 2747 a
1044 2715 1115 2747 Deo
1142 2713 1406 2758 promissiones,
1428 2713 1571 2746 collatae
1598 2713 1705 2758 magis
1731 2712 1856 2745 fuerint

180 2772 394 2806 venientibus
418 2784 457 2805 ex
485 2772 692 2817 gentilitate,
713 2772 792 2817 quia
812 2771 917 2806 fidem
935 2777 1177 2816 susceperunt,
1200 2776 1231 2803 et
1252 2769 1407 2803 beneficii
1435 2776 1609 2803 auctorem
1629 2775 1855 2815 agnoverunt.

179 2830 219 2863 Et
244 2830 383 2875 quidem
411 2830 455 2863 de
480 2831 551 2875 ipsa
577 2829 692 2863 divina
718 2829 973 2875 praedicatione
999 2829 1129 2862 dictum
1155 2829 1218 2861 fuit
1244 2827 1428 2861 Israhelitis
1446 2839 1463 2861 a
1483 2829 1606 2861 sanctis
1631 2828 1802 2873 magistris
1824 2827 1852 2858 ':

1881 598 1889 607 ‘
1907 597 1975 617 Exud.
1992 598 2029 618 tlt,
2046 601 2056 618 ⁶

1883 660 1904 674 v.
1919 658 1938 675 9.

1882 683 1920 701 Gr.
1937 688 1957 707 ρ.
1973 685 2016 702 431.

1893 2205 1929 2222 ω’.
1945 2210 1959 2227 p
1982 2206 2026 2223 ³:sz

1897 2552 1900 2555 ·
1921 2549 1965 2567 tru-
1989 2549 2004 2568 λ
2034 2552 2054 2567 με

1897 2838 1902 2845 '
1917 2835 1967 2854 Art.
1981 2834 2040 2854 Xlll.
2056 2837 2080 2853 46
