2205 3177
631 108 662 129 m·
690 105 868 128 EPISTOLAM
896 104 937 126 An
964 103 1131 125 HEBRAEOS
1158 102 1229 125 CAP.
1256 102 1352 124 lt-lv.
1788 91 1834 122 75

151 176 281 223 perient
308 178 340 206 et
366 171 564 204 humanitus
584 170 798 215 apostolum,
819 175 851 202 et
870 169 978 200 Deum
1005 166 1048 199 ab
1072 166 1237 212 apostolis
1258 165 1502 211 praedicatum.
1532 165 1723 205 Quemnam
1743 168 1835 200 cuim

154 228 397 278 praedicabant
426 227 585 273 gentihus
611 227 700 261 beati
729 225 894 271 apostoli.
915 229 947 257 et
972 224 1111 268 quidem
1134 235 1194 256 ceu
1220 235 1341 257 verum
1365 223 1497 256 Deum?
1518 234 1633 256 nonne
1653 222 1834 257 dominum

153 295 309 323 nostrum
336 288 447 320 lesum
473 286 667 319 Christum?
694 295 808 318 nonne
832 281 1027 327 apostolum
1054 288 1223 326 quatenus
1251 281 1355 314 homo
1381 281 1453 314 est‘?
1476 292 1591 314 nonne
1617 281 1726 314 Deum
1750 293 1836 326 qua-

152 353 251 380 tenus
269 344 421 378 Verbum
442 344 572 389 patris?
599 344 675 382 Quo
695 347 794 387 pacto
812 350 891 373 eum
911 338 1110 384 pontificem
1133 338 1261 372 factum
1282 337 1622 383 contemplabimur‘.3
1641 340 1730 371 Num
1750 340 1833 373 sicut

153 404 216 436 fuit
243 400 382 435 Aaron?
409 403 498 435 Num
519 402 605 434 sicut
629 397 786 443 Moyses?
811 398 859 430 De
879 407 980 441 grege
1001 407 1106 440 agnos
1127 397 1198 429 Deo
1224 401 1449 432 mactantem,
1471 402 1529 429 aut
1556 402 1706 430 turtures
1725 403 1756 430 et
1777 409 1836 431 co-

152 459 306 496 lumbas.
327 465 360 492 et
386 458 533 491 similam
560 457 638 490 olco
665 454 890 501 perunctam?
914 454 1018 498 Atqui
1046 452 1137 489 nihil.
1159 453 1284 485 horum
1310 452 1387 485 fecit
1412 454 1655 487 Emmanuhel:
1682 454 1837 500 fungitur

151 519 244 551 enim
272 517 465 550 sacerdotio
488 514 583 561 quod
611 524 713 558 supra
742 512 853 557 legem
880 518 946 545 cst:
976 511 1046 556 ipse
1074 509 1137 543 fuit
1165 511 1318 547 xictima,
1341 522 1448 555 agnus
1473 522 1592 549 ierus,
1614 512 1687 556 ipse
1714 513 1836 546 imma-

151 575 284 609 culatus
312 575 542 617 innocensque
561 570 731 617 pontifex,
753 569 846 603 haud
871 580 936 615 pro
955 569 1022 601 suis
1042 568 1188 613 peccatis
1208 566 1420 605 sacrificans,
1442 569 1629 613 impervius
1647 570 1737 602 enim
1757 582 1837 615 pec—

151 638 228 665 cato
248 633 353 666 Deus,
377 630 437 663 sed
458 636 494 663 ut
515 627 634 661 mundi
654 633 786 660 reatuin
806 626 1022 660 dissolveret.
1053 626 1129 658 Fuit
1153 636 1237 669 ergo
1257 624 1412 657 sacrificii
1433 626 1484 657 sui
1504 626 1644 671 ipsemet
1666 628 1832 661 minister.

151 690 268 733 Neque
296 689 387 721 enim
415 684 598 732 oportebat
624 696 845 718 communem
873 684 1049 717 hominem
1078 693 1143 728 pro
1171 682 1290 715 mundi
1318 683 1385 715 sita
1414 682 1617 716 sacrificium
1645 683 1784 718 offerre.

248 744 313 778 Sed
339 756 400 789 age
425 742 509 788 quid
536 741 656 775 beatus
676 741 800 774 Paulus
826 740 933 778 dicat,
955 740 1153 784 diligentius
1176 738 1451 785 perpendamus:
1478 754 1492 769 α
1515 740 1729 774 considerate.
1755 752 1836 786 apo-

151 802 278 836 stolum
297 808 329 835 et
350 798 548 846 pontificem
569 798 793 832 consessionis
812 804 961 831 nostrae.
987 812 1001 828 »
1024 797 1097 830 Hoc
1117 803 1167 830 est
1185 796 1343 830 videlicet
1365 796 1444 829 fidei
1466 795 1611 830 verbum
1630 798 1724 842 quod
1745 810 1838 843 prae-

149 860 314 893 dicamus.
343 857 432 898 Quid
452 868 559 902 porro
578 855 642 889 sibi
664 857 727 901 ipsi
749 856 796 900 <tl
817 856 974 901 patrique
993 854 1185 888 sacrificat?
1204 855 1382 888 Credimus
1401 855 1492 888 enim
1512 866 1622 888 unum
1647 856 1756 888 Deum
1777 868 1838 901 pa-

150 924 237 950 trem
256 916 548 960 omnipotentem,
570 913 758 946 visibilium
777 913 933 946 omnium
952 918 985 945 ct
1003 911 1228 945 imisibilium
1247 918 1454 949 creatorem,
1476 918 1507 945 et
1527 924 1636 946 unum
1656 912 1837 947 dominum

150 975 259 1007 lesum
285 972 458 1005 Christum
485 970 596 1004 filium
627 972 712 1004 eius.
743 971 850 1016 Igitur
880 971 939 1015 qui
970 971 1062 1004 aiunt
1095 981 1174 1003 eum
1206 969 1334 1003 factum
1362 969 1600 1007 sacerdotem,
1630 977 1731 1016 atque
1759 970 1838 1005 hinc

149 1030 439 1065 scandalizantur.
462 1029 608 1063 doceant
628 1040 691 1062 nos
710 1029 787 1074 quis
814 1039 977 1073 umquam
1005 1027 1166 1061 sacerdos
1193 1039 1272 1072 erga
1293 1039 1328 1060 se
1348 1028 1459 1072 ipsum
1487 1027 1679 1061 sacerdotio
1699 1029 1738 1061 sit
1760 1028 1838 1061 fun-

147 1094 240 1125 ctus,
264 1089 383 1132 quisve
410 1086 475 1120 sibi
502 1086 708 1121 sacrificium
734 1085 925 1120 obtulerit?
952 1086 1116 1126 Quisnam
1143 1085 1303 1119 sacerdos
1331 1086 1403 1130 pari
1430 1085 1552 1118 ordine
1578 1091 1679 1131 atquc
1704 1086 1837 1120 honore

147 1151 214 1181 est.
236 1157 272 1178 ac
300 1145 357 1178 ille
384 1145 443 1189 qui
470 1143 513 1177 al)
539 1156 580 1177 eo
607 1144 782 1189 liturgiam
809 1143 958 1189 excipit?
985 1144 1087 1187 Atqui
1116 1142 1227 1179 tilius,
1256 1143 1387 1176 etiamsi
1417 1142 1524 1176 factus
1548 1149 1690 1188 propter
1717 1143 1839 1177 huma-

150 1204 289 1236 nitatem
311 1202 483 1247 pontifex.
505 1201 641 1235 sibimet
662 1201 808 1239 obtulit,
830 1207 863 1234 et
883 1212 944 1246 per
964 1212 998 1234 se
1017 1201 1105 1245 patri
1125 1200 1376 1234 confessionem
1397 1206 1568 1238 nostram,
1590 1206 1692 1245 atque
1710 1202 1744 1234 in
1764 1201 1839 1235 dei-

148 1260 225 1293 tatis
251 1260 378 1292 throno
404 1259 627 1304 conspicitur.
657 1260 762 1291 Tcstis
781 1258 905 1291 Paulus
924 1259 982 1302 qui
1009 1257 1126 1291 scribit
1149 1258 1172 1290 ‘.
1199 1271 1213 1287 «
1237 1258 1343 1303 Caput
1364 1264 1477 1291 autem
1498 1257 1670 1291 dictorum
1694 1265 1765 1292 est:
1786 1265 1838 1293 ta-

148 1317 216 1350 lem
244 1316 411 1350 hahemus
438 1315 637 1361 pontificem
657 1317 715 1360 qui
737 1315 890 1349 consedit
912 1316 947 1348 in
967 1315 1108 1348 dextera
1135 1315 1250 1348 throni
1270 1314 1544 1359 magnificentiae
1564 1316 1597 1349 in
1617 1315 1718 1350 caelis
1731 1343 1738 1353 ,
1759 1328 1838 1350 san-

147 1381 282 1408 ctorum
303 1375 474 1409 minister.
497 1380 529 1407 et
550 1373 761 1406 tabernaculi
782 1374 871 1409 veri,
893 1373 988 1417 quod
1010 1372 1080 1405 fixit
1102 1373 1270 1406 Dominus
1288 1379 1321 1405 et
1342 1384 1411 1406 non
1431 1373 1550 1406 homo.
1576 1388 1589 1404 »
1612 1374 1703 1419 Ergo
1723 1374 1837 1419 fungi-

148 1439 203 1465 tur
221 1432 361 1477 quidem
383 1431 595 1468 sacerdotio,
617 1432 696 1476 quia
718 1431 826 1464 factus
849 1437 898 1463 est
918 1430 1044 1467 homo:
1066 1431 1220 1465 considet
1244 1437 1359 1464 autem
1380 1431 1562 1470 dixinitus,
1583 1432 1663 1477 quia
1683 1431 1836 1466 Verbum

145 1500 228 1521 esse.
245 1500 442 1534 perseverat
451 1489 488 1521 it.

791 1553 978 1576 Disce-tendi
995 1561 1014 1576 a
1032 1553 1098 1576 Deo
1115 1554 1191 1576 vivo.

240 1604 350 1636 Deum
376 1602 517 1648 quidem
545 1604 594 1635 xix
605 1615 662 1636 um
688 1603 771 1636 dicit
797 1603 991 1641 Christum,
1014 1615 1032 1637 a
1058 1615 1128 1649 quo
1154 1605 1298 1638 omnino
1324 1604 1521 1643 discedunt,
1543 1606 1703 1640 nonnulli
1731 1609 1788 1653 qui
1817 1618 1835 1641 a

144 1661 297 1694 xeritatis
323 1659 543 1705 dogmatibus
571 1660 788 1705 profugiunt.
817 1660 881 1694 Sed
908 1660 992 1706 quid
1020 1662 1063 1694 ait
1083 1661 1296 1707 discipulus?
1321 1677 1334 1690 ιι
1358 1663 1449 1695 Sicut
1468 1664 1643 1709 accepistis
1661 1664 1834 1698 Christum

146 1719 278 1755 lesum,
300 1719 334 1751 in
361 1719 436 1763 ipso
464 1717 639 1751 ambulate
666 1718 688 1750 '.
715 1732 730 1748 »

240 1776 352 1809 Verba
377 1790 392 1807 «
417 1777 615 1821 pertingens
635 1787 743 1820 usque
762 1775 804 1808 ad
825 1775 1030 1809 divisionem
1057 1777 1191 1810 animae
1211 1783 1241 1810 et
1262 1778 1401 1822 spiritus
1424 1792 1438 1809 »
1461 1779 1505 1812 ita
1526 1789 1666 1824 quoque
1685 1779 1763 1814 licet
1782 1780 1835 1813 in-

146 1833 320 1877 telligere,
344 1844 468 1878 nempe
494 1833 589 1877 quod
617 1833 675 1865 Dei
704 1832 860 1866 doctrina
887 1840 1001 1878 partes
1028 1835 1161 1867 animae
1188 1842 1371 1880 penetrans
1397 1835 1537 1873 dividit,
1559 1836 1643 1869 dum
1669 1847 1744 1870 eam
1769 1837 1834 1870 do-

147 1889 247 1923 cilem
274 1890 375 1923 efficit
403 1896 434 1923 et
461 1890 655 1927 auditarum
685 1902 801 1924 rerum
828 1902 1001 1937 capacem.

664 1956 825 1979 Habentes
842 1959 854 1969 '¹
871 1964 946 1986 ergo
963 1958 1141 1985 pontificem
1157 1965 1316 1986 magnum.

240 2006 381 2039 Factum
401 2007 492 2039 enim
514 2005 613 2039 nobis
640 2007 750 2040 simile
769 2007 939 2045 Verbum,
961 2014 994 2041 ct
1020 2020 1122 2042 carne
1143 2021 1207 2054 pro
1226 2009 1327 2042 nobis
1354 2021 1508 2055 passum,
1531 2017 1612 2045 tunc
1635 2018 1751 2045 noster
1771 2012 1833 2045 fuit

145 2062 317 2108 pontifex,
343 2074 411 2096 non
438 2070 614 2109 tamquam
642 2064 788 2097 alienam
816 2066 988 2098 xictimam
1016 2066 1184 2101 offerens.
1208 2067 1264 2099 sed
1293 2068 1365 2112 ipse
1393 2069 1468 2113 agni
1497 2069 1569 2102 rice
1595 2068 1758 2115 fungens,
1781 2071 1833 2104 in-

145 2121 339 2154 tellectuale
358 2121 618 2160 holocaustum,
643 2122 878 2157 vocalissimus
898 2129 1032 2160 turtur,
1053 2123 1215 2157 columba
1234 2125 1415 2163 innocens,
1437 2127 1532 2171 panis
1551 2127 1666 2166 xivus,
1690 2139 1831 2161 aureum

145 2177 380 2214 thuribulum:
402 2178 525 2212 Christi
552 2179 643 2212 enim
664 2179 776 2213 honus
795 2180 884 2213 odor
904 2191 1033 2214 sumus.
1067 2182 1260 2215 Penetrasse
1280 2194 1363 2215 xero
1386 2184 1497 2228 ipsum
1525 2183 1637 2218 caelos
1656 2184 1737 2217 dicit
1756 2196 1833 2218 cor—

145 2235 309 2279 poraliter
335 2235 435 2269 simul
456 2237 597 2281 Deoque
617 2237 733 2281 digne.
763 2239 920 2284 Namque
941 2244 977 2270 ut
997 2239 1070 2271 Deo
1091 2251 1126 2271 se
1146 2246 1377 2284 praesentaret
1397 2241 1560 2274 ascendit.
1590 2242 1668 2275 Alio
1693 2253 1832 2287 quoque

147 2292 251 2325 inodo
277 2293 391 2326 caelos
421 2300 600 2338 penetrat,
629 2294 714 2328 dum
740 2307 845 2341 supra
870 2295 1061 2340 quamlibet
1093 2303 1297 2342 potestatem
1325 2298 1479 2332 considet
1507 2311 1567 2332 ceu
1596 2298 1688 2332 filius
1714 2301 1829 2344 patri,

145 2360 354 2394 quamquam
381 2350 482 2384 nobis
511 2351 617 2386 factus
643 2359 715 2386 erat
742 2354 861 2386 similis
889 2360 1032 2399 propter
1059 2355 1343 2388 incarnationem.
1372 2376 1394 2380 —
1421 2357 1522 2393 Sane,
1544 2358 1700 2401 quamvis
1725 2357 1832 2391 homo

146 2406 272 2439 factum
302 2419 369 2440 non
398 2408 516 2442 fuisset
542 2411 600 2443 Dei
625 2410 798 2451 Verbum,
821 2412 1046 2445 nihilominus
1072 2412 1256 2446 humanam
1283 2413 1518 2448 infirmitatem
1545 2421 1687 2448 noverat.
1714 2420 1831 2460 utpote

144 2471 298 2497 creator:
319 2466 391 2509 ipse
417 2466 509 2499 enim
535 2469 697 2511 cognovit
722 2468 927 2514 figmentum
955 2476 1112 2503 nostrum
1141 2470 1164 2503 ⁶.
1194 2471 1379 2515 Postquam
1405 2482 1489 2504 xero
1515 2482 1615 2504 carne
1638 2482 1674 2504 se
1696 2471 1828 2509 induit,

143 2529 323 2567 expertum
343 2529 393 2556 est
412 2524 546 2561 omnia,
569 2536 638 2557 non
658 2527 737 2570 quia
757 2527 898 2572 inquam
920 2528 1091 2572 ignoraret
1105 2554 1112 2562 .
1134 2528 1192 2561 sed
1213 2529 1293 2573 quia
1313 2529 1508 2573 cognitione
1533 2539 1621 2573 q-uae
1640 2530 1750 2562 Deum
1770 2530 1831 2564 de-

143 2585 193 2612 cet
224 2580 488 2624 praeexistente.
515 2581 603 2614 hanc
630 2583 738 2627 ipsam
764 2585 974 2630 experiendo
1001 2597 1141 2630 quoque
1166 2586 1275 2619 votuit
1303 2585 1445 2619 discere.
1475 2587 1614 2620 Factum
1640 2593 1688 2620 cst
1716 2593 1830 2621 autem

143 2638 376 2682 compatiens.
399 2649 469 2671 non
489 2638 618 2672 idcirco
643 2641 722 2684 quia
748 2649 948 2687 cxpertum;
969 2646 1028 2688 qui
1055 2644 1146 2676 enim
1170 2643 1204 2675 id
1231 2643 1297 2676 dici
1326 2643 1459 2689 potest?
1485 2655 1593 2688 quum
1620 2651 1719 2678 antea
1744 2651 1829 2679 esset

225 2722 260 2751 (1)
279 2719 379 2746 Confer
398 2720 426 2745 in
447 2720 540 2754 Spicil.
557 2729 625 2747 rom.
642 2722 673 2748 T.
691 2722 727 2748 X.
744 2724 892 2757 concilium
912 2725 1090 2760 byzantinuin
1111 2733 1123 2751 a
1146 2724 1224 2751 nobis
1244 2724 1363 2753 editum.
1385 2725 1431 2752 ubi
1451 2725 1596 2753 definitum
1616 2726 1669 2754 fuit
1687 2727 1827 2756 Christum

144 2771 235 2798 reapse
255 2764 306 2790 sihi
327 2772 434 2799 quoque
455 2769 585 2800 tanquam
605 2767 663 2793 Deo
683 2767 817 2800 passionis
836 2776 901 2796 suae
923 2770 1087 2796 sacrificium
1108 2769 1248 2796 obtulisse.

1873 1275 1880 1284 ·
1902 1272 1965 1294 Hehr
1990 1273 2045 1293 vtllv
2064 1277 2079 1293 ι.

1869 1788 1925 1810 Cir.
1941 1788 1978 1809 lv.
1997 1792 2027 1809 ιε.

1869 1846 1907 1867 Gr.
1923 1853 1946 1873 p.
1963 1849 2007 1867 ΗΞ».

1868 1968 1889 1983 v.
1906 1965 1937 1983 Η.

1868 1992 1877 1999 *
1892 1989 1966 2010 scribe
1981 1994 2015 2013 gr.

1868 2018 1978 2052 {xc-1⁷35.

1865 2485 1875 2495 *¹
1891 2483 1925 2504 Ps.
1942 2484 1988 2506 Ctt.
2007 2487 2038 2504 ti.
