2205 3177
789 210 822 231 ix
847 209 998 231 PSALMFM
1025 210 1116 232 xrvr.
1722 199 1790 232 209

113 273 263 318 primum
282 272 316 305 in
338 271 517 306 inferiores
537 279 648 318 partes
668 273 800 307 terrae?
818 287 833 304 »
855 274 897 306 Et
916 285 1050 306 rursus:
1074 289 1087 304 «
1107 275 1164 318 qui
1185 274 1376 310 descendit,
1399 275 1470 319 ipsc
1489 280 1536 307 est
1554 280 1586 307 et
1606 274 1663 318 qui
1684 284 1792 307 ascen-

111 330 161 363 dit
186 341 289 375 super
312 329 440 366 caelos,
461 335 495 362 ut
523 330 636 363 omnia
661 330 830 375 impleret.
856 344 871 360 »

506 394 588 421 Quia
607 402 659 417 rex
677 396 838 417 universae
856 396 959 417 ten-rae
976 394 1072 421 Deus—¹,
1088 395 1216 422 psallite
1233 396 1400 422 sapienter.

213 446 287 478 Non
315 445 349 477 in
377 444 499 478 Iudaea
527 444 766 478 tantummodo
791 450 963 489 tamquam
989 445 1078 477 Deus
1103 451 1133 477 et
1162 457 1239 481 rex,
1264 445 1354 478 tilius
1383 445 1619 490 cognoscitur:
1642 445 1702 477 sed
1728 446 1793 478 iam

116 502 275 547 deinceps
305 503 339 534 in
370 501 455 535 orbe
485 513 622 546 qnoque
653 502 826 535 universo.
855 503 939 534 Nam
973 501 1036 534 sul)
1068 503 1161 545 regni
1190 503 1260 535 eins
1292 503 1409 546 iugum
1443 503 1611 535 festinaxit
1641 503 1793 535 certatim

116 560 254 605 grandis
271 561 377 593 imino
396 559 654 593 innumerabilis
671 560 824 604 gentium
846 559 1031 592 multitudo
1051 559 1117 593 late
1138 571 1199 604 per
1218 559 1340 592 orbem
1362 560 1525 605 dispersa.
1556 559 1689 593 Psallite
1711 572 1794 603 ergo

115 619 303 664 sapienter.
323 617 358 651 id
377 623 426 651 est
445 628 482 650 ea
502 627 589 661 quae
608 623 742 650 sanctos
760 616 854 650 decet
876 617 1118 662 intelligentia,
1142 616 1249 662 probe
1268 617 1410 650 scientes
1429 617 1551 649 Christi
1570 618 1790 661 mysterium:

113 687 200 721 quae
220 687 272 708 res
291 681 439 708 mentem
460 680 493 707 et
512 685 571 707 cor
589 674 722 719 sapiens
742 674 895 719 requirit.
919 675 970 707 Sic
989 675 1079 707 enim
1100 681 1133 707 et
1152 674 1320 719 propheta
1342 673 1421 707 dicit
1446 675 1475 706 ':
1502 688 1515 704 «
1542 675 1617 719 quis
1639 676 1789 720 sapiens,

112 740 143 767 et
171 733 335 778 intelliget
369 732 471 766 haec?
491 738 523 765 et
552 731 722 777 prudens.
745 739 777 765 et
808 732 891 765 haec
918 733 1122 777 cognoscet?
1148 746 1163 763 »
1188 733 1352 765 Existimo
1379 738 1491 765 autem
1520 732 1623 765 alium
1655 744 1794 777 quoquc

112 791 295 836 propositis
322 789 435 823 xerbis
462 801 598 822 sensum
627 790 747 822 inesse.
777 789 933 825 Psallite.
956 791 1086 835 inquit,
1113 796 1144 822 et
1172 790 1386 826 collaudate:
1410 791 1564 833 regnaxit
1591 791 1681 822 enim
1707 791 1796 823 Deus

111 848 280 893 sapienter
300 858 403 892 super
425 857 545 879 omnes
565 852 692 891 gentes.
716 847 802 879 Nam
826 860 840 876 «
863 847 1034 892 sapienter
1057 861 1071 878 »
1096 845 1219 879 dicitnr
1240 858 1322 892 pro,
1342 858 1418 880 cum
1440 847 1603 891 sapientia
1623 853 1653 880 et
1675 858 1793 880 arcana

109 905 257 951 quadam
281 904 548 949 dispensatione.
578 904 706 949 Reapsc
728 903 870 949 plenum
898 904 1060 949 sapientia
1091 910 1138 937 est
1164 903 1287 937 Christi
1314 905 1527 948 mysterium.

636 969 719 992 neus
736 969 821 991 sedet
837 976 930 996 super
948 970 1060 992 throno
1077 972 1183 992 sancto
1200 976 1265 992 suo.

202 1020 378 1054 Thronum
404 1020 463 1053 Dei
486 1019 617 1053 caelum
643 1020 795 1054 nominat
816 1020 977 1065 inspirata
1002 1021 1190 1065 scriptura;
1212 1031 1282 1053 non
1306 1026 1343 1052 ut
1361 1030 1566 1064 corporeum
1587 1019 1716 1065 aliquid
1735 1031 1793 1053 co-

107 1078 270 1123 gitemus,
290 1078 419 1123 quippe
443 1078 522 1121 quia
548 1088 618 1110 non
644 1083 695 1110 est
722 1077 755 1110 in
782 1077 904 1111 ordine
930 1083 1125 1111 nostrarum
1152 1088 1268 1110 rerum
1296 1078 1401 1113 Deus,
1426 1077 1483 1109 sed
1513 1078 1737 1122 incorporeus
1762 1084 1795 1111 et

109 1146 250 1181 prorsus
271 1134 639 1180 incomprehensibilis.
661 1134 724 1167 Sed
749 1134 863 1168 throni
883 1134 1054 1168 vocabulo
1072 1146 1217 1179 regnum
1237 1134 1402 1167 denotare
1421 1134 1504 1168 solet
1526 1134 1698 1179 praedicta
1720 1135 1796 1168 scri-

107 1199 220 1239 ptura.
250 1193 334 1226 Cum
359 1204 443 1238 ergo
467 1192 600 1226 caelum
627 1192 754 1225 dicitur
777 1192 892 1226 throni
919 1193 1024 1226 instar
1053 1192 1181 1225 habere
1208 1193 1317 1230 Deus,
1342 1193 1425 1224 scito
1449 1198 1612 1236 oportere
1638 1192 1716 1225 hinc
1742 1194 1794 1226 in-

107 1250 214 1296 telligi
239 1256 434 1284 sanctorum
459 1250 660 1295 angelorum
689 1251 931 1295 principatum.
962 1251 1044 1283 Sunt
1070 1251 1172 1283 etiam
1195 1251 1217 1283 ii
1247 1250 1392 1283 thronus
1411 1250 1491 1285 Dei,
1513 1251 1571 1295 qui
1596 1250 1739 1283 credunt
1760 1251 1794 1283 in

106 1309 236 1353 ipsum,
259 1308 318 1352 qui
344 1307 471 1354 pariter
500 1307 605 1340 sancti
634 1313 729 1345 sunt,
752 1313 871 1352 utpote
896 1318 1046 1351 quorum
1074 1307 1166 1340 eluta
1194 1306 1289 1339 suere
1319 1312 1475 1351 peccata.
1499 1313 1529 1339 ct
1561 1313 1662 1340 uncta
1689 1307 1794 1340 corda

105 1366 211 1399 sancti
237 1365 380 1410 Spiritus
408 1365 607 1410 operatione
632 1370 665 1397 et
694 1364 815 1408 gratia.
844 1364 998 1408 Denique
1029 1370 1061 1397 et
1090 1364 1225 1397 divinae
1258 1369 1398 1396 naturae
1429 1364 1473 1397 ita
1503 1364 1578 1397 sacti
1612 1365 1795 1409 participes

103 1429 194 1456 sunt.
217 1422 315 1463 Quod
337 1433 419 1467 ergo
438 1423 527 1455 inter
545 1422 733 1466 terrigenas
752 1433 892 1466 quoqne
910 1422 1126 1466 unigenitum
1145 1422 1204 1454 Dei
1224 1420 1377 1454 Verbum
1398 1428 1652 1454 commoratum
1673 1421 1790 1457 fuerit.

105 1479 302 1514 laetabundi
322 1479 506 1513 adfirmant
523 1479 678 1524 inspirati
702 1479 766 1511 riri
785 1478 953 1515 dicentes,
975 1478 1094 1512 sedere
1112 1478 1198 1511 illud
1219 1490 1322 1523 super
1343 1478 1469 1511 throno
1489 1485 1605 1512 sancto
1624 1490 1704 1517 suo,
1726 1479 1791 1512 hoc

101 1544 151 1572 est
177 1538 389 1582 requiescere.
410 1537 443 1570 in
470 1535 695 1570 familiaribus
720 1537 810 1573 suis,
832 1536 959 1569 scilicet
985 1547 1091 1581 aeque
1112 1535 1293 1570 nobiscum
1320 1547 1358 1569 30
1383 1548 1461 1569 cum
1488 1537 1644 1582 supernis
1663 1537 1791 1582 spiriti-

101 1596 165 1630 bus
184 1595 363 1629 diversari.
392 1594 493 1635 Quod
512 1594 617 1639 siquis
637 1593 731 1627 malit
752 1594 964 1632 existimare,
987 1592 1160 1627 vocabulo
1180 1594 1315 1629 throni,
1337 1593 1555 1627 stabilitatem
1575 1593 1790 1628 firmitatem-

99 1666 167 1700 que
194 1664 363 1687 summam
382 1653 477 1697 regni
496 1651 619 1685 Christi
639 1651 812 1689 denotari,
834 1652 880 1685 ita
898 1662 1037 1697 quoque
1056 1657 1149 1685 recte
1173 1652 1417 1697 interpretatus
1438 1651 1554 1685 fuerit.
1584 1653 1642 1685 Est
1661 1652 1791 1698 quippe

102 1718 306 1757 perpetuum
327 1710 449 1743 Christi
468 1721 631 1754 regnum,
655 1715 757 1753 atque
779 1708 821 1741 ad
843 1707 977 1742 infinita
999 1709 1130 1742 saecula
1153 1709 1360 1742 extenditur.
1391 1710 1467 1742 Non
1489 1709 1580 1743 enim
1601 1709 1697 1753 regni
1718 1710 1790 1743 eius

102 1769 165 1801 erit
192 1766 290 1805 finis,
314 1772 419 1812 prout
446 1766 587 1811 angelus
612 1766 697 1799 dixit
723 1766 747 1798 '.

254 1841 420 1868 Principes
436 1840 623 1868 populorum
640 1840 823 1869 congregati
840 1843 914 1863 sunt
930 1847 998 1863 cum
1016 1840 1080 1863 Deo
1098 1840 1275 1863 Abraham:
1292 1841 1442 1868 quoniam
1460 1840 1518 1862 Ilei
1538 1839 1634 1862 sortes

661 1892 678 1907 e
695 1887 782 1907 toi-ra
801 1885 996 1907 vehementer
1012 1885 1125 1907 elevati
1143 1887 1227 1907 sunt.

195 1940 364 1974 Videntur
390 1940 442 1973 his
466 1939 580 1973 verbis
602 1939 657 1972 vel
683 1940 860 1985 propriam
886 1939 1090 1973 electionem
1114 1939 1305 1984 significare
1329 1939 1399 1972 divi
1425 1939 1604 1985 discipuli.
1625 1938 1679 1971 iel
1704 1949 1786 1984 pro-

99 1998 236 2045 phetico
256 2009 352 2032 more
370 1997 566 2031 futurorum
586 2003 661 2042 post
682 1997 774 2042 ipsos
793 2003 989 2030 sanctornm
1010 2003 1187 2042 pastorum
1207 1997 1465 2030 multitudinem
1485 2002 1675 2042 expectare.
1698 1996 1788 2030 Prin-

100 2058 190 2103 cipes
217 2063 308 2090 certe
336 2056 547 2102 populorum
574 2056 707 2100 priores
732 2055 794 2100 ipsi
822 2054 978 2093 fuerunt;
1000 2061 1076 2101 post
1103 2066 1190 2100 quos
1216 2055 1272 2088 alii
1300 2055 1440 2100 plurimi
1467 2055 1655 2089 admodum
1680 2060 1712 2088 et
1737 2065 1787 2088 sa-

100 2117 250 2162 pientes,
272 2115 432 2160 pietatem
459 2125 581 2147 eorum
609 2124 726 2158 presso
751 2113 896 2158 vestigio
922 2119 1104 2149 sectantes,
1129 2113 1351 2157 divinamque
1377 2119 1408 2146 et
1437 2113 1623 2158 angelicam
1650 2111 1788 2158 praedi-

97 2174 267 2207 cationem
287 2171 415 2217 ubique
437 2170 728 2205 circumferentes.
751 2171 793 2204 Hi
814 2181 897 2215 ergo
916 2172 1111 2216 congregati
1132 2176 1229 2207 sunt.
1253 2171 1287 2203 id
1307 2177 1356 2204 est
1374 2176 1612 2203 conx‘encrunt
1630 2171 1664 2203 in
1683 2179 1787 2202 unam

98 2230 203 2265 fidem
228 2237 329 2276 atque
349 2230 628 2266 unanimitatem,
654 2229 761 2262 immo
785 2229 887 2262 etiam
910 2229 944 2261 in
971 2240 1075 2261 unam
1096 2228 1260 2273 loquendi
1282 2229 1462 2261 rationem.
1492 2229 1585 2261 Unus
1606 2227 1696 2260 enim
1718 2227 1786 2259 Do-

96 2289 228 2325 minus,
251 2299 318 2321 una
340 2286 444 2323 fides,
468 2297 575 2320 unum
595 2285 763 2331 baptisma
786 2286 814 2324 ',
839 2292 872 2319 et
899 2297 987 2319 unus
1012 2286 1113 2319 simul
1134 2287 1291 2319 omnium
1316 2297 1430 2318 sermo
1455 2285 1499 2318 (10
1518 2284 1672 2321 Christo,
1694 2289 1784 2316 recte

97 2346 140 2379 de
160 2345 315 2379 eiusdem
337 2345 502 2389 mysterio
524 2344 755 2377 sentientium.
785 2343 885 2384 Quod
906 2344 931 2376 si
957 2343 1115 2376 nonnulli
1138 2343 1375 2377 adulterarunt
1399 2341 1586 2387 aliquando
1608 2341 1785 2374 veritatem

97 2414 136 2437 ac
160 2402 410 2439 distorserunt,
435 2412 453 2435 3
479 2399 580 2434 nobis
598 2400 759 2445 quidem,
781 2399 907 2446 quihus
932 2401 1018 2434 inest
1044 2400 1214 2437 Christus,
1240 2400 1336 2433 nulla
1362 2400 1488 2433 horum
1514 2399 1602 2432 ratio
1625 2396 1781 2430 habetur.

94 2461 213 2505 Neque
232 2466 283 2493 est
300 2459 453 2492 Christus
472 2469 582 2492 novus
601 2459 707 2496 Deus,
729 2457 788 2491 sed
807 2457 899 2491 idem
918 2457 976 2491 ille
995 2459 1227 2503 progenitoris
1246 2456 1446 2490 Abrahami.
1470 2458 1540 2489 Ilac
1558 2456 1691 2489 ratione
1710 2465 1786 2488 con-

94 2517 223 2562 gregati
250 2523 327 2550 sunt
355 2517 547 2562 principes,
569 2516 612 2549 de
631 2515 757 2561 quibus
777 2527 889 2561 nuper
912 2527 975 2549 nos
995 2516 1163 2552 diximus,
1187 2526 1265 2549 cnm
1285 2516 1356 2548 Deo
1376 2513 1574 2547 Abrahami.
1605 2512 1705 2552 Quod
1725 2524 1785 2545 au-

96 2581 162 2608 tem
190 2574 341 2607 illustres
366 2580 468 2619 atque
488 2572 690 2619 spectabiles
715 2572 878 2606 omnibus
899 2573 1046 2610 fuerint,
1067 2572 1204 2606 Christo
1224 2572 1306 2617 ipsis
1325 2571 1412 2604 hanc
1433 2570 1578 2616 gloriam
1600 2569 1781 2615 largiente,

95 2633 188 2666 aiunt
217 2631 388 2666 dicentes:
409 2632 574 2676 quoniam
600 2630 661 2664 Dei
688 2629 733 2676 (ί)
760 2630 883 2669 fortes,
908 2631 941 2664 id
968 2637 1016 2664 est
1043 2629 1246 2663 fortitudine
1269 2628 1412 2674 spiritali
1438 2627 1583 2673 praediti
1608 2627 1690 2664 viri,
1715 2626 1785 2660 for-

195 2740 230 2769 (1)
251 2737 282 2763 In
308 2741 381 2763 textu
407 2735 510 2764 biblico
535 2737 580 2762 ⁷9¹5
599 2735 661 2762 θεοῦ
681 2736 704 2762 εἰ
727 2738 861 2770 κραταιώ,
881 2741 928 2763 aut
951 2734 1025 2770 quod
1050 2734 1121 2761 iden}
1146 2738 1187 2761 est
1209 2733 1283 2768 apud
1308 2733 1441 2768 Cyrillum
1469 2733 1493 2758 οἱ
1514 2734 1558 2758 τοῦ
1579 2732 1639 2758 θεοῦ
1659 2733 1783 2766 κραταιή.

94 2782 173 2808 Certe
187 2783 240 2808 Dei
253 2780 375 2808 seeundo
393 2781 528 2815 singulari
548 2789 623 2808 casu.
641 2780 755 2808 Videtur
768 2784 859 2807 autem
878 2780 1065 2811 hebraismus,
1082 2779 1118 2805 rei
1136 2777 1356 2813 magnitudinem
1372 2777 1410 2804 vel
1427 2777 1617 2804 excellentiam
1633 2776 1782 2808 denotans,

95 2825 168 2853 velut
185 2826 249 2853 alibi
270 2826 350 2852 cedri
365 2828 430 2858 Dei,
449 2826 555 2860 flumen
575 2827 638 2852 Dei.
660 2826 744 2852 Porro
762 2825 792 2852 in
811 2829 885 2852 textu
905 2825 1009 2853 biblico
1028 2828 1071 2855 τῆς
1088 2826 1134 2859 γῆς
1156 2824 1260 2857 regitur
1277 2823 1312 2850 ab
1331 2823 1479 2858 ἐπῃρδησα»
1491 2842 1498 2854 ,
1511 2824 1590 2858 quasi
1609 2822 1723 2857 ἦρθησαγ
1742 2823 1781 2848 ἐπὶ

120 2873 124 2876 “
245 2878 264 2897 α
284 2873 363 2897 terra
378 2873 443 2903 (aut
461 2878 546 2905 super
566 2871 691 2903 terram)
706 2869 790 2897 valde
808 2869 913 2896 elevati
931 2872 1010 2903 snut,
1025 2873 1057 2896 ut
1075 2872 1116 2896 est
1130 2869 1159 2895 iu
1174 2867 1279 2895 scholio
1299 2866 1371 2902 apud
1386 2867 1544 2900 Nobilium,
1558 2867 1606 2902 qui
1620 2866 1695 2894 hunc
1713 2874 1782 2902 quo-

1634 2922 1668 2947 2⁷

100 2882 140 2901 »ης
160 2873 225 2906 γῆς,

1833 691 1839 697 ·
1857 689 1883 710 Ps
1906 689 1961 710 (tii,
1980 692 2009 709 ’.4.

1830 1555 1868 1575 (ir.
1883 1561 1905 1580 J).
1922 1558 1966 1575 ³:35.

1831 1785 1839 1792 ⁸
1854 1783 1906 1803 Luc⁴
1924 1783 1938 1803 l.
1956 1786 1981 1802 2:ss

1824 2299 1831 2305 ⁷
1848 2294 1929 2322 Ephes.
1946 2295 1983 2315 tvv
1999 2298 2018 2314 Γ»
