2205 3177
238 2744 277 2762 11r.
289 2748 312 2768 p.
335 2744 378 2763 171.

424 186 486 218 lOS
926 195 952 216 5.
982 194 1109 216 crtum]
1137 195 1357 217 ‚xrnxsxnmxi
1383 195 1587 217 EXt‘LANA'rto

419 261 464 293 lta
493 266 524 292 nt
556 259 670 292 sedisti
700 263 848 303 ponatur
867 269 931 303 pro
951 259 1002 291 1115
1027 259 1156 297 dixisti,
1179 259 1359 292 auxiliator
1377 265 1406 291 et
1427 258 1549 292 vindex
1569 260 1805 304 supervenisti.
1827 280 1849 285 —
1867 260 2008 294 Videtur
2027 260 2092 295 hoe

418 318 494 351 loco
515 317 686 362 psahnista
714 316 822 350 xcrlio
840 316 973 352 sedisti.
996 318 1050 349 Dei
1073 318 1281 362 tigilantiam
1309 318 1349 351 ad
1376 317 1595 351 iudicandum
1616 317 1816 362 patefacere.
1839 318 2015 352 Vocabulo
2034 330 2092 352 au-

417 382 484 409 tem
504 381 635 418 gentes.
659 374 829 407 malorum
856 374 1067 407 daemonum
1088 386 1206 419 greges
1231 376 1406 421 appellare
1426 386 1488 420 pcr
1514 386 1706 419 anagogen,
1727 376 1785 420 qui
1805 375 1898 409 -inter
1918 388 1952 409 se
1971 376 2090 409 mundi

417 439 529 478 partes
548 431 816 467 distribuerunt,
839 432 873 464 in
892 425 1143 466 multiformem
1162 434 1362 478 variumque
1382 445 1536 467 errorem
1560 433 1733 466 trahentes
1752 435 2000 478 ac'peccatum.
2028 434 2094 466 lm-

419 491 512 535 pium
539 494 649 521 autem
677 495 895 533 percuntem.
920 495 975 522 aut
996 491 1151 537 quemvis
1178 485 1411 523 huiuscemodi
1439 489 1610 533 intellige,
1633 495 1689 522 aut
1708 489 1820 534 ipsum
1840 488 2029 523 diabolum.
2050 491 2092 524 Ut

414 553 526 580 autem
554 547 611 578 l)ci
640 547 729 578 xircs
756 557 961 591 cognoscas.
985 546 1061 579 audi
1091 548 1279 592 sequentia.

952 611 1067 634 Noun-n
1086 619 1191 634 eorum
1209 612 1319 634 ‹tt-lom
1337 613 1370 634 iu
1388 614 1560 635 aeternum.

511 661 586 693 Non
614 660 744 695 solum.
766 660 895 705 inquit.
919 660 1077 694 iulii-mati
1106 667 1183 694 sunt
1211 673 1250 694 ac
1277 662 1448 706 perierunt
1479 662 1633 707 increpiti
1661 660 1865 698 adversarii,
1887 661 1946 695 sed
1972 667 2005 695 et
2030 673 2094 696 no-

415 729 492 751 men
520 729 640 750 eorum
667 717 818 750 deletum
851 718 925 750 fuit.
955 719 1087 751 Nomen
1115 725 1226 751 autem
1260 719 1325 751 hoc.
1356 718 1432 752 loco
1462 719 1551 752 haud
1580 718 1779 764 simpliciter
1809 718 1891 752 dicit
1918 719 2094 765 propriam

415 776 702 821 appellationem:
725 787 761 808 ca
783 776 873 808 enim
898 786 1113 820 nequaquam
1138 776 1309 809 destructa
1331 783 1400 813 est:
1421 777 1590 821 siquidem
1611 776 1721 810 adhuc
1742 776 1966 810 recordamur
1984 782 2017 810 et
2036 777 2095 810 Sa-

416 839 512 866 tanae
537 839 567 865 et
595 832 766 865 sodalium
793 833 867 866 cius
894 834 1111 877 impurorum
1139 833 1366 871 da‹›m‹›num;
1391 834 1448 866 sed
1475 833 1622 867 deletam
1647 834 1793 878 gloriam
1820 833 1973 867 denotat.

934 898 1059 921 {nimici
1078 900 1259 922 defecerunt
1279 900 1415 922 frameae
1432 901 1464 922 in
1484 900 1584 923 ssnem.

514 950 713 982 Dcl'ecerunt
741 947 869 981 diaboli
898 960 1037 993 quoquc
1064 948 1212 982 frameae
1236 950 1271 982 in
1298 948 1419 986 tinem.
1442 948 1478 982 id
1506 955 1555 982 est
1583 951 1743 983 omnino:
1767 949 1829 983 hae
1856 955 1970 983 autem
1992 949 2094 983 intel-

416 1006 571 1051 ligendae
591 1005 752 1039 videntur
771 1005 986 1039 adversariae
1007 1005 1208 1051 phalanges,
1225 1005 1351 1051 quibus
1372 1007 1442 1052 ipse
1461 1006 1664 1040 roboratur:
1685 1006 1737 1041 vel
1760 1000 1955 1052 tyrannicae
1974 1012 2093 1041 contra

416 1075 478 1097 nos
506 1064 694 1108 passiones,
716 1061 843 1108 quibus
866 1062 924 1095 ille
942 1063 1105 1096 mortales
1131 1063 1329 1108 perdomat,
1350 1070 1383 1097 et
1408 1064 1575 1109 impositis
1593 1063 1810 1102 vulneribus,
1831 1065 1912 1110 iugo
1931 1075 1994 1098 suo
2012 1075 2094 1110 sup-

415 1122 530 1166 ponit:
553 1120 604 1153 xcl
637 1121 756 1153 insitae
785 1121 846 1165 ipsi
873 1120 1022 1153 malitiae
1049 1127 1259 1159 commenta,
1280 1122 1462 1165 variaeque
1488 1120 1774 1158 machinationes,
1794 1131 1878 1166 quas
1902 1120 1945 1154 ad
1971 1121 2094 1154 huma-

346 1196 375 1210 10.
416 1189 537 1211 narum
567 1179 758 1211 animarum
787 1177 975 1222 perniciem
1003 1177 1114 1210 struit.
1145 1178 1254 1210 Omne
1283 1178 1375 1210 enim
1404 1176 1590 1222 flagitiosae
1620 1177 1807 1222 voluptatis
1838 1183 1871 1210 et
1900 1183 2093 1212 ceterorum

412 1241 631 1280 peccatorum
651 1246 775 1279 genus,
798 1232 990 1267 diabolicos
1009 1245 1080 1267 esse
1100 1234 1232 1277 gladios
1256 1234 1418 1272 dicimus,
1441 1234 1510 1267 sive
1529 1234 1790 1267 immundorum
1808 1233 1988 1279 spirituum
2007 1233 2092 1272 tela,

415 1304 476 1338 pcr
503 1304 590 1337 quae
610 1304 668 1325 cor
688 1290 914 1336 transfigunt,
936 1303 973 1324 ac
994 1291 1129 1324 mortali
1157 1298 1296 1336 peccato
1321 1292 1507 1337 perimunt.
1536 1291 1602 1325 Sed
1620 1292 1688 1325 iam
1708 1291 1857 1325 frameae
1876 1291 2092 1328 defecerunt:

415 1349 525 1383 induti
554 1350 646 1383 enim
677 1349 803 1382 fuimus
828 1360 892 1382 nos
918 1359 1058 1394 quoque
1083 1349 1142 1381 Dei
1169 1355 1359 1387 armatura,
1381 1339 1458 1393 qua⁴
1475 1349 1551 1383 illas
1576 1348 1789 1383 obtudimus.

957 1414 1091 1437 Paravit
1109 1415 1142 1437 ἰιι
1160 1414 1276 1436 iudicio
1292 1415 1443 1448 ‘flu-onum
1459 1421 1558 1437 suum.

511 1467 600 1511 Ergo
625 1466 854 1510 sempiternus
880 1476 938 1498 rex
964 1464 1134 1501 Chr‚istus
1155 1470 1275 1509 utpote
1301 1465 1409 1502 Deus,
1432 1463 1589 1509 ¹gemibus
1614 1475 1754 1509 quoque
1776 1464 1994 1503 dominatur;
2015 1475 2095 1499 nam

413 1528 446 1556 et
466 1523 515 1567 ips
520 1534 555 1555 as
573 1534 611 1556 61
617 1522 777 1567 angelicis
797 1521 942 1555 decretis
960 1522 1029 1554 suis
1049 1519 1256 1565 subiugaiit.
1280 1521 1353 1553 Hoc
1372 1521 1407 1553 51
1401 1519 1565 1565 gnilicant
1584 1520 1706 1559 xerba,
1733 1521 1895 1554 thronum
1915 1532 2014 1555 suum
2034 1532 2096 1566 pa-

415 1580 559 1617 ram-se,
581 1585 612 1613 et
640 1579 791 1612 iudicare
819 1577 941 1612 orbem
967 1579 1001 1611 in
1028 1578 1172 1615 iustitia
1193 1583 1226 1610 et
1252 1547 1419 1623 populosD
1430 1578 1465 1610 in
1491 1577 1708 1611 rectitudine.

651 1646 691 1668 Et
707 1646 773 1673 ipse
790 1645 946 1668 iudicabit
962 1645 1067 1667 orbem
1083 1645 1116 1666 in
1134 1645 1277 1670 iustitia,
1294 1645 1447 1667 iudicabit
1464 1644 1593 1676 populos
1609 1645 1643 1667 in
1661 1645 1860 1668 rectitudine.

511 1698 596 1737 Quia
624 1708 699 1730 mos
725 1702 774 1729 est
799 1696 985 1740 inspiratae
1012 1695 1200 1740 scripturae
1227 1694 1373 1727 verbum
1401 1694 1552 1728 iudicare
1581 1694 1766 1728 adhibendi
1791 1706 1855 1741 pro
1881 1695 1934 1729 ius
1958 1694 2092 1734 dicere,

415 1754 468 1787 vel
491 1765 554 1798 pro
581 1754 704 1787 ducem
725 1765 797 1787 esse
817 1764 855 1786 ac
875 1764 1030 1798 praeesse
1055 1751 1247 1785 civitatibus
1266 1758 1322 1785 aut
1351 1763 1430 1796 prm
1440 1752 1554 1789 1116115,
1577 1751 1765 1785 seeundum
1783 1751 1888 1785 illud:
1909 1751 2093 1786 erudimini

416 1823 536 1845 omnes
564 1812 622 1856 qui
649 1811 805 1844 iudicatis
830 1817 980 1847 tei-rann
1009 1810 1193 1843 dicendum
1221 1816 1290 1847 est,
1320 1809 1393 1843 fore
1422 1816 1460 1842 ut
1486 1809 1599 1842 deleto
1625 1810 1659 1842 in
1687 1810 1933 1855 sempiternum
1960 1815 2095 1855 tempus

416 1869 554 1902 nomine
581 1860 795 1913 gentilitatis,
817 1868 1034 1912 extinctoque
1059 1879 1199 1912 prorsus
1219 1866 1391 1900 diabolico
1419 1867 1514 1899 omni
1534 1867 1726 1912 principatu
1755 1878 1792 1900 ac
1811 1872 1994 1912 potestate,
2015 1877 2095 1900 cum

416 1927 539 1959 iustitia
569 1926 768 1959 dominetur
795 1930 982 1969 regnetque
1009 1924 1174 1957 Christus.
1204 1925 1288 1957 Nam
1316 1924 1460 1957 {ln-onus
1486 1935 1630 1969 regnum
1656 1924 1814 1961 denotat,
1836 1923 1932 1969 quod
1956 1923 2094 1957 nemine

416 1984 618 2018 adversante
646 1983 898 2028 paratissimum
924 1983 1004 2019 erit,
1026 1981 1061 2014 id
1088 1988 1137 2014 cst
1163 1982 1235 2014 sine
1261 1982 1334 2015 ullo
1361 1981 1610 2026 impedimento
1637 1981 1782 2027 fulgebit
1809 1993 1886 2015 cum
1912 1980 2093 2015 universali

415 2026 585 2075 dominio:
613 2042 668 2073 Ius
686 2041 776 2074 cnim
803 2041 890 2073 iuste
916 2040 1005 2073 dicet
1023 2039 1192 2077 Christus,
1213 2039 1420 2085 populisque
1441 2045 1513 2072 toto
1537 2037 1622 2072 orbe
1649 2038 1842 2084 imperabit.
1865 2039 1998 2072 Etenim
2018 2039 2094 2072 uni-

416 2111 533 2132 versae
561 2105 671 2132 terrae
699 2111 757 2131 rex
782 2105 843 2131 est.
874 2099 944 2143 Age
964 2109 1046 2131 vero
1075 2097 1137 2130 hos
1162 2097 1350 2131 versiculos
1371 2097 1438 2130 alio
1459 2098 1560 2131 etiam
1586 2096 1692 2130 niodo
1718 2096 1906 2142 intelliges:
1929 2097 2092 2130 nimirum

415 2156 584 2190 destructa
612 2155 741 2189 diaboli
770 2155 950 2201 tyrannide
964 2181 971 2192 ,
994 2161 1094 2200 atque
1121 2154 1164 2188 ab
1184 2155 1256 2188 eius
1274 2155 1534 2200 importunitate
1553 2154 1684 2187 mundo
1709 2145 1900 2193 subtracto,
1921 2154 2092 2188 Christum

415 2225 486 2247 esse
507 2220 691 2247 venturum
717 2225 776 2258 per
796 2219 951 2258 tempora
970 2224 1048 2245 cum
1074 2212 1182 2257 gloria
1203 2213 1329 2257 patris,
1352 2218 1387 2245 ut
1408 2211 1577 2245 mundum
1596 2223 1706 2256 aequo
1725 2212 1798 2245 iure
1818 2212 1955 2245 iudicet.
1983 2212 2093 2246 Omne

415 2272 506 2304 enim
529 2271 693 2305 iudicium
723 2270 861 2304 tradidit
888 2276 985 2315 pater
1012 2268 1101 2308 filio,
1124 2281 1254 2315 nosque
1278 2281 1398 2303 omnes
1423 2275 1561 2315 oportet
1589 2275 1666 2303 ante
1692 2269 1815 2309 Christi
1841 2268 1992 2303 tribunal
2019 2280 2094 2303 ma-

417 2328 582 2362 nifcstari.

635 2404 675 2426 Et
695 2404 796 2427 factus
812 2405 856 2426 est
876 2402 1026 2426 Dominum
1043 2403 1202 2430 resumtum
1219 2403 1367 2430 pauperi,
1385 2403 1512 2425 adiutor
1528 2403 1562 2424 in
1579 2402 1871 2430 opportunitatibus

1093 2448 1126 2469 in
1144 2447 1417 2469 tribulationibus·

510 2503 651 2536 Cuinam
677 2502 788 2547 inquit
807 2501 972 2547 pauperi?
998 2502 1128 2545 Nempe
1148 2502 1177 2533 ei
1204 2502 1260 2545 qui
1281 2507 1402 2546 sponte
1429 2507 1461 2534 et
1481 2506 1623 2546 propter
1642 2501 1751 2534 Deum
1770 2511 1897 2545 egenus
1915 2505 1977 2534 est.
2005 2501 2092 2534 Nam

416 2570 479 2603 pro
508 2560 700 2593 xoluntaria
729 2565 928 2605 paupertate
954 2558 1032 2591 huic
1059 2558 1148 2591 Deus
1173 2558 1307 2592 ‹lixitias
1334 2569 1412 2591 suas
1438 2557 1599 2603 largitur,
1621 2564 1655 2591 et
1680 2568 1857 2603 pressurae
1875 2563 2031 2604 tempore
2049 2557 2092 2591 li-

416 2615 553 2650 berator
580 2617 784 2662 adiutorque
810 2617 882 2650 eius
909 2628 979 2649 csse
1000 2615 1222 2660 dignoscitur.
1253 2636 1276 2640 -
1302 2616 1365 2650 Sed
1392 2615 1632 2650 et'secundum
1658 2625 1836 2661 anagogen
1858 2614 1942 2649 haec
1967 2614 2091 2648 intelli-

416 2674 525 2718 genda
553 2681 647 2714 sunt:
668 2664 766 2720 'quod
791 2685 978 2720 pauperem
1003 2674 1122 2718 spiritu
1149 2673 1337 2718 populum,
1361 2674 1396 2707 id
1424 2680 1474 2708 est
1499 2673 1615 2719 inopia
1643 2672 1857 2706 laborantem
1875 2679 1953 2706 ante
1970 2673 2090 2710 Serva-

419 2731 502 2763 toris
530 2732 634 2764 nostri
661 2732 719 2765 adx
729 2738 865 2770 entum,
887 2743 957 2764 non
983 2731 1132 2776 legatus,
1154 2741 1222 2763 non
1250 2731 1409 2775 angelus,
1431 2742 1500 2764 non
1520 2730 1584 2764 alia
1603 2729 1776 2776 quaelibet
1794 2731 1844 2769 vis
1863 2735 1920 2763 aut
1938 2729 2089 2775 potentia

420 2787 593 2820 rationalis
618 2788 804 2826 adiuverit,
826 2788 885 2822 sed
910 2789 1052 2834 ipsemet
1079 2787 1258 2825 dominus,
1282 2788 1562 2822 intellectualium
1585 2787 1782 2821 divitiarum
1808 2787 1926 2824 dator,
1947 2787 2018 2831 ipse
2037 2786 2089 2819 in-

419 2855 521 2890 quam
540 2845 573 2877 in
593 2844 909 2890 opportunitatibus
933 2856 1034 2891 opem
1054 2845 1170 2879 tulerit
1184 2870 1191 2884 ‚
1212 2844 1247 2878 id
1266 2850 1316 2878 est
1335 2845 1461 2879 idoneo
1480 2856 1659 2890 pressurae
1679 2851 1833 2890 tempore
1850 2843 1992 2878 servarit
2011 2854 2090 2890 per-
