<?xml version="1.0" encoding="UTF-8"?>
<!DOCTYPE html PUBLIC "-//W3C//DTD XHTML 1.0 Transitional//EN"
    "http://www.w3.org/TR/xhtml1/DTD/xhtml1-transitional.dtd">
<html xmlns="http://www.w3.org/1999/xhtml" xml:lang="en" lang="en">
 <head>
  <title>
</title>
<meta http-equiv="Content-Type" content="text/html;charset=utf-8" />
  <meta name='ocr-system' content='tesseract 3.04.00' />
  <meta name='ocr-capabilities' content='ocr_page ocr_carea ocr_par ocr_line ocrx_word'/>
</head>
<body>
  <div class='ocr_page' id='page_1' title='image "./novaepatrumbibli03maiauoft/novaepatrumbibli03maiauoft_0542.png"; bbox 0 0 2205 3177; ppageno 0'>
   <div class='ocr_carea' id='block_1_1' title="bbox 195 323 384 344">
    <p class='ocr_par' dir='ltr' id='par_1_1' title="bbox 195 323 384 344">
     <span class='ocr_line' id='line_1_1' title="bbox 195 323 384 344; baseline -0.011 0"><span class='ocrx_word' id='word_1_1' title='bbox 195 323 306 344; x_wconf 52' lang='lat' dir='ltr'>&#39;walach</span> <span class='ocrx_word' id='word_1_2' title='bbox 319 323 384 344; x_wconf 52' lang='lat' dir='ltr'>tva:</span> 
     </span>
    </p>
   </div>
   <div class='ocr_carea' id='block_1_2' title="bbox 203 380 386 402">
    <p class='ocr_par' dir='ltr' id='par_1_2' title="bbox 203 380 386 402">
     <span class='ocr_line' id='line_1_2' title="bbox 203 380 386 402; baseline -0.011 -1"><span class='ocrx_word' id='word_1_3' title='bbox 203 385 208 390; x_wconf 91' lang='lat'>&#39;</span> <span class='ocrx_word' id='word_1_4' title='bbox 225 381 254 401; x_wconf 69' lang='lat' dir='ltr'>Os</span> <span class='ocrx_word' id='word_1_5' title='bbox 279 380 329 402; x_wconf 70' lang='lat' dir='ltr'>Xlll</span> <span class='ocrx_word' id='word_1_6' title='bbox 356 383 386 400; x_wconf 78' lang='lat' dir='ltr'>lt.</span> 
     </span>
    </p>
   </div>
   <div class='ocr_carea' id='block_1_3' title="bbox 193 495 387 547">
    <p class='ocr_par' dir='ltr' id='par_1_3' title="bbox 193 495 387 547">
     <span class='ocr_line' id='line_1_3' title="bbox 193 495 387 521; baseline -0.01 -5"><span class='ocrx_word' id='word_1_7' title='bbox 193 497 234 517; x_wconf 68' lang='lat' dir='ltr'>t1xt</span> <span class='ocrx_word' id='word_1_8' title='bbox 256 495 267 515; x_wconf 74' lang='lat' dir='ltr'>t</span> <span class='ocrx_word' id='word_1_9' title='bbox 316 500 387 521; x_wconf 65' lang='lat' dir='ltr'>usqne</span> 
     </span>
     <span class='ocr_line' id='line_1_4' title="bbox 194 522 364 547; baseline 0 -5"><span class='ocrx_word' id='word_1_10' title='bbox 194 523 219 542; x_wconf 70' lang='lat' dir='ltr'>.==t</span> <span class='ocrx_word' id='word_1_11' title='bbox 235 527 276 547; x_wconf 73' lang='lat' dir='ltr'>cap</span> <span class='ocrx_word' id='word_1_12' title='bbox 299 522 335 542; x_wconf 52' lang='lat' dir='ltr'>tt.</span> <span class='ocrx_word' id='word_1_13' title='bbox 354 526 364 542; x_wconf 63' lang='lat' dir='ltr'>z*</span> 
     </span>
    </p>
   </div>
   <div class='ocr_carea' id='block_1_4' title="bbox 263 1062 385 1089">
    <p class='ocr_par' dir='ltr' id='par_1_4' title="bbox 263 1062 385 1089">
     <span class='ocr_line' id='line_1_5' title="bbox 263 1062 385 1089; baseline 0.008 -8"><span class='ocrx_word' id='word_1_14' title='bbox 263 1062 300 1082; x_wconf 66' lang='lat' dir='ltr'>fir.</span> <span class='ocrx_word' id='word_1_15' title='bbox 314 1067 337 1089; x_wconf 75' lang='lat' dir='ltr'>p.</span> <span class='ocrx_word' id='word_1_16' title='bbox 353 1066 385 1084; x_wconf 49' lang='lat' dir='ltr'>os.</span> 
     </span>
    </p>
   </div>
   <div class='ocr_carea' id='block_1_5' title="bbox 202 1696 386 1719">
    <p class='ocr_par' dir='ltr' id='par_1_5' title="bbox 202 1696 386 1719">
     <span class='ocr_line' id='line_1_6' title="bbox 202 1696 386 1719; baseline -0.011 0"><span class='ocrx_word' id='word_1_17' title='bbox 202 1698 274 1719; x_wconf 66' lang='lat' dir='ltr'>&#39;Gen</span> <span class='ocrx_word' id='word_1_18' title='bbox 286 1696 386 1719; x_wconf 59' lang='lat' dir='ltr'>vill-21.</span> 
     </span>
    </p>
   </div>
   <div class='ocr_carea' id='block_1_6' title="bbox 209 2326 389 2348">
    <p class='ocr_par' dir='ltr' id='par_1_6' title="bbox 209 2326 389 2348">
     <span class='ocr_line' id='line_1_7' title="bbox 209 2326 389 2348; baseline 0.006 -2"><span class='ocrx_word' id='word_1_19' title='bbox 209 2330 214 2334; x_wconf 93' lang='grc'><strong>”</strong></span> <span class='ocrx_word' id='word_1_20' title='bbox 231 2326 280 2347; x_wconf 74' lang='lat' dir='ltr'>loh.</span> <span class='ocrx_word' id='word_1_21' title='bbox 296 2326 353 2348; x_wconf 70' lang='lat' dir='ltr'>XIV.</span> <span class='ocrx_word' id='word_1_22' title='bbox 370 2330 389 2348; x_wconf 79' lang='lat'>6.</span> 
     </span>
    </p>
   </div>
   <div class='ocr_carea' id='block_1_7' title="bbox 268 2612 391 2638">
    <p class='ocr_par' dir='ltr' id='par_1_7' title="bbox 268 2612 391 2638">
     <span class='ocr_line' id='line_1_8' title="bbox 268 2612 391 2638; baseline 0.008 -6"><span class='ocrx_word' id='word_1_23' title='bbox 268 2612 306 2632; x_wconf 67' lang='lat' dir='ltr'>Gr.</span> <span class='ocrx_word' id='word_1_24' title='bbox 321 2618 343 2638; x_wconf 64' lang='lat'>11.</span> <span class='ocrx_word' id='word_1_25' title='bbox 359 2616 391 2633; x_wconf 62' lang='grc'>99.</span> 
     </span>
    </p>
   </div>
   <div class='ocr_carea' id='block_1_8' title="bbox 423 181 1591 215">
    <p class='ocr_par' dir='ltr' id='par_1_8' title="bbox 423 181 1591 215">
     <span class='ocr_line' id='line_1_9' title="bbox 423 181 1591 215; baseline 0.001 -2"><span class='ocrx_word' id='word_1_26' title='bbox 423 181 464 215; x_wconf 63' lang='lat' dir='ltr'>fil</span> <span class='ocrx_word' id='word_1_27' title='bbox 926 190 954 212; x_wconf 83' lang='lat' dir='ltr'>S.</span> <span class='ocrx_word' id='word_1_28' title='bbox 982 189 1109 212; x_wconf 80' lang='lat' dir='ltr'>CYRILLI</span> <span class='ocrx_word' id='word_1_29' title='bbox 1136 189 1357 212; x_wconf 74' lang='lat' dir='ltr'>ALExANDRtNt</span> <span class='ocrx_word' id='word_1_30' title='bbox 1383 189 1591 214; x_wconf 71' lang='lat' dir='ltr'>EXPLANATIO</span> 
     </span>
    </p>
   </div>
   <div class='ocr_carea' id='block_1_9' title="bbox 422 253 2110 2654">
    <p class='ocr_par' dir='ltr' id='par_1_9' title="bbox 424 253 2099 459">
     <span class='ocr_line' id='line_1_10' title="bbox 424 253 2099 301; baseline 0.001 -13"><span class='ocrx_word' id='word_1_31' title='bbox 424 255 668 288; x_wconf 66' lang='lat' dir='ltr'>surrectionem</span> <span class='ocrx_word' id='word_1_32' title='bbox 696 264 777 287; x_wconf 68' lang='lat' dir='ltr'>vero</span> <span class='ocrx_word' id='word_1_33' title='bbox 803 264 820 287; x_wconf 92' lang='lat' dir='ltr'>a</span> <span class='ocrx_word' id='word_1_34' title='bbox 847 254 1012 290; x_wconf 79' lang='lat' dir='ltr'>mortuis,</span> <span class='ocrx_word' id='word_1_35' title='bbox 1041 253 1142 299; x_wconf 77' lang='lat' dir='ltr'>plena</span> <span class='ocrx_word' id='word_1_36' title='bbox 1171 256 1328 288; x_wconf 77' lang='lat' dir='ltr'>mensura</span> <span class='ocrx_word' id='word_1_37' title='bbox 1355 254 1415 298; x_wconf 75' lang='lat'>(1).</span> <span class='ocrx_word' id='word_1_38' title='bbox 1443 255 1535 288; x_wconf 91' lang='lat' dir='ltr'>Tunc</span> <span class='ocrx_word' id='word_1_39' title='bbox 1564 254 1675 288; x_wconf 89' lang='lat' dir='ltr'>deleta</span> <span class='ocrx_word' id='word_1_40' title='bbox 1706 256 1848 289; x_wconf 91' lang='lat' dir='ltr'>omnino</span> <span class='ocrx_word' id='word_1_41' title='bbox 1877 257 2099 301; x_wconf 74' lang='lat' dir='ltr'>corruptione</span> 
     </span>
     <span class='ocr_line' id='line_1_11' title="bbox 425 310 2095 356; baseline 0.001 -11"><span class='ocrx_word' id='word_1_42' title='bbox 425 311 659 356; x_wconf 71' lang='lat' dir='ltr'>egrediemur.</span> <span class='ocrx_word' id='word_1_43' title='bbox 682 316 716 343; x_wconf 92' lang='lat' dir='ltr'>nt</span> <span class='ocrx_word' id='word_1_44' title='bbox 745 311 787 343; x_wconf 91' lang='lat' dir='ltr'>ait</span> <span class='ocrx_word' id='word_1_45' title='bbox 817 310 985 355; x_wconf 87' lang='lat' dir='ltr'>propheta</span> <span class='ocrx_word' id='word_1_46' title='bbox 1007 311 1035 349; x_wconf 76' lang='lat'>⁶,</span> <span class='ocrx_word' id='word_1_47' title='bbox 1061 317 1093 344; x_wconf 82' lang='lat' dir='ltr'>et</span> <span class='ocrx_word' id='word_1_48' title='bbox 1119 310 1306 345; x_wconf 64' lang='lat' dir='ltr'>vitulorum</span> <span class='ocrx_word' id='word_1_49' title='bbox 1334 311 1439 344; x_wconf 88' lang='lat' dir='ltr'>instar</span> <span class='ocrx_word' id='word_1_50' title='bbox 1465 311 1594 356; x_wconf 80' lang='lat' dir='ltr'>laqueis</span> <span class='ocrx_word' id='word_1_51' title='bbox 1619 311 1858 356; x_wconf 80' lang='lat' dir='ltr'>expeditorum</span> <span class='ocrx_word' id='word_1_52' title='bbox 1883 312 2095 352; x_wconf 79' lang='lat' dir='ltr'>exsiliemus‚</span> 
     </span>
     <span class='ocr_line' id='line_1_12' title="bbox 427 366 2097 413; baseline 0.003 -14"><span class='ocrx_word' id='word_1_53' title='bbox 427 368 707 413; x_wconf 67' lang='lat' dir='ltr'>corruptionique</span> <span class='ocrx_word' id='word_1_54' title='bbox 733 366 932 401; x_wconf 88' lang='lat' dir='ltr'>insultantes</span> <span class='ocrx_word' id='word_1_55' title='bbox 957 367 1109 402; x_wconf 81' lang='lat' dir='ltr'>dicemus</span> <span class='ocrx_word' id='word_1_56' title='bbox 1130 368 1160 400; x_wconf 71' lang='lat'>⁶:</span> <span class='ocrx_word' id='word_1_57' title='bbox 1182 367 1241 402; x_wconf 89' lang='lat' dir='ltr'>ubi</span> <span class='ocrx_word' id='word_1_58' title='bbox 1261 375 1326 405; x_wconf 78' lang='lat' dir='ltr'>est.</span> <span class='ocrx_word' id='word_1_59' title='bbox 1348 379 1460 407; x_wconf 85' lang='lat' dir='ltr'>mors,</span> <span class='ocrx_word' id='word_1_60' title='bbox 1482 369 1623 402; x_wconf 68' lang='lat' dir='ltr'>x·ict‹)ria</span> <span class='ocrx_word' id='word_1_61' title='bbox 1651 369 1728 403; x_wconf 76' lang='lat' dir='ltr'>tua?</span> <span class='ocrx_word' id='word_1_62' title='bbox 1747 368 1806 403; x_wconf 88' lang='lat' dir='ltr'>ubi</span> <span class='ocrx_word' id='word_1_63' title='bbox 1825 369 1983 404; x_wconf 87' lang='lat' dir='ltr'>stimulus</span> <span class='ocrx_word' id='word_1_64' title='bbox 2001 375 2097 407; x_wconf 86' lang='lat' dir='ltr'>tuus.</span> 
     </span>
     <span class='ocr_line' id='line_1_13' title="bbox 427 424 630 459; baseline -0.01 0"><span class='ocrx_word' id='word_1_65' title='bbox 427 437 448 459; x_wconf 91' lang='lat' dir='ltr'>o</span> <span class='ocrx_word' id='word_1_66' title='bbox 475 424 630 458; x_wconf 74' lang='lat' dir='ltr'>inferne?</span> 
     </span>
    </p>

    <p class='ocr_par' dir='ltr' id='par_1_10' title="bbox 893 489 1639 519">
     <span class='ocr_line' id='line_1_14' title="bbox 893 489 1639 519; baseline 0.001 -7"><span class='ocrx_word' id='word_1_67' title='bbox 893 490 955 516; x_wconf 70' lang='lat' dir='ltr'>Qui</span> <span class='ocrx_word' id='word_1_68' title='bbox 973 491 1069 513; x_wconf 77' lang='lat' dir='ltr'>onam</span> <span class='ocrx_word' id='word_1_69' title='bbox 1085 491 1174 514; x_wconf 71' lang='lat' dir='ltr'>nobis</span> <span class='ocrx_word' id='word_1_70' title='bbox 1191 492 1277 514; x_wconf 69' lang='lat' dir='ltr'>dedit</span> <span class='ocrx_word' id='word_1_71' title='bbox 1294 492 1410 519; x_wconf 65' lang='lat' dir='ltr'>pignus</span> <span class='ocrx_word' id='word_1_72' title='bbox 1426 489 1567 518; x_wconf 67' lang='lat' dir='ltr'>§pin-nm</span> <span class='ocrx_word' id='word_1_73' title='bbox 1582 493 1639 513; x_wconf 71' lang='lat' dir='ltr'>ete.</span> 
     </span>
    </p>

    <p class='ocr_par' dir='ltr' id='par_1_11' title="bbox 422 539 2110 2468">
     <span class='ocr_line' id='line_1_15' title="bbox 519 539 2103 587; baseline 0.001 -14"><span class='ocrx_word' id='word_1_74' title='bbox 519 540 583 579; x_wconf 82' lang='lat' dir='ltr'>Oui</span> <span class='ocrx_word' id='word_1_75' title='bbox 610 539 755 585; x_wconf 74' lang='lat' dir='ltr'>Spiritus</span> <span class='ocrx_word' id='word_1_76' title='bbox 774 539 911 574; x_wconf 80' lang='lat' dir='ltr'>arrham</span> <span class='ocrx_word' id='word_1_77' title='bbox 931 539 1054 575; x_wconf 87' lang='lat' dir='ltr'>habent</span> <span class='ocrx_word' id='word_1_78' title='bbox 1069 567 1076 579; x_wconf 82' lang='grc'>,</span> <span class='ocrx_word' id='word_1_79' title='bbox 1098 547 1128 574; x_wconf 83' lang='lat' dir='ltr'>et</span> <span class='ocrx_word' id='word_1_80' title='bbox 1149 552 1208 586; x_wconf 86' lang='lat' dir='ltr'>spe</span> <span class='ocrx_word' id='word_1_81' title='bbox 1229 541 1488 575; x_wconf 86' lang='lat' dir='ltr'>resurrectionis</span> <span class='ocrx_word' id='word_1_82' title='bbox 1514 546 1591 574; x_wconf 90' lang='lat' dir='ltr'>sunt</span> <span class='ocrx_word' id='word_1_83' title='bbox 1613 541 1778 586; x_wconf 77' lang='lat' dir='ltr'>praediti,</span> <span class='ocrx_word' id='word_1_84' title='bbox 1800 541 1834 574; x_wconf 86' lang='lat' dir='ltr'>hi</span> <span class='ocrx_word' id='word_1_85' title='bbox 1853 553 1926 576; x_wconf 86' lang='lat' dir='ltr'>rem</span> <span class='ocrx_word' id='word_1_86' title='bbox 1944 547 2103 587; x_wconf 81' lang='lat' dir='ltr'>expecta·-</span> 
     </span>
     <span class='ocr_line' id='line_1_16' title="bbox 424 597 2103 643; baseline 0.001 -14"><span class='ocrx_word' id='word_1_87' title='bbox 424 603 490 630; x_wconf 90' lang='lat' dir='ltr'>tam</span> <span class='ocrx_word' id='word_1_88' title='bbox 511 602 684 642; x_wconf 75' lang='lat' dir='ltr'>tamquam</span> <span class='ocrx_word' id='word_1_89' title='bbox 706 604 919 642; x_wconf 73' lang='lat' dir='ltr'>praesentem</span> <span class='ocrx_word' id='word_1_90' title='bbox 938 604 1109 637; x_wconf 82' lang='lat' dir='ltr'>tenentes,</span> <span class='ocrx_word' id='word_1_91' title='bbox 1127 599 1221 632; x_wconf 90' lang='lat' dir='ltr'>aiunt</span> <span class='ocrx_word' id='word_1_92' title='bbox 1240 609 1275 632; x_wconf 86' lang='lat' dir='ltr'>se</span> <span class='ocrx_word' id='word_1_93' title='bbox 1294 599 1463 632; x_wconf 88' lang='lat' dir='ltr'>neminem</span> <span class='ocrx_word' id='word_1_94' title='bbox 1484 597 1609 632; x_wconf 82' lang='lat' dir='ltr'>abhinc</span> <span class='ocrx_word' id='word_1_95' title='bbox 1628 609 1811 643; x_wconf 83' lang='lat' dir='ltr'>agnoscere</span> <span class='ocrx_word' id='word_1_96' title='bbox 1829 599 2016 633; x_wconf 90' lang='lat' dir='ltr'>secundum</span> <span class='ocrx_word' id='word_1_97' title='bbox 2035 609 2103 632; x_wconf 86' lang='lat' dir='ltr'>car-</span> 
     </span>
     <span class='ocr_line' id='line_1_17' title="bbox 424 655 2103 702; baseline 0.001 -15"><span class='ocrx_word' id='word_1_98' title='bbox 424 666 518 687; x_wconf 84' lang='lat' dir='ltr'>nem:</span> <span class='ocrx_word' id='word_1_99' title='bbox 541 655 652 688; x_wconf 84' lang='lat' dir='ltr'>cuncti</span> <span class='ocrx_word' id='word_1_100' title='bbox 680 656 772 688; x_wconf 86' lang='lat' dir='ltr'>enim</span> <span class='ocrx_word' id='word_1_101' title='bbox 798 655 967 700; x_wconf 84' lang='lat' dir='ltr'>spiritales</span> <span class='ocrx_word' id='word_1_102' title='bbox 992 667 1126 693; x_wconf 88' lang='lat' dir='ltr'>sumus,</span> <span class='ocrx_word' id='word_1_103' title='bbox 1148 661 1182 689; x_wconf 86' lang='lat' dir='ltr'>et</span> <span class='ocrx_word' id='word_1_104' title='bbox 1200 655 1327 690; x_wconf 85' lang='lat' dir='ltr'>carnali</span> <span class='ocrx_word' id='word_1_105' title='bbox 1346 657 1568 702; x_wconf 82' lang='lat' dir='ltr'>corruptione</span> <span class='ocrx_word' id='word_1_106' title='bbox 1587 655 1700 689; x_wconf 88' lang='lat' dir='ltr'>alieni.</span> <span class='ocrx_word' id='word_1_107' title='bbox 1730 657 1883 701; x_wconf 82' lang='lat' dir='ltr'>Namque</span> <span class='ocrx_word' id='word_1_108' title='bbox 1902 657 1936 689; x_wconf 90' lang='lat' dir='ltr'>in</span> <span class='ocrx_word' id='word_1_109' title='bbox 1955 655 2008 690; x_wconf 91' lang='lat' dir='ltr'>his</span> <span class='ocrx_word' id='word_1_110' title='bbox 2027 666 2103 689; x_wconf 85' lang='lat' dir='ltr'>car-</span> 
     </span>
     <span class='ocr_line' id='line_1_18' title="bbox 423 711 2102 759; baseline 0.001 -14"><span class='ocrx_word' id='word_1_111' title='bbox 423 723 501 745; x_wconf 87' lang='lat' dir='ltr'>nem</span> <span class='ocrx_word' id='word_1_112' title='bbox 514 738 521 747; x_wconf 86' lang='lat'>.</span> <span class='ocrx_word' id='word_1_113' title='bbox 545 718 578 745; x_wconf 90' lang='lat' dir='ltr'>ut</span> <span class='ocrx_word' id='word_1_114' title='bbox 599 723 664 758; x_wconf 77' lang='lat' dir='ltr'>ego</span> <span class='ocrx_word' id='word_1_115' title='bbox 684 711 851 749; x_wconf 79' lang='lat' dir='ltr'>arbitror.</span> <span class='ocrx_word' id='word_1_116' title='bbox 874 724 938 758; x_wconf 90' lang='lat' dir='ltr'>pro</span> <span class='ocrx_word' id='word_1_117' title='bbox 958 714 1068 746; x_wconf 89' lang='lat' dir='ltr'>carnis</span> <span class='ocrx_word' id='word_1_118' title='bbox 1087 713 1282 759; x_wconf 75' lang='lat' dir='ltr'>corruptela</span> <span class='ocrx_word' id='word_1_119' title='bbox 1301 713 1397 747; x_wconf 90' lang='lat' dir='ltr'>dicit.</span> <span class='ocrx_word' id='word_1_120' title='bbox 1426 715 1557 748; x_wconf 84' lang='lat' dir='ltr'>Etenim</span> <span class='ocrx_word' id='word_1_121' title='bbox 1584 714 1761 748; x_wconf 88' lang='lat' dir='ltr'>illuscentc</span> <span class='ocrx_word' id='word_1_122' title='bbox 1780 712 1880 747; x_wconf 89' lang='lat' dir='ltr'>nobis</span> <span class='ocrx_word' id='word_1_123' title='bbox 1898 713 2102 759; x_wconf 84' lang='lat' dir='ltr'>Unigenito,</span> 
     </span>
     <span class='ocr_line' id='line_1_19' title="bbox 422 768 2104 816; baseline 0.001 -14"><span class='ocrx_word' id='word_1_124' title='bbox 422 770 458 802; x_wconf 91' lang='lat' dir='ltr'>in</span> <span class='ocrx_word' id='word_1_125' title='bbox 486 769 596 814; x_wconf 87' lang='lat' dir='ltr'>ipsum</span> <span class='ocrx_word' id='word_1_126' title='bbox 622 769 716 814; x_wconf 87' lang='lat' dir='ltr'>quod</span> <span class='ocrx_word' id='word_1_127' title='bbox 743 770 857 803; x_wconf 88' lang='lat' dir='ltr'>omnia</span> <span class='ocrx_word' id='word_1_128' title='bbox 883 768 1033 802; x_wconf 54' lang='lat' dir='ltr'>x‘ixiticat</span> <span class='ocrx_word' id='word_1_129' title='bbox 1053 768 1203 803; x_wconf 82' lang='lat' dir='ltr'>Verbum</span> <span class='ocrx_word' id='word_1_130' title='bbox 1227 769 1525 804; x_wconf 80' lang='lat' dir='ltr'>transformamur.</span> <span class='ocrx_word' id='word_1_131' title='bbox 1554 772 1684 816; x_wconf 81' lang='lat' dir='ltr'>Nempe</span> <span class='ocrx_word' id='word_1_132' title='bbox 1703 771 1800 804; x_wconf 88' lang='lat' dir='ltr'>sicuti</span> <span class='ocrx_word' id='word_1_133' title='bbox 1819 770 1940 803; x_wconf 85' lang='lat' dir='ltr'>mortis</span> <span class='ocrx_word' id='word_1_134' title='bbox 1958 769 2104 804; x_wconf 77' lang='lat' dir='ltr'>vinculis</span> 
     </span>
     <span class='ocr_line' id='line_1_20' title="bbox 423 825 2106 873; baseline 0.001 -14"><span class='ocrx_word' id='word_1_135' title='bbox 423 837 560 859; x_wconf 89' lang='lat' dir='ltr'>eramus</span> <span class='ocrx_word' id='word_1_136' title='bbox 586 825 739 859; x_wconf 74' lang='lat' dir='ltr'>obstricti</span> <span class='ocrx_word' id='word_1_137' title='bbox 767 832 929 871; x_wconf 74' lang='lat' dir='ltr'>regnante</span> <span class='ocrx_word' id='word_1_138' title='bbox 955 833 1112 872; x_wconf 80' lang='lat' dir='ltr'>peccato,</span> <span class='ocrx_word' id='word_1_139' title='bbox 1134 828 1179 860; x_wconf 90' lang='lat' dir='ltr'>ita</span> <span class='ocrx_word' id='word_1_140' title='bbox 1204 826 1327 860; x_wconf 83' lang='lat' dir='ltr'>Christi</span> <span class='ocrx_word' id='word_1_141' title='bbox 1353 826 1565 861; x_wconf 84' lang='lat' dir='ltr'>subintrante</span> <span class='ocrx_word' id='word_1_142' title='bbox 1591 828 1732 866; x_wconf 85' lang='lat' dir='ltr'>iustitia,</span> <span class='ocrx_word' id='word_1_143' title='bbox 1754 826 1985 873; x_wconf 84' lang='lat' dir='ltr'>corruptelam</span> <span class='ocrx_word' id='word_1_144' title='bbox 2011 825 2106 861; x_wconf 88' lang='lat' dir='ltr'>abie-</span> 
     </span>
     <span class='ocr_line' id='line_1_21' title="bbox 424 883 2104 929; baseline 0 -12"><span class='ocrx_word' id='word_1_145' title='bbox 424 884 544 917; x_wconf 80' lang='lat' dir='ltr'>cimus.</span> <span class='ocrx_word' id='word_1_146' title='bbox 575 885 683 918; x_wconf 83' lang='lat' dir='ltr'>Nemo</span> <span class='ocrx_word' id='word_1_147' title='bbox 709 884 822 929; x_wconf 85' lang='lat' dir='ltr'>itaque</span> <span class='ocrx_word' id='word_1_148' title='bbox 850 885 916 917; x_wconf 89' lang='lat' dir='ltr'>iam</span> <span class='ocrx_word' id='word_1_149' title='bbox 941 889 991 917; x_wconf 86' lang='lat' dir='ltr'>est</span> <span class='ocrx_word' id='word_1_150' title='bbox 1017 884 1051 916; x_wconf 90' lang='lat' dir='ltr'>in</span> <span class='ocrx_word' id='word_1_151' title='bbox 1078 895 1197 923; x_wconf 84' lang='lat' dir='ltr'>carne,</span> <span class='ocrx_word' id='word_1_152' title='bbox 1220 884 1254 917; x_wconf 91' lang='lat' dir='ltr'>id</span> <span class='ocrx_word' id='word_1_153' title='bbox 1281 890 1330 918; x_wconf 90' lang='lat' dir='ltr'>est</span> <span class='ocrx_word' id='word_1_154' title='bbox 1356 886 1390 918; x_wconf 90' lang='lat' dir='ltr'>in</span> <span class='ocrx_word' id='word_1_155' title='bbox 1419 884 1614 919; x_wconf 86' lang='lat' dir='ltr'>infirmitate</span> <span class='ocrx_word' id='word_1_156' title='bbox 1640 885 1786 923; x_wconf 85' lang='lat' dir='ltr'>carnali,</span> <span class='ocrx_word' id='word_1_157' title='bbox 1812 883 2003 918; x_wconf 87' lang='lat' dir='ltr'>cuiusmodi</span> <span class='ocrx_word' id='word_1_158' title='bbox 2028 884 2104 917; x_wconf 85' lang='lat' dir='ltr'>iure</span> 
     </span>
     <span class='ocr_line' id='line_1_22' title="bbox 425 940 2106 987; baseline 0 -13"><span class='ocrx_word' id='word_1_159' title='bbox 425 942 616 986; x_wconf 82' lang='lat' dir='ltr'>meritoque</span> <span class='ocrx_word' id='word_1_160' title='bbox 635 941 813 985; x_wconf 87' lang='lat' dir='ltr'>corruptio</span> <span class='ocrx_word' id='word_1_161' title='bbox 833 941 921 973; x_wconf 86' lang='lat' dir='ltr'>inter</span> <span class='ocrx_word' id='word_1_162' title='bbox 941 946 1051 974; x_wconf 85' lang='lat' dir='ltr'>cetera</span> <span class='ocrx_word' id='word_1_163' title='bbox 1070 940 1292 987; x_wconf 83' lang='lat' dir='ltr'>intelligenda</span> <span class='ocrx_word' id='word_1_164' title='bbox 1310 947 1373 975; x_wconf 81' lang='lat' dir='ltr'>est.</span> <span class='ocrx_word' id='word_1_165' title='bbox 1395 942 1481 982; x_wconf 87' lang='lat' dir='ltr'>Quia</span> <span class='ocrx_word' id='word_1_166' title='bbox 1501 954 1583 975; x_wconf 63' lang='lat' dir='ltr'>vero</span> <span class='ocrx_word' id='word_1_167' title='bbox 1602 942 1733 976; x_wconf 84' lang='lat' dir='ltr'>dixerat</span> <span class='ocrx_word' id='word_1_168' title='bbox 1751 943 1924 976; x_wconf 87' lang='lat' dir='ltr'>neminem</span> <span class='ocrx_word' id='word_1_169' title='bbox 1943 953 1978 975; x_wconf 90' lang='lat' dir='ltr'>se</span> <span class='ocrx_word' id='word_1_170' title='bbox 1997 951 2106 986; x_wconf 88' lang='lat' dir='ltr'>agno-</span> 
     </span>
     <span class='ocr_line' id='line_1_23' title="bbox 426 997 2104 1045; baseline 0.001 -13"><span class='ocrx_word' id='word_1_171' title='bbox 426 1010 520 1032; x_wconf 77' lang='lat' dir='ltr'>scere</span> <span class='ocrx_word' id='word_1_172' title='bbox 551 997 739 1032; x_wconf 87' lang='lat' dir='ltr'>secundum</span> <span class='ocrx_word' id='word_1_173' title='bbox 771 1008 929 1036; x_wconf 79' lang='lat' dir='ltr'>carnem,</span> <span class='ocrx_word' id='word_1_174' title='bbox 957 998 1187 1043; x_wconf 88' lang='lat' dir='ltr'>quorumdam</span> <span class='ocrx_word' id='word_1_175' title='bbox 1219 997 1385 1032; x_wconf 87' lang='lat' dir='ltr'>absurdas</span> <span class='ocrx_word' id='word_1_176' title='bbox 1415 999 1589 1044; x_wconf 89' lang='lat' dir='ltr'>suspicans</span> <span class='ocrx_word' id='word_1_177' title='bbox 1615 1000 1852 1045; x_wconf 81' lang='lat' dir='ltr'>cogitationes,</span> <span class='ocrx_word' id='word_1_178' title='bbox 1881 999 1996 1033; x_wconf 82' lang='lat' dir='ltr'>addit:</span> <span class='ocrx_word' id='word_1_179' title='bbox 2024 1009 2104 1032; x_wconf 84' lang='lat' dir='ltr'>nam</span> 
     </span>
     <span class='ocr_line' id='line_1_24' title="bbox 425 1055 2106 1095; baseline 0 -6"><span class='ocrx_word' id='word_1_180' title='bbox 425 1056 555 1089; x_wconf 76' lang='lat' dir='ltr'>euamsi</span> <span class='ocrx_word' id='word_1_181' title='bbox 583 1056 780 1089; x_wconf 68' lang='lat' dir='ltr'>noverimus</span> <span class='ocrx_word' id='word_1_182' title='bbox 805 1055 995 1088; x_wconf 84' lang='lat' dir='ltr'>secundum</span> <span class='ocrx_word' id='word_1_183' title='bbox 1015 1066 1153 1089; x_wconf 88' lang='lat' dir='ltr'>carnem</span> <span class='ocrx_word' id='word_1_184' title='bbox 1172 1055 1363 1095; x_wconf 84' lang='lat' dir='ltr'>Christum,</span> <span class='ocrx_word' id='word_1_185' title='bbox 1384 1067 1476 1090; x_wconf 85' lang='lat' dir='ltr'>nunc</span> <span class='ocrx_word' id='word_1_186' title='bbox 1494 1063 1608 1090; x_wconf 86' lang='lat' dir='ltr'>tamen</span> <span class='ocrx_word' id='word_1_187' title='bbox 1626 1057 1694 1090; x_wconf 91' lang='lat' dir='ltr'>iam</span> <span class='ocrx_word' id='word_1_188' title='bbox 1718 1068 1788 1090; x_wconf 90' lang='lat' dir='ltr'>non</span> <span class='ocrx_word' id='word_1_189' title='bbox 1806 1056 1979 1090; x_wconf 85' lang='lat' dir='ltr'>novimus.</span> <span class='ocrx_word' id='word_1_190' title='bbox 2005 1056 2106 1089; x_wconf 87' lang='lat' dir='ltr'>Tam-</span> 
     </span>
     <span class='ocr_line' id='line_1_25' title="bbox 423 1111 2105 1159; baseline 0 -13"><span class='ocrx_word' id='word_1_191' title='bbox 423 1125 526 1158; x_wconf 87' lang='lat' dir='ltr'>quam</span> <span class='ocrx_word' id='word_1_192' title='bbox 546 1113 571 1146; x_wconf 91' lang='lat' dir='ltr'>si</span> <span class='ocrx_word' id='word_1_193' title='bbox 592 1112 705 1147; x_wconf 85' lang='lat' dir='ltr'>dicere</span> <span class='ocrx_word' id='word_1_194' title='bbox 723 1112 849 1146; x_wconf 79' lang='lat' dir='ltr'>vellet:</span> <span class='ocrx_word' id='word_1_195' title='bbox 871 1111 1023 1146; x_wconf 87' lang='lat' dir='ltr'>Verbum</span> <span class='ocrx_word' id='word_1_196' title='bbox 1043 1124 1124 1147; x_wconf 89' lang='lat' dir='ltr'>caro</span> <span class='ocrx_word' id='word_1_197' title='bbox 1143 1112 1270 1147; x_wconf 89' lang='lat' dir='ltr'>factum</span> <span class='ocrx_word' id='word_1_198' title='bbox 1288 1119 1356 1153; x_wconf 84' lang='lat' dir='ltr'>est,</span> <span class='ocrx_word' id='word_1_199' title='bbox 1377 1119 1411 1147; x_wconf 90' lang='lat' dir='ltr'>et</span> <span class='ocrx_word' id='word_1_200' title='bbox 1429 1113 1592 1147; x_wconf 86' lang='lat' dir='ltr'>habitavit</span> <span class='ocrx_word' id='word_1_201' title='bbox 1613 1115 1647 1147; x_wconf 95' lang='lat' dir='ltr'>in</span> <span class='ocrx_word' id='word_1_202' title='bbox 1667 1113 1786 1153; x_wconf 89' lang='lat' dir='ltr'>nobis,</span> <span class='ocrx_word' id='word_1_203' title='bbox 1808 1120 1841 1148; x_wconf 90' lang='lat' dir='ltr'>et</span> <span class='ocrx_word' id='word_1_204' title='bbox 1860 1125 1923 1159; x_wconf 89' lang='lat' dir='ltr'>pro</span> <span class='ocrx_word' id='word_1_205' title='bbox 1948 1119 2105 1148; x_wconf 89' lang='lat' dir='ltr'>nostrum</span> 
     </span>
     <span class='ocr_line' id='line_1_26' title="bbox 422 1169 2105 1217; baseline -0.001 -13"><span class='ocrx_word' id='word_1_206' title='bbox 422 1171 577 1204; x_wconf 87' lang='lat' dir='ltr'>omnium</span> <span class='ocrx_word' id='word_1_207' title='bbox 595 1170 663 1203; x_wconf 64' lang='lat' dir='ltr'>vita</span> <span class='ocrx_word' id='word_1_208' title='bbox 682 1176 832 1203; x_wconf 89' lang='lat' dir='ltr'>mortem</span> <span class='ocrx_word' id='word_1_209' title='bbox 851 1169 1042 1204; x_wconf 87' lang='lat' dir='ltr'>secundum</span> <span class='ocrx_word' id='word_1_210' title='bbox 1061 1181 1199 1204; x_wconf 88' lang='lat' dir='ltr'>carnem</span> <span class='ocrx_word' id='word_1_211' title='bbox 1218 1169 1338 1209; x_wconf 89' lang='lat' dir='ltr'>subiit,</span> <span class='ocrx_word' id='word_1_212' title='bbox 1356 1177 1458 1216; x_wconf 85' lang='lat' dir='ltr'>atque</span> <span class='ocrx_word' id='word_1_213' title='bbox 1478 1172 1523 1205; x_wconf 88' lang='lat' dir='ltr'>ita</span> <span class='ocrx_word' id='word_1_214' title='bbox 1542 1172 1655 1217; x_wconf 90' lang='lat' dir='ltr'>ipsum</span> <span class='ocrx_word' id='word_1_215' title='bbox 1674 1172 1851 1205; x_wconf 77' lang='lat' dir='ltr'>novimus:</span> <span class='ocrx_word' id='word_1_216' title='bbox 1868 1176 2105 1205; x_wconf 85' lang='lat' dir='ltr'>verumtamen</span> 
     </span>
     <span class='ocr_line' id='line_1_27' title="bbox 424 1226 2106 1275; baseline -0.001 -14"><span class='ocrx_word' id='word_1_217' title='bbox 424 1226 548 1261; x_wconf 84' lang='lat' dir='ltr'>abhinc</span> <span class='ocrx_word' id='word_1_218' title='bbox 574 1228 641 1261; x_wconf 86' lang='lat' dir='ltr'>iam</span> <span class='ocrx_word' id='word_1_219' title='bbox 666 1239 736 1261; x_wconf 91' lang='lat' dir='ltr'>non</span> <span class='ocrx_word' id='word_1_220' title='bbox 764 1228 991 1273; x_wconf 76' lang='lat' dir='ltr'>agnoscimus.</span> <span class='ocrx_word' id='word_1_221' title='bbox 1020 1228 1158 1261; x_wconf 89' lang='lat' dir='ltr'>Etiamsi</span> <span class='ocrx_word' id='word_1_222' title='bbox 1177 1228 1268 1262; x_wconf 89' lang='lat' dir='ltr'>enim</span> <span class='ocrx_word' id='word_1_223' title='bbox 1287 1239 1425 1262; x_wconf 88' lang='lat' dir='ltr'>carnem</span> <span class='ocrx_word' id='word_1_224' title='bbox 1443 1228 1585 1267; x_wconf 86' lang='lat' dir='ltr'>retinet,</span> <span class='ocrx_word' id='word_1_225' title='bbox 1606 1229 1736 1275; x_wconf 89' lang='lat' dir='ltr'>quippe</span> <span class='ocrx_word' id='word_1_226' title='bbox 1761 1228 1820 1273; x_wconf 90' lang='lat' dir='ltr'>qui</span> <span class='ocrx_word' id='word_1_227' title='bbox 1846 1228 1944 1261; x_wconf 88' lang='lat' dir='ltr'>tertia</span> <span class='ocrx_word' id='word_1_228' title='bbox 1969 1227 2025 1261; x_wconf 93' lang='lat' dir='ltr'>die</span> <span class='ocrx_word' id='word_1_229' title='bbox 2049 1237 2106 1261; x_wconf 88' lang='lat' dir='ltr'>re-</span> 
     </span>
     <span class='ocr_line' id='line_1_28' title="bbox 423 1284 2103 1332; baseline -0.001 -14"><span class='ocrx_word' id='word_1_230' title='bbox 423 1286 523 1321; x_wconf 66' lang='lat' dir='ltr'>xixit.</span> <span class='ocrx_word' id='word_1_231' title='bbox 545 1291 577 1319; x_wconf 89' lang='lat' dir='ltr'>et</span> <span class='ocrx_word' id='word_1_232' title='bbox 603 1285 695 1332; x_wconf 89' lang='lat' dir='ltr'>apud</span> <span class='ocrx_word' id='word_1_233' title='bbox 722 1292 854 1330; x_wconf 90' lang='lat' dir='ltr'>patrem</span> <span class='ocrx_word' id='word_1_234' title='bbox 880 1286 915 1318; x_wconf 92' lang='lat' dir='ltr'>in</span> <span class='ocrx_word' id='word_1_235' title='bbox 942 1285 1044 1319; x_wconf 84' lang='lat' dir='ltr'>caelis</span> <span class='ocrx_word' id='word_1_236' title='bbox 1068 1291 1240 1325; x_wconf 64' lang='lat' dir='ltr'>versatur,</span> <span class='ocrx_word' id='word_1_237' title='bbox 1262 1286 1486 1320; x_wconf 84' lang='lat' dir='ltr'>nihilominus</span> <span class='ocrx_word' id='word_1_238' title='bbox 1511 1297 1615 1332; x_wconf 88' lang='lat' dir='ltr'>supra</span> <span class='ocrx_word' id='word_1_239' title='bbox 1641 1297 1777 1320; x_wconf 90' lang='lat' dir='ltr'>carnem</span> <span class='ocrx_word' id='word_1_240' title='bbox 1796 1296 1868 1319; x_wconf 87' lang='lat' dir='ltr'>esse</span> <span class='ocrx_word' id='word_1_241' title='bbox 1886 1284 2103 1330; x_wconf 83' lang='lat' dir='ltr'>intelligitur.</span> 
     </span>
     <span class='ocr_line' id='line_1_29' title="bbox 423 1341 2107 1383; baseline 0 -8"><span class='ocrx_word' id='word_1_242' title='bbox 423 1342 532 1376; x_wconf 88' lang='lat' dir='ltr'>Semel</span> <span class='ocrx_word' id='word_1_243' title='bbox 553 1343 645 1376; x_wconf 88' lang='lat' dir='ltr'>enim</span> <span class='ocrx_word' id='word_1_244' title='bbox 663 1348 821 1376; x_wconf 89' lang='lat' dir='ltr'>mortuus</span> <span class='ocrx_word' id='word_1_245' title='bbox 834 1369 841 1381; x_wconf 87' lang='lat'>,</span> <span class='ocrx_word' id='word_1_246' title='bbox 864 1343 930 1376; x_wconf 86' lang='lat' dir='ltr'>iam</span> <span class='ocrx_word' id='word_1_247' title='bbox 950 1354 1020 1377; x_wconf 92' lang='lat' dir='ltr'>non</span> <span class='ocrx_word' id='word_1_248' title='bbox 1039 1343 1206 1383; x_wconf 81' lang='lat' dir='ltr'>moritur,</span> <span class='ocrx_word' id='word_1_249' title='bbox 1227 1354 1322 1377; x_wconf 88' lang='lat' dir='ltr'>mors</span> <span class='ocrx_word' id='word_1_250' title='bbox 1341 1343 1390 1377; x_wconf 92' lang='lat' dir='ltr'>illi</span> <span class='ocrx_word' id='word_1_251' title='bbox 1410 1343 1554 1377; x_wconf 89' lang='lat' dir='ltr'>ulterius</span> <span class='ocrx_word' id='word_1_252' title='bbox 1573 1355 1644 1377; x_wconf 90' lang='lat' dir='ltr'>non</span> <span class='ocrx_word' id='word_1_253' title='bbox 1663 1343 1873 1377; x_wconf 85' lang='lat' dir='ltr'>dominatur.</span> <span class='ocrx_word' id='word_1_254' title='bbox 1894 1341 1996 1383; x_wconf 88' lang='lat' dir='ltr'>Quod</span> <span class='ocrx_word' id='word_1_255' title='bbox 2014 1342 2107 1376; x_wconf 91' lang='lat' dir='ltr'>enim</span> 
     </span>
     <span class='ocr_line' id='line_1_30' title="bbox 424 1398 2107 1446; baseline -0.001 -12"><span class='ocrx_word' id='word_1_256' title='bbox 424 1406 601 1436; x_wconf 80' lang='lat' dir='ltr'>mortuum</span> <span class='ocrx_word' id='word_1_257' title='bbox 626 1406 696 1439; x_wconf 89' lang='lat' dir='ltr'>est,</span> <span class='ocrx_word' id='word_1_258' title='bbox 719 1407 859 1446; x_wconf 84' lang='lat' dir='ltr'>peccato</span> <span class='ocrx_word' id='word_1_259' title='bbox 879 1400 982 1434; x_wconf 90' lang='lat' dir='ltr'>semel</span> <span class='ocrx_word' id='word_1_260' title='bbox 1002 1406 1050 1434; x_wconf 92' lang='lat' dir='ltr'>est</span> <span class='ocrx_word' id='word_1_261' title='bbox 1070 1406 1264 1434; x_wconf 87' lang='lat' dir='ltr'>mortuum:</span> <span class='ocrx_word' id='word_1_262' title='bbox 1286 1400 1382 1446; x_wconf 90' lang='lat' dir='ltr'>quod</span> <span class='ocrx_word' id='word_1_263' title='bbox 1402 1407 1516 1435; x_wconf 89' lang='lat' dir='ltr'>autem</span> <span class='ocrx_word' id='word_1_264' title='bbox 1535 1401 1638 1440; x_wconf 68' lang='lat' dir='ltr'>vivit,</span> <span class='ocrx_word' id='word_1_265' title='bbox 1657 1402 1731 1434; x_wconf 82' lang='lat' dir='ltr'>Deo</span> <span class='ocrx_word' id='word_1_266' title='bbox 1750 1402 1846 1435; x_wconf 70' lang='lat' dir='ltr'>vivit.</span> <span class='ocrx_word' id='word_1_267' title='bbox 1869 1401 1977 1446; x_wconf 81' lang='lat' dir='ltr'>Igitur</span> <span class='ocrx_word' id='word_1_268' title='bbox 1995 1400 2023 1433; x_wconf 87' lang='lat' dir='ltr'>si</span> <span class='ocrx_word' id='word_1_269' title='bbox 2040 1398 2107 1433; x_wconf 92' lang='lat' dir='ltr'>hu-</span> 
     </span>
     <span class='ocr_line' id='line_1_31' title="bbox 425 1457 2107 1505; baseline -0.001 -14"><span class='ocrx_word' id='word_1_270' title='bbox 425 1457 612 1492; x_wconf 86' lang='lat' dir='ltr'>iuscemodi</span> <span class='ocrx_word' id='word_1_271' title='bbox 631 1458 690 1491; x_wconf 93' lang='lat' dir='ltr'>ille</span> <span class='ocrx_word' id='word_1_272' title='bbox 710 1464 778 1497; x_wconf 89' lang='lat' dir='ltr'>est,</span> <span class='ocrx_word' id='word_1_273' title='bbox 799 1459 858 1504; x_wconf 89' lang='lat' dir='ltr'>qui</span> <span class='ocrx_word' id='word_1_274' title='bbox 877 1470 912 1492; x_wconf 92' lang='lat' dir='ltr'>se</span> <span class='ocrx_word' id='word_1_275' title='bbox 932 1457 1010 1492; x_wconf 88' lang='lat' dir='ltr'>fecit</span> <span class='ocrx_word' id='word_1_276' title='bbox 1035 1459 1125 1492; x_wconf 87' lang='lat' dir='ltr'>vitae</span> <span class='ocrx_word' id='word_1_277' title='bbox 1151 1457 1250 1492; x_wconf 92' lang='lat' dir='ltr'>nobis</span> <span class='ocrx_word' id='word_1_278' title='bbox 1269 1459 1528 1504; x_wconf 86' lang='lat' dir='ltr'>antesignanum</span> <span class='ocrx_word' id='word_1_279' title='bbox 1541 1484 1549 1497; x_wconf 85' lang='lat'>‚</span> <span class='ocrx_word' id='word_1_280' title='bbox 1570 1469 1712 1504; x_wconf 89' lang='lat' dir='ltr'>prorsus</span> <span class='ocrx_word' id='word_1_281' title='bbox 1731 1464 1869 1505; x_wconf 84' lang='lat' dir='ltr'>oportet</span> <span class='ocrx_word' id='word_1_282' title='bbox 1887 1469 1950 1491; x_wconf 90' lang='lat' dir='ltr'>nos</span> <span class='ocrx_word' id='word_1_283' title='bbox 1967 1467 2107 1502; x_wconf 87' lang='lat' dir='ltr'>quoque</span> 
     </span>
     <span class='ocr_line' id='line_1_32' title="bbox 425 1515 2107 1562; baseline -0.001 -14"><span class='ocrx_word' id='word_1_284' title='bbox 425 1516 574 1561; x_wconf 50' lang='lat' dir='ltr'>*estigiis</span> <span class='ocrx_word' id='word_1_285' title='bbox 599 1516 672 1549; x_wconf 91' lang='lat' dir='ltr'>eius</span> <span class='ocrx_word' id='word_1_286' title='bbox 697 1516 905 1554; x_wconf 87' lang='lat' dir='ltr'>insistentes,</span> <span class='ocrx_word' id='word_1_287' title='bbox 928 1527 997 1549; x_wconf 90' lang='lat' dir='ltr'>non</span> <span class='ocrx_word' id='word_1_288' title='bbox 1024 1521 1093 1549; x_wconf 89' lang='lat' dir='ltr'>tam</span> <span class='ocrx_word' id='word_1_289' title='bbox 1118 1516 1153 1548; x_wconf 90' lang='lat' dir='ltr'>in</span> <span class='ocrx_word' id='word_1_290' title='bbox 1180 1526 1281 1549; x_wconf 87' lang='lat' dir='ltr'>carne</span> <span class='ocrx_word' id='word_1_291' title='bbox 1306 1527 1410 1560; x_wconf 90' lang='lat' dir='ltr'>quam</span> <span class='ocrx_word' id='word_1_292' title='bbox 1436 1526 1540 1562; x_wconf 86' lang='lat' dir='ltr'>supra</span> <span class='ocrx_word' id='word_1_293' title='bbox 1566 1526 1703 1549; x_wconf 89' lang='lat' dir='ltr'>carnem</span> <span class='ocrx_word' id='word_1_294' title='bbox 1728 1527 1801 1549; x_wconf 88' lang='lat' dir='ltr'>esse</span> <span class='ocrx_word' id='word_1_295' title='bbox 1823 1515 1987 1561; x_wconf 88' lang='lat' dir='ltr'>reputari.</span> <span class='ocrx_word' id='word_1_296' title='bbox 2015 1515 2107 1559; x_wconf 87' lang='lat' dir='ltr'>Ergo</span> 
     </span>
     <span class='ocr_line' id='line_1_33' title="bbox 426 1572 2104 1611; baseline -0.001 -5"><span class='ocrx_word' id='word_1_297' title='bbox 426 1574 612 1608; x_wconf 82' lang='lat' dir='ltr'>rectissime</span> <span class='ocrx_word' id='word_1_298' title='bbox 631 1572 730 1606; x_wconf 68' lang='lat' dir='ltr'>divus</span> <span class='ocrx_word' id='word_1_299' title='bbox 749 1573 890 1611; x_wconf 88' lang='lat' dir='ltr'>Paulus,</span> <span class='ocrx_word' id='word_1_300' title='bbox 913 1585 975 1607; x_wconf 88' lang='lat' dir='ltr'>ceu</span> <span class='ocrx_word' id='word_1_301' title='bbox 994 1574 1020 1606; x_wconf 91' lang='lat' dir='ltr'>si</span> <span class='ocrx_word' id='word_1_302' title='bbox 1040 1574 1073 1606; x_wconf 89' lang='lat' dir='ltr'>in</span> <span class='ocrx_word' id='word_1_303' title='bbox 1094 1573 1229 1606; x_wconf 89' lang='lat' dir='ltr'>Christo</span> <span class='ocrx_word' id='word_1_304' title='bbox 1248 1579 1334 1606; x_wconf 88' lang='lat' dir='ltr'>esset</span> <span class='ocrx_word' id='word_1_305' title='bbox 1353 1584 1443 1607; x_wconf 60' lang='lat' dir='ltr'>nova</span> <span class='ocrx_word' id='word_1_306' title='bbox 1461 1578 1616 1607; x_wconf 85' lang='lat' dir='ltr'>creatura</span> <span class='ocrx_word' id='word_1_307' title='bbox 1629 1598 1636 1611; x_wconf 92' lang='lat'>‚</span> <span class='ocrx_word' id='word_1_308' title='bbox 1659 1574 1722 1606; x_wconf 85' lang='lat' dir='ltr'>ait:</span> <span class='ocrx_word' id='word_1_309' title='bbox 1744 1578 1859 1606; x_wconf 87' lang='lat' dir='ltr'>vetera</span> <span class='ocrx_word' id='word_1_310' title='bbox 1878 1573 2104 1609; x_wconf 84' lang='lat' dir='ltr'>transierunt,</span> 
     </span>
     <span class='ocr_line' id='line_1_34' title="bbox 426 1629 2107 1669; baseline -0.002 -4"><span class='ocrx_word' id='word_1_311' title='bbox 426 1643 503 1665; x_wconf 86' lang='lat' dir='ltr'>ecce</span> <span class='ocrx_word' id='word_1_312' title='bbox 522 1642 611 1664; x_wconf 70' lang='lat' dir='ltr'>nova</span> <span class='ocrx_word' id='word_1_313' title='bbox 631 1630 716 1664; x_wconf 85' lang='lat' dir='ltr'>facta</span> <span class='ocrx_word' id='word_1_314' title='bbox 736 1636 827 1664; x_wconf 89' lang='lat' dir='ltr'>sunt.</span> <span class='ocrx_word' id='word_1_315' title='bbox 850 1631 953 1664; x_wconf 87' lang='lat' dir='ltr'>Vetus</span> <span class='ocrx_word' id='word_1_316' title='bbox 971 1631 1062 1664; x_wconf 90' lang='lat' dir='ltr'>enim</span> <span class='ocrx_word' id='word_1_317' title='bbox 1081 1630 1169 1664; x_wconf 87' lang='lat' dir='ltr'>illud</span> <span class='ocrx_word' id='word_1_318' title='bbox 1187 1636 1237 1664; x_wconf 88' lang='lat' dir='ltr'>est</span> <span class='ocrx_word' id='word_1_319' title='bbox 1259 1644 1274 1661; x_wconf 87' lang='lat'>«</span> <span class='ocrx_word' id='word_1_320' title='bbox 1296 1636 1387 1664; x_wconf 87' lang='lat' dir='ltr'>terra</span> <span class='ocrx_word' id='word_1_321' title='bbox 1406 1641 1458 1669; x_wconf 89' lang='lat' dir='ltr'>es,</span> <span class='ocrx_word' id='word_1_322' title='bbox 1480 1637 1513 1664; x_wconf 85' lang='lat' dir='ltr'>et</span> <span class='ocrx_word' id='word_1_323' title='bbox 1532 1631 1566 1663; x_wconf 93' lang='lat' dir='ltr'>in</span> <span class='ocrx_word' id='word_1_324' title='bbox 1586 1636 1677 1663; x_wconf 92' lang='lat' dir='ltr'>terra</span> <span class='ocrx_word' id='word_1_325' title='bbox 1696 1630 1888 1664; x_wconf 73' lang='lat' dir='ltr'>reverteris.</span> <span class='ocrx_word' id='word_1_326' title='bbox 1911 1642 1927 1660; x_wconf 87' lang='lat'>»</span> <span class='ocrx_word' id='word_1_327' title='bbox 1949 1629 2019 1662; x_wconf 88' lang='lat' dir='ltr'>Nec</span> <span class='ocrx_word' id='word_1_328' title='bbox 2036 1638 2107 1662; x_wconf 88' lang='lat' dir='ltr'>non</span> 
     </span>
     <span class='ocr_line' id='line_1_35' title="bbox 426 1684 2109 1733; baseline -0.002 -11"><span class='ocrx_word' id='word_1_329' title='bbox 426 1688 513 1723; x_wconf 91' lang='lat' dir='ltr'>illud</span> <span class='ocrx_word' id='word_1_330' title='bbox 540 1689 574 1722; x_wconf 90' lang='lat' dir='ltr'>in</span> <span class='ocrx_word' id='word_1_331' title='bbox 599 1688 725 1733; x_wconf 76' lang='lat' dir='ltr'>Moysis</span> <span class='ocrx_word' id='word_1_332' title='bbox 750 1687 841 1721; x_wconf 91' lang='lat' dir='ltr'>libro</span> <span class='ocrx_word' id='word_1_333' title='bbox 863 1688 892 1721; x_wconf 76' lang='lat' dir='ltr'>&#39;z</span> <span class='ocrx_word' id='word_1_334' title='bbox 917 1702 932 1719; x_wconf 89' lang='lat'>«</span> <span class='ocrx_word' id='word_1_335' title='bbox 954 1687 1106 1721; x_wconf 88' lang='lat' dir='ltr'>studiose</span> <span class='ocrx_word' id='word_1_336' title='bbox 1131 1687 1223 1721; x_wconf 88' lang='lat' dir='ltr'>enim</span> <span class='ocrx_word' id='word_1_337' title='bbox 1247 1699 1345 1721; x_wconf 88' lang='lat' dir='ltr'>mens</span> <span class='ocrx_word' id='word_1_338' title='bbox 1363 1687 1510 1721; x_wconf 91' lang='lat' dir='ltr'>hominis</span> <span class='ocrx_word' id='word_1_339' title='bbox 1528 1689 1563 1721; x_wconf 90' lang='lat' dir='ltr'>in</span> <span class='ocrx_word' id='word_1_340' title='bbox 1582 1688 1704 1721; x_wconf 68' lang='lat' dir='ltr'>vitium</span> <span class='ocrx_word' id='word_1_341' title='bbox 1728 1688 1796 1721; x_wconf 87' lang='lat' dir='ltr'>iam</span> <span class='ocrx_word' id='word_1_342' title='bbox 1821 1686 1901 1720; x_wconf 89' lang='lat' dir='ltr'>inde</span> <span class='ocrx_word' id='word_1_343' title='bbox 1921 1684 1964 1720; x_wconf 88' lang='lat' dir='ltr'>ab</span> <span class='ocrx_word' id='word_1_344' title='bbox 1989 1684 2109 1719; x_wconf 85' lang='lat' dir='ltr'>adole-</span> 
     </span>
     <span class='ocr_line' id='line_1_36' title="bbox 426 1743 2109 1791; baseline -0.002 -12"><span class='ocrx_word' id='word_1_345' title='bbox 426 1747 551 1779; x_wconf 85' lang='lat' dir='ltr'>scentia</span> <span class='ocrx_word' id='word_1_346' title='bbox 571 1745 692 1779; x_wconf 86' lang='lat' dir='ltr'>fertur.</span> <span class='ocrx_word' id='word_1_347' title='bbox 715 1746 836 1779; x_wconf 79' lang='lat' dir='ltr'>Vetera</span> <span class='ocrx_word' id='word_1_348' title='bbox 855 1746 996 1791; x_wconf 86' lang='lat' dir='ltr'>insuper</span> <span class='ocrx_word' id='word_1_349' title='bbox 1015 1751 1091 1779; x_wconf 86' lang='lat' dir='ltr'>sunt</span> <span class='ocrx_word' id='word_1_350' title='bbox 1112 1745 1232 1790; x_wconf 81' lang='lat' dir='ltr'>legalia</span> <span class='ocrx_word' id='word_1_351' title='bbox 1251 1751 1392 1783; x_wconf 85' lang='lat' dir='ltr'>statuta,</span> <span class='ocrx_word' id='word_1_352' title='bbox 1410 1756 1498 1790; x_wconf 88' lang='lat' dir='ltr'>quae</span> <span class='ocrx_word' id='word_1_353' title='bbox 1517 1745 1631 1779; x_wconf 87' lang='lat' dir='ltr'>omnia</span> <span class='ocrx_word' id='word_1_354' title='bbox 1651 1744 1882 1791; x_wconf 86' lang='lat' dir='ltr'>praeterlapsa</span> <span class='ocrx_word' id='word_1_355' title='bbox 1899 1743 1993 1778; x_wconf 85' lang='lat' dir='ltr'>dicit.</span> <span class='ocrx_word' id='word_1_356' title='bbox 2015 1743 2109 1777; x_wconf 89' lang='lat' dir='ltr'>Iusti-</span> 
     </span>
     <span class='ocr_line' id='line_1_37' title="bbox 426 1800 2109 1848; baseline -0.001 -11"><span class='ocrx_word' id='word_1_357' title='bbox 426 1802 514 1837; x_wconf 78' lang='lat' dir='ltr'>ficati</span> <span class='ocrx_word' id='word_1_358' title='bbox 542 1804 632 1837; x_wconf 84' lang='lat' dir='ltr'>enim</span> <span class='ocrx_word' id='word_1_359' title='bbox 659 1803 785 1837; x_wconf 76' lang='lat' dir='ltr'>fuimus</span> <span class='ocrx_word' id='word_1_360' title='bbox 813 1814 874 1848; x_wconf 88' lang='lat' dir='ltr'>per</span> <span class='ocrx_word' id='word_1_361' title='bbox 900 1802 1005 1837; x_wconf 80' lang='lat' dir='ltr'>fidem</span> <span class='ocrx_word' id='word_1_362' title='bbox 1030 1804 1065 1837; x_wconf 93' lang='lat' dir='ltr'>in</span> <span class='ocrx_word' id='word_1_363' title='bbox 1092 1803 1243 1842; x_wconf 83' lang='lat' dir='ltr'>Christo,</span> <span class='ocrx_word' id='word_1_364' title='bbox 1271 1810 1303 1837; x_wconf 90' lang='lat' dir='ltr'>et</span> <span class='ocrx_word' id='word_1_365' title='bbox 1329 1803 1578 1838; x_wconf 86' lang='lat' dir='ltr'>maledictionis</span> <span class='ocrx_word' id='word_1_366' title='bbox 1603 1803 1654 1836; x_wconf 85' lang='lat' dir='ltr'>vis</span> <span class='ocrx_word' id='word_1_367' title='bbox 1679 1803 1791 1837; x_wconf 87' lang='lat' dir='ltr'>desiit.</span> <span class='ocrx_word' id='word_1_368' title='bbox 1819 1800 2109 1848; x_wconf 86' lang='lat' dir='ltr'>Quandoquidem</span> 
     </span>
     <span class='ocr_line' id='line_1_38' title="bbox 426 1859 2107 1907; baseline -0.001 -14"><span class='ocrx_word' id='word_1_369' title='bbox 426 1860 484 1894; x_wconf 88' lang='lat' dir='ltr'>ille</span> <span class='ocrx_word' id='word_1_370' title='bbox 511 1861 617 1894; x_wconf 83' lang='lat' dir='ltr'>nostri</span> <span class='ocrx_word' id='word_1_371' title='bbox 644 1862 751 1906; x_wconf 83' lang='lat' dir='ltr'>gratia</span> <span class='ocrx_word' id='word_1_372' title='bbox 779 1861 917 1899; x_wconf 79' lang='lat' dir='ltr'>revixit,</span> <span class='ocrx_word' id='word_1_373' title='bbox 940 1861 1065 1895; x_wconf 86' lang='lat' dir='ltr'>calcata</span> <span class='ocrx_word' id='word_1_374' title='bbox 1092 1862 1212 1895; x_wconf 91' lang='lat' dir='ltr'>mortis</span> <span class='ocrx_word' id='word_1_375' title='bbox 1239 1861 1408 1907; x_wconf 88' lang='lat' dir='ltr'>potentia:</span> <span class='ocrx_word' id='word_1_376' title='bbox 1435 1872 1625 1906; x_wconf 75' lang='lat' dir='ltr'>verumque</span> <span class='ocrx_word' id='word_1_377' title='bbox 1650 1867 1683 1894; x_wconf 89' lang='lat' dir='ltr'>et</span> <span class='ocrx_word' id='word_1_378' title='bbox 1708 1866 1827 1906; x_wconf 89' lang='lat' dir='ltr'>suapte</span> <span class='ocrx_word' id='word_1_379' title='bbox 1851 1865 1973 1894; x_wconf 87' lang='lat' dir='ltr'>natura</span> <span class='ocrx_word' id='word_1_380' title='bbox 1998 1859 2107 1893; x_wconf 89' lang='lat' dir='ltr'>Deum</span> 
     </span>
     <span class='ocr_line' id='line_1_39' title="bbox 426 1916 2109 1963; baseline -0.001 -12"><span class='ocrx_word' id='word_1_381' title='bbox 426 1919 647 1963; x_wconf 54' lang='lat' dir='ltr'>agnox‘imus.</span> <span class='ocrx_word' id='word_1_382' title='bbox 671 1919 724 1951; x_wconf 90' lang='lat' dir='ltr'>cui</span> <span class='ocrx_word' id='word_1_383' title='bbox 745 1918 778 1950; x_wconf 91' lang='lat' dir='ltr'>in</span> <span class='ocrx_word' id='word_1_384' title='bbox 798 1918 917 1963; x_wconf 85' lang='lat' dir='ltr'>spiritu</span> <span class='ocrx_word' id='word_1_385' title='bbox 939 1929 976 1951; x_wconf 84' lang='lat' dir='ltr'>ac</span> <span class='ocrx_word' id='word_1_386' title='bbox 994 1918 1137 1951; x_wconf 59' lang='lat' dir='ltr'>veritate</span> <span class='ocrx_word' id='word_1_387' title='bbox 1156 1918 1287 1952; x_wconf 87' lang='lat' dir='ltr'>cultum</span> <span class='ocrx_word' id='word_1_388' title='bbox 1306 1918 1556 1963; x_wconf 87' lang='lat' dir='ltr'>impendimus,</span> <span class='ocrx_word' id='word_1_389' title='bbox 1578 1917 1768 1952; x_wconf 88' lang='lat' dir='ltr'>mediatore</span> <span class='ocrx_word' id='word_1_390' title='bbox 1794 1916 1888 1957; x_wconf 87' lang='lat' dir='ltr'>filio,</span> <span class='ocrx_word' id='word_1_391' title='bbox 1908 1917 1967 1962; x_wconf 92' lang='lat' dir='ltr'>qui</span> <span class='ocrx_word' id='word_1_392' title='bbox 1987 1928 2109 1962; x_wconf 83' lang='lat' dir='ltr'>super-</span> 
     </span>
     <span class='ocr_line' id='line_1_40' title="bbox 427 1973 2106 2021; baseline -0.001 -13"><span class='ocrx_word' id='word_1_393' title='bbox 427 1986 486 2008; x_wconf 89' lang='lat' dir='ltr'>nas</span> <span class='ocrx_word' id='word_1_394' title='bbox 505 1986 522 2008; x_wconf 93' lang='lat' dir='ltr'>a</span> <span class='ocrx_word' id='word_1_395' title='bbox 543 1981 638 2019; x_wconf 90' lang='lat' dir='ltr'>patre</span> <span class='ocrx_word' id='word_1_396' title='bbox 657 1973 913 2008; x_wconf 86' lang='lat' dir='ltr'>benedictiones</span> <span class='ocrx_word' id='word_1_397' title='bbox 932 1975 1065 2009; x_wconf 88' lang='lat' dir='ltr'>mundo</span> <span class='ocrx_word' id='word_1_398' title='bbox 1090 1975 1297 2021; x_wconf 89' lang='lat' dir='ltr'>impertitur.</span> <span class='ocrx_word' id='word_1_399' title='bbox 1327 1973 1559 2015; x_wconf 88' lang='lat' dir='ltr'>Quamobrem</span> <span class='ocrx_word' id='word_1_400' title='bbox 1579 1975 1825 2021; x_wconf 81' lang='lat' dir='ltr'>sapientissime</span> <span class='ocrx_word' id='word_1_401' title='bbox 1843 1974 1943 2008; x_wconf 87' lang='lat' dir='ltr'>divus</span> <span class='ocrx_word' id='word_1_402' title='bbox 1962 1973 2106 2013; x_wconf 85' lang='lat' dir='ltr'>Paulus,</span> 
     </span>
     <span class='ocr_line' id='line_1_41' title="bbox 425 2031 2110 2078; baseline -0.001 -12"><span class='ocrx_word' id='word_1_403' title='bbox 425 2033 540 2066; x_wconf 85' lang='lat' dir='ltr'>omnia</span> <span class='ocrx_word' id='word_1_404' title='bbox 568 2038 699 2068; x_wconf 86' lang='lat' dir='ltr'>autem.</span> <span class='ocrx_word' id='word_1_405' title='bbox 722 2033 849 2077; x_wconf 86' lang='lat' dir='ltr'>inquit,</span> <span class='ocrx_word' id='word_1_406' title='bbox 879 2044 918 2066; x_wconf 74' lang='lat' dir='ltr'>ex</span> <span class='ocrx_word' id='word_1_407' title='bbox 945 2033 1017 2066; x_wconf 90' lang='lat' dir='ltr'>Deo</span> <span class='ocrx_word' id='word_1_408' title='bbox 1042 2033 1101 2078; x_wconf 89' lang='lat' dir='ltr'>qui</span> <span class='ocrx_word' id='word_1_409' title='bbox 1128 2031 1193 2066; x_wconf 88' lang='lat' dir='ltr'>sibi</span> <span class='ocrx_word' id='word_1_410' title='bbox 1219 2044 1282 2066; x_wconf 88' lang='lat' dir='ltr'>nos</span> <span class='ocrx_word' id='word_1_411' title='bbox 1308 2032 1536 2066; x_wconf 61' lang='lat' dir='ltr'>reconciliavit</span> <span class='ocrx_word' id='word_1_412' title='bbox 1563 2044 1625 2078; x_wconf 89' lang='lat' dir='ltr'>per</span> <span class='ocrx_word' id='word_1_413' title='bbox 1650 2032 1834 2066; x_wconf 89' lang='lat' dir='ltr'>Christum.</span> <span class='ocrx_word' id='word_1_414' title='bbox 1862 2032 1992 2078; x_wconf 83' lang='lat' dir='ltr'>Reapse</span> <span class='ocrx_word' id='word_1_415' title='bbox 2017 2031 2110 2065; x_wconf 90' lang='lat' dir='ltr'>enim</span> 
     </span>
     <span class='ocr_line' id='line_1_42' title="bbox 426 2088 2108 2136; baseline -0.001 -12"><span class='ocrx_word' id='word_1_416' title='bbox 426 2089 518 2124; x_wconf 85' lang='lat' dir='ltr'>haud</span> <span class='ocrx_word' id='word_1_417' title='bbox 540 2095 675 2135; x_wconf 86' lang='lat' dir='ltr'>praeter</span> <span class='ocrx_word' id='word_1_418' title='bbox 696 2091 801 2134; x_wconf 86' lang='lat' dir='ltr'>patris</span> <span class='ocrx_word' id='word_1_419' title='bbox 820 2090 1033 2124; x_wconf 73' lang='lat' dir='ltr'>voluntatem</span> <span class='ocrx_word' id='word_1_420' title='bbox 1053 2096 1101 2124; x_wconf 85' lang='lat' dir='ltr'>est</span> <span class='ocrx_word' id='word_1_421' title='bbox 1120 2090 1363 2124; x_wconf 87' lang='lat' dir='ltr'>incarnationis</span> <span class='ocrx_word' id='word_1_422' title='bbox 1381 2091 1599 2136; x_wconf 64' lang='lat' dir='ltr'>mysterium,</span> <span class='ocrx_word' id='word_1_423' title='bbox 1620 2096 1654 2124; x_wconf 85' lang='lat' dir='ltr'>et</span> <span class='ocrx_word' id='word_1_424' title='bbox 1672 2096 1891 2124; x_wconf 86' lang='lat' dir='ltr'>consectanea</span> <span class='ocrx_word' id='word_1_425' title='bbox 1908 2088 1990 2123; x_wconf 88' lang='lat' dir='ltr'>huic</span> <span class='ocrx_word' id='word_1_426' title='bbox 2007 2099 2108 2123; x_wconf 87' lang='lat' dir='ltr'>reno-</span> 
     </span>
     <span class='ocr_line' id='line_1_43' title="bbox 426 2147 2106 2194; baseline -0.001 -13"><span class='ocrx_word' id='word_1_427' title='bbox 426 2149 530 2181; x_wconf 85' lang='lat' dir='ltr'>vatio.</span> <span class='ocrx_word' id='word_1_428' title='bbox 560 2148 620 2180; x_wconf 89' lang='lat' dir='ltr'>llis</span> <span class='ocrx_word' id='word_1_429' title='bbox 645 2147 737 2181; x_wconf 87' lang='lat' dir='ltr'>addit</span> <span class='ocrx_word' id='word_1_430' title='bbox 766 2149 929 2192; x_wconf 61' lang='lat' dir='ltr'>mysticus</span> <span class='ocrx_word' id='word_1_431' title='bbox 954 2149 1095 2186; x_wconf 79' lang='lat' dir='ltr'>doctor,</span> <span class='ocrx_word' id='word_1_432' title='bbox 1118 2154 1250 2194; x_wconf 84' lang='lat' dir='ltr'>patrem</span> <span class='ocrx_word' id='word_1_433' title='bbox 1273 2149 1385 2194; x_wconf 88' lang='lat' dir='ltr'>ipsum</span> <span class='ocrx_word' id='word_1_434' title='bbox 1410 2160 1473 2183; x_wconf 91' lang='lat' dir='ltr'>nos</span> <span class='ocrx_word' id='word_1_435' title='bbox 1498 2148 1561 2182; x_wconf 89' lang='lat' dir='ltr'>sibi</span> <span class='ocrx_word' id='word_1_436' title='bbox 1581 2148 1818 2183; x_wconf 87' lang='lat' dir='ltr'>reconciliasse</span> <span class='ocrx_word' id='word_1_437' title='bbox 1837 2159 1900 2194; x_wconf 89' lang='lat' dir='ltr'>per</span> <span class='ocrx_word' id='word_1_438' title='bbox 1917 2147 2106 2185; x_wconf 85' lang='lat' dir='ltr'>Christum,</span> 
     </span>
     <span class='ocr_line' id='line_1_44' title="bbox 425 2202 2108 2253; baseline -0.001 -15"><span class='ocrx_word' id='word_1_439' title='bbox 425 2205 485 2250; x_wconf 90' lang='lat' dir='ltr'>qui</span> <span class='ocrx_word' id='word_1_440' title='bbox 512 2210 588 2238; x_wconf 83' lang='lat' dir='ltr'>ante</span> <span class='ocrx_word' id='word_1_441' title='bbox 608 2205 733 2238; x_wconf 87' lang='lat' dir='ltr'>inimici</span> <span class='ocrx_word' id='word_1_442' title='bbox 754 2216 907 2241; x_wconf 87' lang='lat' dir='ltr'>eramus:</span> <span class='ocrx_word' id='word_1_443' title='bbox 929 2205 1083 2239; x_wconf 80' lang='lat' dir='ltr'>ethnicos</span> <span class='ocrx_word' id='word_1_444' title='bbox 1102 2205 1244 2251; x_wconf 86' lang='lat' dir='ltr'>quidem</span> <span class='ocrx_word' id='word_1_445' title='bbox 1261 2205 1307 2239; x_wconf 91' lang='lat' dir='ltr'>ob</span> <span class='ocrx_word' id='word_1_446' title='bbox 1327 2218 1481 2240; x_wconf 80' lang='lat' dir='ltr'>errorem</span> <span class='ocrx_word' id='word_1_447' title='bbox 1500 2206 1737 2253; x_wconf 62' lang='lat' dir='ltr'>polytheismi,</span> <span class='ocrx_word' id='word_1_448' title='bbox 1759 2205 1900 2239; x_wconf 89' lang='lat' dir='ltr'>iudaeos</span> <span class='ocrx_word' id='word_1_449' title='bbox 1923 2211 2036 2238; x_wconf 89' lang='lat' dir='ltr'>autem</span> <span class='ocrx_word' id='word_1_450' title='bbox 2061 2202 2108 2238; x_wconf 91' lang='lat' dir='ltr'>ob</span> 
     </span>
     <span class='ocr_line' id='line_1_45' title="bbox 429 2261 2109 2309; baseline 0 -15"><span class='ocrx_word' id='word_1_451' title='bbox 429 2262 635 2307; x_wconf 86' lang='lat' dir='ltr'>pertinacem</span> <span class='ocrx_word' id='word_1_452' title='bbox 657 2261 824 2307; x_wconf 75' lang='lat' dir='ltr'>legalibus</span> <span class='ocrx_word' id='word_1_453' title='bbox 844 2262 974 2296; x_wconf 90' lang='lat' dir='ltr'>umbris</span> <span class='ocrx_word' id='word_1_454' title='bbox 994 2263 1255 2302; x_wconf 84' lang='lat' dir='ltr'>adhaesionem,</span> <span class='ocrx_word' id='word_1_455' title='bbox 1272 2270 1304 2297; x_wconf 88' lang='lat' dir='ltr'>et</span> <span class='ocrx_word' id='word_1_456' title='bbox 1323 2265 1394 2297; x_wconf 83' lang='lat' dir='ltr'>veri</span> <span class='ocrx_word' id='word_1_457' title='bbox 1415 2264 1527 2298; x_wconf 92' lang='lat' dir='ltr'>cultus</span> <span class='ocrx_word' id='word_1_458' title='bbox 1545 2264 1760 2309; x_wconf 85' lang='lat' dir='ltr'>repudiatam</span> <span class='ocrx_word' id='word_1_459' title='bbox 1778 2263 1984 2297; x_wconf 88' lang='lat' dir='ltr'>doctrinam.</span> <span class='ocrx_word' id='word_1_460' title='bbox 2000 2261 2109 2306; x_wconf 84' lang='lat' dir='ltr'>Quip-</span> 
     </span>
     <span class='ocr_line' id='line_1_46' title="bbox 429 2319 2106 2367; baseline -0.001 -14"><span class='ocrx_word' id='word_1_461' title='bbox 429 2331 471 2365; x_wconf 83' lang='lat' dir='ltr'>pe</span> <span class='ocrx_word' id='word_1_462' title='bbox 490 2331 551 2365; x_wconf 85' lang='lat' dir='ltr'>per</span> <span class='ocrx_word' id='word_1_463' title='bbox 570 2319 741 2353; x_wconf 85' lang='lat' dir='ltr'>Christum</span> <span class='ocrx_word' id='word_1_464' title='bbox 762 2321 849 2353; x_wconf 83' lang='lat' dir='ltr'>nacti</span> <span class='ocrx_word' id='word_1_465' title='bbox 870 2320 999 2353; x_wconf 83' lang='lat' dir='ltr'>aditum</span> <span class='ocrx_word' id='word_1_466' title='bbox 1018 2332 1135 2354; x_wconf 90' lang='lat' dir='ltr'>sumus</span> <span class='ocrx_word' id='word_1_467' title='bbox 1147 2347 1154 2359; x_wconf 92' lang='lat'>,</span> <span class='ocrx_word' id='word_1_468' title='bbox 1176 2333 1284 2366; x_wconf 90' lang='lat' dir='ltr'>quum</span> <span class='ocrx_word' id='word_1_469' title='bbox 1303 2333 1405 2355; x_wconf 90' lang='lat' dir='ltr'>nemo</span> <span class='ocrx_word' id='word_1_470' title='bbox 1424 2321 1466 2355; x_wconf 86' lang='lat' dir='ltr'>ad</span> <span class='ocrx_word' id='word_1_471' title='bbox 1488 2328 1619 2367; x_wconf 88' lang='lat' dir='ltr'>patrem</span> <span class='ocrx_word' id='word_1_472' title='bbox 1638 2323 1769 2360; x_wconf 79' lang='lat' dir='ltr'>veniat,</span> <span class='ocrx_word' id='word_1_473' title='bbox 1790 2327 1829 2354; x_wconf 90' lang='lat' dir='ltr'>ut</span> <span class='ocrx_word' id='word_1_474' title='bbox 1846 2321 1991 2366; x_wconf 90' lang='lat' dir='ltr'>ipsemet</span> <span class='ocrx_word' id='word_1_475' title='bbox 2008 2319 2054 2353; x_wconf 86' lang='lat' dir='ltr'>ait</span> <span class='ocrx_word' id='word_1_476' title='bbox 2074 2319 2106 2357; x_wconf 75' lang='lat'>*,</span> 
     </span>
     <span class='ocr_line' id='line_1_47' title="bbox 427 2376 2109 2424; baseline 0 -15"><span class='ocrx_word' id='word_1_477' title='bbox 427 2377 490 2410; x_wconf 81' lang='lat' dir='ltr'>nisi</span> <span class='ocrx_word' id='word_1_478' title='bbox 512 2388 572 2422; x_wconf 91' lang='lat' dir='ltr'>per</span> <span class='ocrx_word' id='word_1_479' title='bbox 590 2377 716 2422; x_wconf 90' lang='lat' dir='ltr'>ipsum.</span> <span class='ocrx_word' id='word_1_480' title='bbox 748 2378 854 2422; x_wconf 71' lang='lat' dir='ltr'>lgitur</span> <span class='ocrx_word' id='word_1_481' title='bbox 873 2378 987 2410; x_wconf 90' lang='lat' dir='ltr'>omnia</span> <span class='ocrx_word' id='word_1_482' title='bbox 1008 2389 1047 2410; x_wconf 81' lang='lat' dir='ltr'>ex</span> <span class='ocrx_word' id='word_1_483' title='bbox 1068 2379 1139 2411; x_wconf 89' lang='lat' dir='ltr'>Deo</span> <span class='ocrx_word' id='word_1_484' title='bbox 1159 2385 1255 2415; x_wconf 87' lang='lat' dir='ltr'>sunt,</span> <span class='ocrx_word' id='word_1_485' title='bbox 1276 2379 1333 2423; x_wconf 88' lang='lat' dir='ltr'>qui</span> <span class='ocrx_word' id='word_1_486' title='bbox 1355 2390 1417 2412; x_wconf 90' lang='lat' dir='ltr'>nos</span> <span class='ocrx_word' id='word_1_487' title='bbox 1440 2390 1501 2424; x_wconf 91' lang='lat' dir='ltr'>per</span> <span class='ocrx_word' id='word_1_488' title='bbox 1519 2378 1691 2413; x_wconf 87' lang='lat' dir='ltr'>Christum</span> <span class='ocrx_word' id='word_1_489' title='bbox 1716 2377 1965 2415; x_wconf 79' lang='lat' dir='ltr'>reconciliavit,</span> <span class='ocrx_word' id='word_1_490' title='bbox 1986 2381 2020 2411; x_wconf 85' lang='lat' dir='ltr'>et</span> <span class='ocrx_word' id='word_1_491' title='bbox 2043 2376 2109 2409; x_wconf 89' lang='lat' dir='ltr'>mi-</span> 
     </span>
     <span class='ocr_line' id='line_1_48' title="bbox 429 2434 1114 2468; baseline 0.001 -1"><span class='ocrx_word' id='word_1_492' title='bbox 429 2435 607 2468; x_wconf 84' lang='lat' dir='ltr'>nisterium</span> <span class='ocrx_word' id='word_1_493' title='bbox 634 2434 920 2468; x_wconf 88' lang='lat' dir='ltr'>reconciliationis</span> <span class='ocrx_word' id='word_1_494' title='bbox 946 2434 1114 2468; x_wconf 86' lang='lat' dir='ltr'>attribuit.</span> 
     </span>
    </p>

    <p class='ocr_par' dir='ltr' id='par_1_12' title="bbox 428 2492 2110 2654">
     <span class='ocr_line' id='line_1_49' title="bbox 524 2492 2110 2539; baseline 0.001 -15"><span class='ocrx_word' id='word_1_495' title='bbox 524 2493 653 2525; x_wconf 83' lang='lat' dir='ltr'>Rursus</span> <span class='ocrx_word' id='word_1_496' title='bbox 678 2502 762 2525; x_wconf 74' lang='lat' dir='ltr'>vero</span> <span class='ocrx_word' id='word_1_497' title='bbox 788 2503 923 2525; x_wconf 88' lang='lat' dir='ltr'>mecum</span> <span class='ocrx_word' id='word_1_498' title='bbox 948 2492 1200 2530; x_wconf 74' lang='lat' dir='ltr'>animadverte,</span> <span class='ocrx_word' id='word_1_499' title='bbox 1221 2493 1316 2538; x_wconf 92' lang='lat' dir='ltr'>quod</span> <span class='ocrx_word' id='word_1_500' title='bbox 1338 2494 1468 2527; x_wconf 86' lang='lat' dir='ltr'>etiamsi</span> <span class='ocrx_word' id='word_1_501' title='bbox 1487 2493 1639 2527; x_wconf 87' lang='lat' dir='ltr'>Christus</span> <span class='ocrx_word' id='word_1_502' title='bbox 1658 2493 1854 2539; x_wconf 86' lang='lat' dir='ltr'>apostolicis</span> <span class='ocrx_word' id='word_1_503' title='bbox 1879 2492 1962 2526; x_wconf 84' lang='lat' dir='ltr'>viris</span> <span class='ocrx_word' id='word_1_504' title='bbox 1987 2502 2110 2526; x_wconf 84' lang='lat' dir='ltr'>recon-</span> 
     </span>
     <span class='ocr_line' id='line_1_50' title="bbox 428 2548 2106 2597; baseline 0.001 -16"><span class='ocrx_word' id='word_1_505' title='bbox 428 2548 608 2582; x_wconf 81' lang='lat' dir='ltr'>ciliationis</span> <span class='ocrx_word' id='word_1_506' title='bbox 633 2548 861 2582; x_wconf 86' lang='lat' dir='ltr'>ministerium</span> <span class='ocrx_word' id='word_1_507' title='bbox 888 2548 1100 2587; x_wconf 85' lang='lat' dir='ltr'>attribuerit,</span> <span class='ocrx_word' id='word_1_508' title='bbox 1124 2561 1202 2583; x_wconf 88' lang='lat' dir='ltr'>nam</span> <span class='ocrx_word' id='word_1_509' title='bbox 1229 2550 1351 2583; x_wconf 88' lang='lat' dir='ltr'>Paulus</span> <span class='ocrx_word' id='word_1_510' title='bbox 1377 2550 1420 2583; x_wconf 94' lang='lat' dir='ltr'>ab</span> <span class='ocrx_word' id='word_1_511' title='bbox 1446 2551 1521 2595; x_wconf 90' lang='lat' dir='ltr'>ipso</span> <span class='ocrx_word' id='word_1_512' title='bbox 1547 2550 1590 2584; x_wconf 87' lang='lat' dir='ltr'>ad</span> <span class='ocrx_word' id='word_1_513' title='bbox 1617 2549 1846 2597; x_wconf 84' lang='lat' dir='ltr'>apostolatum</span> <span class='ocrx_word' id='word_1_514' title='bbox 1869 2549 1933 2583; x_wconf 85' lang='lat' dir='ltr'>fuit</span> <span class='ocrx_word' id='word_1_515' title='bbox 1957 2548 2106 2587; x_wconf 88' lang='lat' dir='ltr'>electus,</span> 
     </span>
     <span class='ocr_line' id='line_1_51' title="bbox 431 2605 2109 2654; baseline 0.001 -16"><span class='ocrx_word' id='word_1_516' title='bbox 431 2605 484 2640; x_wconf 86' lang='lat' dir='ltr'>hic</span> <span class='ocrx_word' id='word_1_517' title='bbox 511 2606 735 2640; x_wconf 89' lang='lat' dir='ltr'>nihilominus</span> <span class='ocrx_word' id='word_1_518' title='bbox 759 2607 831 2639; x_wconf 80' lang='lat' dir='ltr'>eius</span> <span class='ocrx_word' id='word_1_519' title='bbox 857 2607 1009 2641; x_wconf 89' lang='lat' dir='ltr'>muneris</span> <span class='ocrx_word' id='word_1_520' title='bbox 1027 2606 1183 2640; x_wconf 87' lang='lat' dir='ltr'>datorem</span> <span class='ocrx_word' id='word_1_521' title='bbox 1203 2608 1310 2640; x_wconf 77' lang='lat' dir='ltr'>Deum</span> <span class='ocrx_word' id='word_1_522' title='bbox 1330 2608 1424 2642; x_wconf 87' lang='lat' dir='ltr'>dicit.</span> <span class='ocrx_word' id='word_1_523' title='bbox 1453 2609 1544 2653; x_wconf 81' lang='lat' dir='ltr'>Ergo</span> <span class='ocrx_word' id='word_1_524' title='bbox 1563 2609 1675 2654; x_wconf 90' lang='lat' dir='ltr'>ipsum</span> <span class='ocrx_word' id='word_1_525' title='bbox 1694 2609 1803 2641; x_wconf 88' lang='lat' dir='ltr'>Deum</span> <span class='ocrx_word' id='word_1_526' title='bbox 1820 2607 1939 2652; x_wconf 89' lang='lat' dir='ltr'>utique</span> <span class='ocrx_word' id='word_1_527' title='bbox 1963 2611 1997 2640; x_wconf 87' lang='lat' dir='ltr'>et</span> <span class='ocrx_word' id='word_1_528' title='bbox 2021 2606 2109 2651; x_wconf 84' lang='lat' dir='ltr'>patri</span> 
     </span>
    </p>
   </div>
   <div class='ocr_carea' id='block_1_10' title="bbox 433 2714 2109 2885">
    <p class='ocr_par' dir='ltr' id='par_1_13' title="bbox 433 2714 2109 2885">
     <span class='ocr_line' id='line_1_52' title="bbox 530 2714 2108 2751; baseline 0.002 -12"><span class='ocrx_word' id='word_1_529' title='bbox 530 2718 563 2745; x_wconf 67' lang='lat' dir='ltr'>st)</span> <span class='ocrx_word' id='word_1_530' title='bbox 583 2716 723 2742; x_wconf 81' lang='lat' dir='ltr'>Hactenus</span> <span class='ocrx_word' id='word_1_531' title='bbox 742 2714 887 2749; x_wconf 80' lang='lat' dir='ltr'>scripserat</span> <span class='ocrx_word' id='word_1_532' title='bbox 902 2722 1014 2749; x_wconf 76' lang='lat' dir='ltr'>graecus</span> <span class='ocrx_word' id='word_1_533' title='bbox 1035 2714 1202 2749; x_wconf 77' lang='lat' dir='ltr'>eclogarius,</span> <span class='ocrx_word' id='word_1_534' title='bbox 1223 2719 1253 2742; x_wconf 88' lang='lat' dir='ltr'>ut</span> <span class='ocrx_word' id='word_1_535' title='bbox 1268 2715 1295 2742; x_wconf 89' lang='lat' dir='ltr'>in</span> <span class='ocrx_word' id='word_1_536' title='bbox 1315 2719 1406 2742; x_wconf 81' lang='lat' dir='ltr'>nostra</span> <span class='ocrx_word' id='word_1_537' title='bbox 1420 2715 1540 2743; x_wconf 75' lang='lat' dir='ltr'>editione</span> <span class='ocrx_word' id='word_1_538' title='bbox 1559 2724 1585 2751; x_wconf 89' lang='lat' dir='ltr'>p.</span> <span class='ocrx_word' id='word_1_539' title='bbox 1601 2719 1645 2743; x_wconf 84' lang='grc'>97.</span> <span class='ocrx_word' id='word_1_540' title='bbox 1660 2716 1768 2750; x_wconf 77' lang='lat' dir='ltr'>legitur.</span> <span class='ocrx_word' id='word_1_541' title='bbox 1790 2717 1826 2742; x_wconf 85' lang='lat' dir='ltr'>At</span> <span class='ocrx_word' id='word_1_542' title='bbox 1842 2717 1967 2748; x_wconf 81' lang='lat' dir='ltr'>Severus,</span> <span class='ocrx_word' id='word_1_543' title='bbox 1987 2714 2037 2742; x_wconf 79' lang='lat' dir='ltr'>etsi</span> <span class='ocrx_word' id='word_1_544' title='bbox 2055 2714 2108 2742; x_wconf 83' lang='lat' dir='ltr'>inj-</span> 
     </span>
     <span class='ocr_line' id='line_1_53' title="bbox 433 2757 2109 2795; baseline 0.003 -13"><span class='ocrx_word' id='word_1_545' title='bbox 433 2757 469 2783; x_wconf 83' lang='lat' dir='ltr'>tio</span> <span class='ocrx_word' id='word_1_546' title='bbox 487 2757 593 2785; x_wconf 72' lang='lat' dir='ltr'>brevior</span> <span class='ocrx_word' id='word_1_547' title='bbox 612 2763 666 2790; x_wconf 83' lang='lat' dir='ltr'>est,</span> <span class='ocrx_word' id='word_1_548' title='bbox 688 2760 822 2793; x_wconf 78' lang='lat' dir='ltr'>incipiens</span> <span class='ocrx_word' id='word_1_549' title='bbox 841 2758 968 2786; x_wconf 71' lang='lat' dir='ltr'>videlicet</span> <span class='ocrx_word' id='word_1_550' title='bbox 987 2767 1001 2785; x_wconf 84' lang='lat' dir='ltr'>a</span> <span class='ocrx_word' id='word_1_551' title='bbox 1020 2767 1077 2786; x_wconf 71' lang='lat' dir='ltr'>roc.</span> <span class='ocrx_word' id='word_1_552' title='bbox 1098 2759 1279 2792; x_wconf 67' lang='lat' dir='ltr'>absorbetur,</span> <span class='ocrx_word' id='word_1_553' title='bbox 1299 2768 1374 2786; x_wconf 84' lang='lat' dir='ltr'>uune</span> <span class='ocrx_word' id='word_1_554' title='bbox 1394 2764 1483 2787; x_wconf 81' lang='lat' dir='ltr'>tamen</span> <span class='ocrx_word' id='word_1_555' title='bbox 1504 2760 1586 2795; x_wconf 87' lang='lat' dir='ltr'>paulo</span> <span class='ocrx_word' id='word_1_556' title='bbox 1606 2760 1714 2795; x_wconf 76' lang='lat' dir='ltr'>longius</span> <span class='ocrx_word' id='word_1_557' title='bbox 1738 2767 1866 2795; x_wconf 83' lang='lat' dir='ltr'>pergens,</span> <span class='ocrx_word' id='word_1_558' title='bbox 1886 2759 2022 2795; x_wconf 86' lang='lat' dir='ltr'>Cyrillum</span> <span class='ocrx_word' id='word_1_559' title='bbox 2040 2767 2109 2787; x_wconf 78' lang='lat' dir='ltr'>nova</span> 
     </span>
     <span class='ocr_line' id='line_1_54' title="bbox 433 2802 2109 2840; baseline 0.004 -14"><span class='ocrx_word' id='word_1_560' title='bbox 433 2802 563 2835; x_wconf 80' lang='lat' dir='ltr'>particula</span> <span class='ocrx_word' id='word_1_561' title='bbox 586 2811 684 2837; x_wconf 72' lang='lat' dir='ltr'>augere</span> <span class='ocrx_word' id='word_1_562' title='bbox 703 2803 818 2831; x_wconf 76' lang='lat' dir='ltr'>videtur.</span> <span class='ocrx_word' id='word_1_563' title='bbox 840 2804 899 2831; x_wconf 64' lang='lat' dir='ltr'>Nisi</span> <span class='ocrx_word' id='word_1_564' title='bbox 920 2803 989 2831; x_wconf 86' lang='lat' dir='ltr'>forte</span> <span class='ocrx_word' id='word_1_565' title='bbox 1011 2812 1041 2831; x_wconf 83' lang='lat' dir='ltr'>ea</span> <span class='ocrx_word' id='word_1_566' title='bbox 1061 2803 1180 2836; x_wconf 82' lang='lat' dir='ltr'>additio,</span> <span class='ocrx_word' id='word_1_567' title='bbox 1200 2804 1278 2830; x_wconf 76' lang='lat' dir='ltr'>verba</span> <span class='ocrx_word' id='word_1_568' title='bbox 1300 2805 1390 2839; x_wconf 85' lang='lat' dir='ltr'>potius</span> <span class='ocrx_word' id='word_1_569' title='bbox 1408 2806 1498 2832; x_wconf 84' lang='lat' dir='ltr'>Severi</span> <span class='ocrx_word' id='word_1_570' title='bbox 1517 2809 1590 2832; x_wconf 82' lang='lat' dir='ltr'>sunt.</span> <span class='ocrx_word' id='word_1_571' title='bbox 1611 2806 1736 2840; x_wconf 82' lang='lat' dir='ltr'>Namque</span> <span class='ocrx_word' id='word_1_572' title='bbox 1755 2805 1806 2832; x_wconf 91' lang='lat' dir='ltr'>hoc</span> <span class='ocrx_word' id='word_1_573' title='bbox 1827 2804 1887 2832; x_wconf 83' lang='lat' dir='ltr'>loco</span> <span class='ocrx_word' id='word_1_574' title='bbox 1907 2811 1962 2831; x_wconf 86' lang='lat' dir='ltr'>non</span> <span class='ocrx_word' id='word_1_575' title='bbox 1984 2803 2109 2832; x_wconf 83' lang='lat' dir='ltr'>hebraica</span> 
     </span>
     <span class='ocr_line' id='line_1_55' title="bbox 433 2845 1582 2885; baseline 0.003 -12"><span class='ocrx_word' id='word_1_576' title='bbox 433 2845 480 2874; x_wconf 88' lang='lat' dir='ltr'>sed</span> <span class='ocrx_word' id='word_1_577' title='bbox 501 2849 766 2883; x_wconf 73' lang='lat' dir='ltr'>septuagintaviralis</span> <span class='ocrx_word' id='word_1_578' title='bbox 787 2849 873 2877; x_wconf 82' lang='lat' dir='ltr'>Oseae</span> <span class='ocrx_word' id='word_1_579' title='bbox 894 2849 976 2877; x_wconf 81' lang='lat' dir='ltr'>lectio</span> <span class='ocrx_word' id='word_1_580' title='bbox 999 2849 1143 2883; x_wconf 83' lang='lat' dir='ltr'>recitatur,</span> <span class='ocrx_word' id='word_1_581' title='bbox 1163 2848 1197 2876; x_wconf 87' lang='lat' dir='ltr'>de</span> <span class='ocrx_word' id='word_1_582' title='bbox 1218 2857 1271 2884; x_wconf 87' lang='lat' dir='ltr'>qua</span> <span class='ocrx_word' id='word_1_583' title='bbox 1291 2850 1380 2878; x_wconf 85' lang='lat' dir='ltr'>recole</span> <span class='ocrx_word' id='word_1_584' title='bbox 1402 2854 1473 2877; x_wconf 84' lang='lat' dir='ltr'>retro</span> <span class='ocrx_word' id='word_1_585' title='bbox 1493 2859 1519 2885; x_wconf 92' lang='lat' dir='ltr'>p.</span> <span class='ocrx_word' id='word_1_586' title='bbox 1540 2853 1582 2877; x_wconf 76' lang='lat'>54.</span> 
     </span>
    </p>
   </div>
  </div>
 </body>
</html>
