2205 3177
607 140 638 162 ix
665 139 846 162 EPISTOLAM
873 140 895 160 1.
925 138 967 160 AD
994 138 1184 160 coaiNTnios
1211 138 1282 160 mr.
1313 137 1370 158 xv.
1791 124 1835 156 ⁷¹49

146 218 222 240 mus
243 206 276 239 in
295 204 449 243 Christo,
468 204 526 249 qui
548 204 693 237 traditus
719 211 767 237 est
788 209 930 249 propter
950 202 1074 236 delicta
1095 209 1209 236 nostra
1223 228 1231 241 ‚
1253 208 1283 236 et
1307 200 1557 235 iustificationis
1578 205 1713 232 nostrae
1734 210 1833 232 causa

149 263 332 297 resurrexit
354 262 377 295 “.
406 276 420 292 »

580 327 664 356 Ergo
681 329 712 349 et
729 327 783 353 qui
800 325 998 348 dormierunt
1016 325 1049 346 in
1068 324 1212 351 Christo,
1229 325 1404 351 periei-unt.

242 378 381 423 Decepti
409 376 510 410 fuisse
539 377 716 413 xidentur,
737 382 769 408 et
796 373 925 419 absque
954 374 1108 418 praemio
1135 374 1284 407 animam
1310 384 1407 406 suam
1427 372 1680 418 profuderunt,
1702 373 1726 404 si
1748 372 1836 405 sorte

144 435 298 468 Christus
324 446 393 467 non
420 435 618 467 resurrexit.
649 434 679 466 Si
706 444 783 477 spes
813 432 983 464 iustorum
1016 431 1272 463 immortalitate
1300 442 1369 463 non
1397 429 1568 468 abundat,
1598 431 1624 462 si
1652 441 1730 462 cum
1761 430 1834 475 ipse

144 504 289 537 regnare
316 503 385 525 non
413 498 615 537 expectant,
643 491 783 523 sortasse
809 489 950 534 periisse
977 487 1151 521 xidentur.
1181 488 1298 532 Apage
1326 488 1508 532 pessimam
1535 487 1622 520 lianc
1648 487 1833 525 ins‹·itiam;

145 556 324 595 resurgent
352 552 441 583 enim
469 550 617 588 mortui,
639 554 669 581 et
697 546 954 580 suscitabuntur
980 546 1038 590 qui
1067 546 1101 578 in
1127 546 1360 578 monumentis
1387 546 1515 583 iacent,
1537 544 1727 578 secundum
1754 556 1837 589 pro-

145 607 268 652 phetae
295 607 427 640 dictum
449 607 471 639 '.

316 672 404 695 xum·
422 674 527 695 autem
543 670 680 693 suri-exit
697 669 842 692 Chi-istus
859 676 876 691 n
894 669 1044 695 mortuis,
1060 668 1223 695 primitiae
1240 667 1466 688 dormientium
1485 667 1586 688 factus
1604 670 1660 689 ost.

240 721 398 755 Admittit
426 720 551 754 deinde
572 720 619 752 uti
640 718 841 755 indubium.
863 718 1005 751 credere
1032 724 1195 763 oportere
1220 716 1392 750 Christum
1416 716 1594 753 revixisse,
1616 715 1743 750 factum
1764 729 1836 750 esse

143 779 391 813 dormientium
419 778 691 812 inchoationem.
716 777 937 821 primumque
964 782 1112 808 mortem
1141 776 1175 807 in
1201 773 1287 807 orbe
1314 773 1477 807 calcasse:
1500 774 1599 806 sicuti
1625 775 1727 807 etiam
1755 786 1837 819 pro—

143 838 279 882 genitor
304 836 415 870 Adam
442 836 574 881 primus
601 835 633 867 in
662 836 770 880 ipsam
798 833 937 872 incidit,
962 833 1139 877 factusque
1166 838 1215 865 est
1242 832 1420 877 lapsorum
1447 831 1621 864 inchoatio
1648 831 1690 864 ad
1718 843 1839 865 corru-

143 896 311 941 ptionem.
341 893 441 934 Quod
468 899 582 926 autem
606 893 797 926 Serx'atoris
823 892 932 925 nostri
960 891 1251 924 resurrectionem
1278 889 1337 922 illa
1364 895 1585 922 mortuorum
1613 887 1838 922 subsecutura

142 953 201 988 sit.
231 951 325 985 addit
353 950 488 984 dicens:
519 964 534 981 «
560 951 646 983 sicut
673 951 764 983 enim
792 961 854 995 per
880 949 1060 983 hominem
1087 960 1204 984 mors,
1233 958 1296 993 per
1323 946 1501 979 hominem
1528 957 1667 991 quoque
1694 947 1756 979 erit
1784 958 1839 979 re-

142 1009 310 1042 surrectio
336 1014 569 1041 mortuorum.
597 1022 611 1037 »
636 1006 766 1040 videsis
789 1013 903 1039 autem
929 1005 1109 1051 quomodo
1136 1016 1255 1038 rursus
1281 1004 1527 1038 incarnationis
1554 1004 1759 1048 mysterium
1785 1003 1838 1036 di-

141 1068 219 1100 vina
240 1067 382 1112 plenum
403 1066 587 1111 prudentia
609 1066 835 1099 demonstrat.
860 1063 1070 1110 Oportebat,
1092 1064 1219 1108 inquit,
1246 1074 1390 1108 prorsus
1410 1061 1612 1107 oportebat,
1634 1061 1676 1095 ab
1697 1062 1838 1095 homine

142 1136 207 1170 pro
227 1123 326 1158 nobis
346 1130 495 1157 mortem
514 1124 615 1156 x‘inci.
646 1124 742 1157 Hanc
762 1122 808 1157 01)
828 1134 964 1156 causam
984 1123 1075 1155 Deus
1095 1120 1248 1154 Verbum
1269 1120 1312 1154 de
1331 1121 1404 1153 Deo
1425 1126 1563 1157 natum,
1586 1130 1756 1164 nusquam
1776 1131 1836 1152 an-

140 1182 256 1227 gelos,
285 1187 323 1214 ut
350 1182 392 1214 ait
420 1181 514 1214 idem
539 1180 663 1213 Paulus
691 1180 721 1217 “,
751 1179 811 1213 sed
838 1179 1025 1213 Abrahami
1053 1190 1169 1212 semen
1197 1177 1443 1224 apprehendit,
1470 1184 1505 1210 ut
1535 1189 1596 1222 per
1623 1177 1739 1210 onmia
1764 1177 1835 1210 fra-

142 1238 251 1272 tribus
277 1239 498 1272 similaretur.
529 1238 721 1283 Oportebat
746 1238 855 1274 enim,
886 1244 921 1270 ut
949 1239 1014 1270 iam
1042 1236 1131 1272 (lixi.
1160 1247 1280 1269 sanare
1307 1247 1472 1280 aegrum,
1502 1235 1656 1268 relevare
1684 1235 1830 1280 lapsum.

142 1296 331 1342 Oportebat
360 1303 508 1330 mortem
536 1297 723 1341 expugnari
752 1306 813 1341 per
839 1294 1072 1328 obedientiam
1100 1300 1201 1338 atque
1228 1294 1411 1331 iustitiam,
1433 1293 1476 1326 ab
1502 1306 1543 1326 eo
1568 1294 1626 1338 qni
1653 1292 1717 1326 sub
1744 1293 1836 1325 illius

141 1360 344 1400 potestatem
364 1354 531 1387 ceciderat
552 1353 598 1387 01)
619 1354 925 1397 transgressionem
946 1358 1047 1396 atque
1067 1357 1258 1396 peccatum.
1283 1350 1417 1384 Idcirco
1437 1351 1653 1395 unigenitum
1672 1351 1732 1383 Dei
1751 1351 1836 1384 Ver-

141 1411 225 1445 bum
252 1417 430 1457 peccatum
450 1411 604 1443 nesciens
631 1410 758 1442 factum
785 1415 833 1442 est
861 1409 988 1446 homo;
1010 1415 1047 1441 ut
1071 1405 1371 1452 quemadmodum
1392 1409 1425 1440 in
1446 1407 1580 1441 Adamo
1600 1419 1720 1441 omnes
1739 1407 1836 1440 dam-

140 1469 209 1502 nati
237 1468 382 1506 fuimus,
404 1466 542 1501 redacta
562 1465 626 1500 suh
646 1467 768 1499 mortis
786 1466 952 1499 ditionem
974 1466 1124 1499 humana
1152 1472 1292 1504 natura,
1315 1466 1360 1498 ita
1380 1471 1414 1498 et
1437 1465 1608 1499 iustificati
1626 1465 1659 1498 in
1680 1465 1832 1503 Christo,

139 1536 303 1559 exuamus
329 1536 395 1558 una
423 1536 501 1557 cum
527 1530 668 1569 peccato
694 1530 890 1569 generatam
917 1522 960 1556 ab
987 1524 1053 1557 hoc
1082 1530 1245 1557 mortem.
1275 1523 1378 1556 Cuius
1404 1524 1453 1556 rei
1480 1523 1572 1556 testis
1592 1523 1665 1568 ipse
1691 1523 1755 1555 erit
1782 1522 1834 1555 his

138 1582 253 1616 verbis
280 1582 379 1616 divus
406 1582 530 1615 Paulus
550 1582 580 1614 ’:
606 1595 621 1611 «
642 1582 727 1614 sicut
749 1593 810 1626 per
837 1582 939 1615 unius
965 1581 1115 1614 hominis
1143 1580 1414 1614 inobedientiam
1441 1587 1637 1625 peccatores
1657 1581 1831 1614 constituti

138 1647 218 1674 sunt
237 1640 349 1673 multi.
372 1654 386 1671 »
405 1641 523 1685 Itaque
542 1640 627 1672 sieut
650 1639 684 1671 in
704 1638 838 1672 Adamo
858 1650 979 1672 omnes
998 1639 1216 1677 moriuntur,
1239 1638 1417 1677 damnata,
1439 1644 1474 1671 ut
1496 1638 1583 1677 dixi,
1604 1639 1638 1671 in
1658 1639 1732 1683 ipso
1752 1650 1833 1683 pro-

138 1705 215 1744 pter
241 1698 549 1743 transgressionem
568 1703 707 1734 natura:
727 1697 773 1730 sic
794 1697 828 1729 in
847 1697 981 1730 Christo
1000 1696 1286 1734 vivificabuntur,
1311 1695 1492 1729 benedicta
1521 1696 1636 1729 denuo
1656 1697 1690 1728 in
1710 1707 1752 1729 eo
1773 1707 1834 1729 na-

139 1763 232 1795 tura,
255 1755 375 1789 eadem
397 1756 530 1788 ratione
550 1766 611 1800 per
630 1754 920 1788 iustificatione-m.
947 1755 1034 1799 Ergo
1057 1755 1175 1799 priora
1196 1753 1446 1799 posterioribus
1465 1753 1666 1787 solvuntur:
1689 1753 1834 1787 traditus

138 1820 188 1846 est
214 1813 307 1847 enim
333 1812 379 1846 ob
400 1819 537 1857 peccata
558 1819 691 1849 nostra,
714 1812 903 1845 resurrexit
923 1811 969 1844 ol)
989 1811 1207 1845 efficiendam
1226 1818 1381 1845 nostram
1402 1811 1694 1845 iustificationem.
1724 1812 1834 1844 Susci—

139 1877 208 1905 tato
235 1871 348 1914 itaque
375 1870 517 1903 comites
544 1870 621 1903 facti
647 1881 764 1903 sumus
791 1881 853 1902 nos
879 1881 1018 1915 quoque
1045 1869 1308 1902 resurrectionis
1334 1870 1423 1902 eius:
1446 1875 1495 1902 est
1519 1870 1610 1902 enim
1630 1868 1834 1902 naturaliter

139 1929 207 1962 vita
225 1928 379 1961 Verbum
399 1927 442 1961 de
464 1929 534 1961 Deo
561 1934 692 1961 natum.
723 1929 841 1972 Neque
867 1938 951 1960 vero
978 1927 1141 1972 propriae
1160 1933 1295 1961 tantum
1315 1928 1408 1961 carni
1430 1927 1561 1960 bonum
1583 1934 1725 1960 naturae
1752 1938 1832 1960 suae

140 1987 331 2032 impertitus
349 1992 398 2019 est
418 1985 590 2023 Christus,
613 1986 717 2018 vitam
744 1986 883 2030 inquam
897 2011 904 2023 ‚
927 1985 986 2019 sed
1013 1985 1106 2019 idem
1126 1985 1169 2019 ad
1189 1986 1386 2019 universam
1413 1985 1563 2019 hominis
1589 1991 1748 2019 naturam
1768 1983 1833 2018 bo-

139 2055 223 2078 num
243 2043 408 2078 extendit.
431 2044 581 2077 Surrexit
604 2044 695 2076 enim
722 2044 794 2077 sine
819 2042 928 2077 dubio
951 2054 1012 2076 ceu
1037 2043 1210 2077 inchoatio
1236 2043 1407 2080 Christus,
1430 2049 1466 2076 ut
1491 2044 1524 2076 in
1549 2044 1678 2076 cunetis
1705 2043 1833 2088 prima-

138 2108 212 2135 tum
231 2096 401 2139 obtineat,
424 2106 527 2146 prout
547 2101 714 2146 scriptum
735 2106 803 2133 est:
829 2106 1058 2145 consequetur
1077 2106 1192 2134 autem
1213 2107 1369 2146 tempore
1395 2113 1458 2134 suo
1478 2106 1674 2134 ceterorum
1693 2110 1832 2144 quoque

139 2160 361 2197 resurrectio;
382 2165 621 2193 xerumtamen
643 2159 690 2192 uti
711 2170 774 2204 par
792 2165 859 2197 est,
878 2170 948 2192 non
968 2158 1126 2196 confuse,
1149 2158 1208 2192 sed
1229 2158 1354 2192 decore
1374 2165 1476 2204 atque
1495 2159 1670 2197 distincte,
1692 2165 1723 2191 et
1743 2164 1830 2191 tam-

138 2229 241 2262 quam
260 2230 300 2251 ex
319 2217 495 2250 mandato.
525 2218 660 2250 Etenim
681 2223 757 2262 post
778 2217 1033 2250 inchoationem
1046 2243 1053 2255 ‚
1075 2216 1108 2249 id
1128 2222 1177 2251 est
1197 2217 1388 2255 Christum,
1411 2216 1489 2250 illos
1507 2218 1567 2261 qui
1588 2216 1630 2250 ad
1651 2227 1730 2249 eum
1751 2227 1830 2260 pcr-

141 2276 266 2313 tinent‚
297 2281 553 2308 resurrecturos
579 2275 677 2322 dicit:
699 2274 786 2308 'illos
812 2275 972 2308 videlicet
997 2275 1055 2319 qui
1084 2281 1241 2320 tempore
1267 2274 1436 2308 adventus
1462 2275 1534 2308 eius
1560 2274 1765 2308 extiterunt.
1797 2272 1829 2304 id

140 2339 188 2367 est
209 2339 286 2378 post
312 2333 606 2368 incarnationem,
628 2338 660 2366 et
679 2334 737 2377 qui
759 2333 792 2366 in
813 2332 881 2366 fide
899 2332 1006 2366 veluti
1024 2332 1254 2366 dormierunt.
1284 2333 1362 2366 Sine
1385 2331 1492 2365 dubio
1512 2331 1670 2365 nonnulli
1692 2330 1829 2363 suerunt

139 2390 244 2423 sancti
264 2390 421 2423 homines
440 2401 502 2434 per
520 2396 678 2435 tempora
696 2391 732 2423 in
756 2390 922 2427 lsrahele,
944 2402 1023 2423 cum
1048 2391 1117 2424 vita
1136 2390 1327 2424 secundum
1346 2390 1458 2435 legem
1478 2395 1549 2422 acta
1570 2388 1682 2421 adhuc
1708 2387 1829 2421 lauda-

138 2447 256 2482 batur.
279 2454 312 2480 et
332 2448 365 2480 in
384 2458 482 2480 more
501 2453 590 2485 erat;
615 2448 675 2481 sed
696 2454 811 2482 tamen
830 2448 992 2481 meliores
1011 2448 1192 2481 Christiani
1211 2454 1308 2486 sunt,
1329 2449 1408 2492 quia
1434 2458 1495 2492 per
1518 2446 1621 2479 iidem
1641 2444 1831 2479 iustifican-

139 2511 212 2541 tur,
233 2505 436 2549 divinaeque
464 2511 604 2538 naturae
631 2505 708 2539 facti
728 2512 806 2539 sunt
826 2506 1025 2551 participes,
1048 2511 1081 2539 et
1107 2506 1303 2551 adoptionis
1326 2506 1484 2550 spiritum
1506 2504 1695 2537 consecuti:
1718 2503 1829 2536 vocati

137 2565 277 2609 insuper
302 2574 364 2608 per
390 2563 534 2608 gratiam
562 2562 603 2595 ad
631 2562 880 2597 fraternitatem
907 2565 979 2597 eius
1005 2564 1062 2609 qui
1091 2563 1293 2597 naturaliter
1315 2574 1465 2608 vereque
1490 2562 1579 2594 iilius
1606 2566 1667 2594 cst.
1698 2562 1737 2594 Et
1763 2560 1828 2594 suh

138 2621 210 2666 lege
236 2620 377 2665 quidem
404 2619 609 2664 degentibus
635 2621 773 2666 spiritus
799 2622 909 2655 inerat
935 2622 1129 2659 serxitutis3
1156 2632 1218 2654 nos
1245 2626 1359 2653 autem
1385 2620 1573 2652 clamamus
1599 2617 1688 2652 abba
1715 2624 1825 2664 pater.

135 2681 226 2724 Ergo
253 2678 431 2714 meliores,
454 2684 491 2711 ut
517 2677 586 2711 dixi
613 2678 866 2722 antiquioribus
884 2679 1058 2713 christiani
1078 2685 1177 2712 sunt:
1197 2689 1304 2722 quare
1323 2683 1354 2710 et
1376 2677 1439 2710 hos
1459 2677 1590 2722 primos
1615 2682 1828 2710 resurrectu-

135 2749 192 2770 ros
218 2736 318 2771 dicit.
342 2742 461 2781 utpote
487 2736 546 2781 qui
572 2736 727 2769 omnium
755 2737 917 2782 principis
943 2738 1084 2781 x‘estigia
1111 2741 1323 2780 sequuntur,
1346 2736 1399 2768 cui
1427 2746 1509 2780 prae
1536 2736 1655 2768 ceteris
1681 2736 1826 2781 propin-

134 2797 272 2840 quiores
292 2802 387 2830 sunt.
410 2795 557 2839 ideoque
576 2801 605 2828 et
627 2806 709 2840 prae
730 2795 851 2829 ceteris
869 2795 1042 2829 honorati.
1076 2795 1185 2828 lnnuit
1207 2804 1291 2827 vero
1309 2793 1476 2839 quiddam
1504 2793 1703 2827 huiusmodi
1722 2795 1825 2828 etiam

1695 2864 1709 2886 7

1876 266 1881 270 ⁷
1899 262 1963 283 Rom.
1983 263 2018 283 tv.
2036 267 2060 284 23

1874 326 1929 345 (TW.
1945 325 1994 345 XV.
2013 328 2034 345 ts

1875 614 1880 620 “
1899 612 1925 631 ts.
1943 611 2021 632 xxtt.
2040 616 2044 632 ι

1873 670 1894 683 1Δ
1912 668 1943 684 ευ.

1874 693 1911 710 m,
1924 699 1949 716 μ,

1874 1195 1881 1203 ’
1899 1191 1969 1214 uetur.
1985 1192 2013 1214 Π.
2030 1195 2059 1214 ιι)Δ

1875 1595 1880 1601 ·
1898 1592 1962 1613 Rom.
1980 1592 2005 1611 Υ.
2028 1595 2057 1611 ιε’.

1869 2228 1907 2248 (ἰν.
1922 2233 1945 2253 p.
1961 2230 1993 2248 ΤἼ.
