2205 3177
674 172 706 195 m
731 171 914 194 Brisa-onam
939 169 982 192 An
1009 160 1161 193 nonnos
1187 170 1259 193 eAr.
1288 170 1349 192 vn.
1820 160 1859 192 15

167 239 270 274 talem
290 248 363 272 esse
383 236 495 282 legem
509 262 517 275 ,
539 237 673 270 incusat
690 247 775 270 vero
797 233 948 269 hominis
970 238 1131 267 naturam
1150 245 1239 279 quae
1258 235 1387 280 peccati
1407 232 1534 268 morbo
1556 233 1659 268 valde
1679 239 1729 268 est
1748 232 1861 268 ohno-

166 297 233 330 xia.
263 294 330 329 Sed
349 300 383 328 et
407 293 639 340 comprobare
661 294 801 330 nititur,
822 292 902 337 quia
922 290 977 324 lex
1000 291 1042 323 sit
1068 291 1251 336 spiritalis,
1272 303 1348 326 eam
1371 291 1502 326 idcirco
1520 292 1694 326 humanae
1718 297 1861 326 naturae

167 352 242 387 fieri
262 352 515 398 gravissimam.
538 352 628 393 Quid
648 352 758 389 enim,
779 349 836 383 dic
853 348 957 385 mihi,
980 348 1043 387 ait,
1065 349 1091 381 si
1112 348 1172 382 lex'
1191 350 1311 394 utique
1330 356 1380 383 est
1399 349 1581 395 spiritalis,
1601 352 1671 395 *ego
1691 361 1776 383 vero
1795 360 1863 382 car-

166 411 271 449 nalis,
294 410 329 444 id
349 416 401 444 est
424 411 536 444 carnis
562 408 741 443 affectibus
766 413 858 441 totus
879 406 1091 452 oppressus?
1115 406 1243 445 Viden,
1264 413 1429 452 quantam
1456 408 1491 441 in
1515 407 1618 441 nobis
1640 407 1861 441 voluntatum

167 479 319 514 pugnam
346 468 440 502 dicto
459 479 523 502 suo
549 465 788 501 demonstrat?
806 464 882 498 Alia
909 470 961 498 est
986 464 1079 497 enim
1102 464 1265 498 voluntas
1291 466 1452 510 spiritus,
1475 466 1540 500 alia
1560 466 1765 512 intelligitur
1790 478 1862 500 car-

167 526 237 559 nis:
259 525 324 559 hae
351 531 507 571 pugnant
529 524 688 558 videlicet
712 523 802 556 inter
825 533 881 560 se,
903 527 935 556 et
961 522 996 555 in
1024 521 1249 555 concordiam
1274 534 1465 567 numquam
1490 524 1690 569 conspirare
1714 530 1859 569 queunt.

168 584 201 617 Si
227 595 312 629 ergo
331 575 478 618 carnalis
500 583 542 617 sit
561 583 687 619 homo,
709 580 765 614 lex
788 586 904 614 autem
931 579 1113 625 spiritalis,
1138 579 1320 624 quomodo
1338 580 1423 614 haec
1444 580 1635 615 tolerabilis
1657 581 1715 615 fiet
1735 582 1788 615 his
1805 584 1865 627 qui

168 648 350 688 tantopere
376 642 506 688 peccati
530 639 657 674 morho
684 637 868 673 laborant?
892 640 934 672 Et
960 639 1134 684 sapienter
1155 638 1300 684 quidem
1325 638 1361 672 id
1386 638 1533 672 dicitur:
1559 650 1639 673 nam
1666 640 1692 673 si
1719 640 1866 674 carnalis

168 706 236 738 est,
258 701 464 746 intelligitur
491 699 646 744 captivus
670 697 936 743 quodammodo
961 702 996 730 ct
1020 698 1056 730 in
1083 697 1198 730 servili
1225 695 1349 730 ordine
1375 697 1594 730 constitutus.

722 764 813 791 (huod
831 765 916 787 enim
932 770 1060 791 operor,
1076 770 1139 786 non
1155 770 1313 793 cognosco.

260 817 484 853 Arbitrantur
510 816 654 849 fortasse
680 815 786 849 rudes
812 814 974 860 quidam,
996 813 1087 848 velle
1104 814 1251 848 Paulum
1276 814 1497 848 ethnicorum
1524 811 1679 847 fabulam
1705 812 1781 846 heic
1799 818 1865 845 sta-

170 876 288 915 bilire,
309 886 414 921 quam
440 875 557 908 nescio
577 874 670 907 unde
697 873 893 919 producere
919 874 954 906 in
975 872 1130 906 medium
1150 872 1200 906 illi
1228 871 1433 909 didicerint,
1456 871 1592 917 decepti
1619 871 1722 904 simul
1744 876 1778 904 et
1803 870 1864 903 de-

168 935 345 980 cipientes.
367 934 490 966 Fatum
516 933 609 965 enim
634 931 814 977 quoddam
841 938 943 977 atque
969 930 1146 964 fortunam
1172 930 1215 964 ad
1239 941 1340 964 suum
1367 929 1507 963 libitum
1535 928 1773 974 confingentes
1796 928 1863 973 (1),

169 991 294 1025 deinde
314 991 412 1024 vanis
429 990 483 1024 his
501 990 695 1024 simulacris
708 995 914 1036 potestatem
930 990 965 1022 in
985 989 1136 1022 actiones
1155 995 1290 1022 nostras
1304 987 1561 1026 adtribuentes,
1579 987 1758 1021 hominem
1774 997 1868 1031 prae-

168 1050 271 1095 cipuo
297 1060 360 1082 suo
386 1048 513 1082 decore
538 1048 705 1095 spoliant,
734 1048 770 1081 id
790 1054 841 1081 est
866 1047 1056 1092 quominus
1082 1046 1192 1080 libere
1218 1047 1327 1085 vivat,
1349 1045 1621 1091 absolutumque
1645 1051 1680 1078 et
1704 1044 1867 1077 volunta-

168 1108 259 1141 rium
286 1106 469 1141 arbitrium
493 1106 619 1140 habeat
642 1105 876 1152 gerendarum
895 1117 980 1151 quas
1000 1105 1150 1139 voluerit
1172 1116 1304 1138 rerum.
1329 1105 1487 1138 lamvero
1508 1103 1707 1137 necessitate
1728 1102 1867 1146 suisque

169 1165 338 1199 doctrinis
356 1176 394 1198 ac
412 1165 589 1198 sententiis
607 1170 740 1197 mentes
760 1164 941 1197 hominum
961 1162 1172 1197 abducentes
1184 1189 1192 1201 ,
1212 1174 1283 1196 non
1304 1161 1529 1196 mediocriter
1546 1166 1672 1195 nocent
1691 1159 1867 1193 communi

171 1223 273 1256 vitae.
295 1223 383 1256 Nam
403 1223 429 1255 si
448 1222 542 1266 quis,
564 1228 668 1267 prout
687 1222 751 1267 ipsi
772 1221 916 1259 docent,
939 1221 983 1254 ad
1004 1221 1135 1254 inlicita
1156 1219 1387 1266 perpetranda
1407 1219 1648 1265 adgrediatur,
1668 1229 1777 1263 quum
1797 1228 1867 1250 non

172 1281 279 1326 possit
295 1306 302 1317 ,
330 1280 463 1314 etiamsi
490 1279 580 1313 forte
605 1279 709 1318 xelit,
739 1279 798 1313 fati
825 1285 948 1312 nutum
975 1278 1171 1317 declinare,
1199 1289 1304 1312 nemo
1331 1279 1467 1323 sapiens
1493 1277 1585 1310 hunc
1610 1276 1865 1322 reprehendet,

171 1338 303 1372 etiamsi
321 1339 474 1383 'peccare
499 1332 673 1370 cernatur,
702 1338 790 1370 Nam
815 1336 909 1381 quod
930 1337 1124 1369 necessario
1148 1342 1181 1369 et
1207 1342 1346 1381 praeter
1363 1336 1581 1369 voluntatem
1600 1336 1653 1380 agi
1671 1333 1809 1369 debuit.
1831 1333 1868 1367 id

171 1396 198 1429 si
217 1396 390 1440 quispiam
417 1401 569 1440 patrasse
587 1393 892 1439 deprehendatur,
914 1393 1010 1427 omni
1029 1393 1131 1439 culpa
1151 1404 1333 1439 poenaque
1354 1392 1502 1426 carebit:
1526 1399 1646 1427 contra
1664 1403 1749 1426 vero
1767 1402 1870 1425 nemo

171 1451 424 1486 rationabiliter
447 1451 543 1496 pium
563 1450 741 1484 hominem
766 1450 1022 1496 honestumque
1041 1450 1210 1485 laudabit.
1240 1451 1308 1484 Cur
1327 1452 1420 1485 enim
1440 1462 1653 1497 magnopere
1675 1450 1870 1485 laudandus

148 1530 151 1534 ·
170 1510 229 1549 sit,
253 1510 279 1543 si
306 1509 383 1543 talis
400 1508 495 1543 haud
515 1520 576 1542 sua
597 1508 776 1542 voluntate
796 1509 964 1548 extiterit,
987 1509 1047 1542 sed
1066 1509 1180 1543 alieno
1207 1515 1294 1542 nutu
1320 1509 1540 1555 compulsus,
1562 1509 1671 1542 immo
1696 1510 1800 1542 etiam
1825 1509 1871 1542 in-

170 1567 360 1613 superabili
387 1566 546 1601 fortunae
573 1567 774 1600 necessitate
797 1566 958 1601 coactus?
984 1565 1242 1601 Absurdissimc
1268 1568 1384 1612 itaque
1410 1567 1602 1605 diceretur,
1632 1567 1871 1601 doctrinarum

170 1626 383 1672 optimarum
411 1625 632 1671 magistrum,
657 1624 877 1659 ethnicorum
904 1625 1096 1671 praestigiis
1120 1624 1224 1659 fuisse
1250 1624 1412 1663 illusnm3
1437 1625 1491 1659 vel
1518 1624 1663 1659 illorum
1690 1624 1871 1659 stultitiam

171 1685 285 1729 sequi,
307 1684 368 1729 qui
393 1683 595 1717 divinorum
620 1683 868 1728 mysteriorum
894 1689 1009 1717 custos
1035 1689 1108 1723 est;
1130 1694 1256 1729 nempe
1283 1694 1362 1717 cum
1391 1683 1493 1717 dicit:
1522 1683 1619 1729 quod
1643 1694 1774 1729 operor
1800 1695 1871 1717 non

171 1753 363 1787 cognosco;
392 1752 464 1775 non
484 1741 577 1775 enim
601 1741 698 1786 quod
723 1741 806 1775 volo
827 1740 914 1775 facio
927 1767 935 1780 ,
964 1740 1025 1775 sed
1046 1741 1142 1787 quod
1167 1741 1226 1775 odi
1246 1753 1323 1787 ago.
1353 1742 1425 1775 lam
1444 1752 1529 1775 vero
1548 1742 1576 1775 si
1593 1742 1671 1787 quis
1695 1742 1872 1775 mordicus

173 1799 380 1837 contendat,
409 1799 578 1844 malitque
596 1798 737 1832 credere
757 1798 865 1832 fatum
884 1805 986 1845 atque
1012 1799 1189 1833 fortunam
1209 1806 1410 1833 nostrorum
1430 1805 1569 1834 actuum
1589 1806 1796 1845 potestatem
1816 1800 1873 1833 ha-

174 1855 274 1894 bere,
304 1868 366 1890 cur
391 1867 462 1889 non
487 1857 563 1890 iure
587 1856 731 1890 Paulum
755 1857 985 1902 interrogaret
1011 1857 1147 1891 dicens:
1178 1859 1204 1893 si
1231 1857 1328 1891 duris
1349 1856 1598 1903 indomitisque
1620 1869 1738 1891 rernm
1757 1869 1874 1903 geren-

175 1913 301 1946 darum
328 1919 385 1947 aut
412 1924 482 1947 non
508 1913 741 1959 gerendarum
766 1914 1025 1948 neccssitatibns
1051 1915 1254 1961 alligamur,
1283 1927 1346 1949 nec
1372 1915 1569 1949 dominium
1594 1916 1703 1949 nostri
1731 1927 1874 1961 prorsus

175 1978 350 2008 tenemus.
378 1970 437 2004 sed
463 1970 538 2004 aliis
562 1972 677 2017 potius
704 1971 989 2017 praepotentibus
1008 1972 1182 2012 cedimus,
1212 1964 1399 2019 coactaque
1421 1974 1589 2008 sententia
1610 1974 1759 2009 utimur:
1787 1984 1873 2018 quo—

177 2027 285 2062 modo
308 2028 410 2062 nobis
433 2029 508 2074 ipse
529 2030 711 2074 scripsisti:
740 2041 783 2063 an
805 2030 987 2075 ignoratis,
1018 2031 1159 2071 fratres,
1191 2031 1379 2065 scientibus
1405 2032 1497 2065 enim
1518 2032 1630 2077 legem
1650 2031 1796 2076 loquor,
1826 2032 1873 2064 le—

176 2097 255 2131 gem
282 2086 414 2120 homini
439 2087 612 2133 imperare
638 2088 803 2132 quamdiu
831 2089 940 2122 vivit?
967 2089 1172 2123 Dominatur
1199 2102 1282 2135 ergo
1300 2089 1565 2135 quodammodo
1584 2089 1780 2123 viventibus
1800 2090 1871 2127 lex,

176 2144 406 2179 morientibus
432 2157 517 2180 xero
546 2145 583 2179 fit
614 2157 728 2185 cassa,
759 2145 886 2192 quibus
913 2158 1105 2193 numquam
1133 2154 1259 2182 statuta
1289 2142 1352 2182 fuit
1369 2175 1377 2187 ,
1407 2148 1468 2182 sed
1495 2148 1564 2182 illis
1592 2155 1726 2182 tantum
1753 2150 1811 2194 qni
1839 2149 1873 2181 in

178 2214 326 2248 corpore
350 2204 487 2255 vixjunt:
517 2210 618 2249 atque
643 2216 684 2238 ex
709 2204 778 2243 his,
807 2211 899 2239 recte
923 2205 1065 2250 quidem
1093 2212 1232 2251 agentes
1260 2207 1436 2252 praemio,
1464 2206 1648 2252 improbos
1678 2218 1788 2252 poena
1817 2206 1875 2239 adn

178 2260 262 2294 ficit,
291 2262 468 2295 Praeterea
493 2273 642 2307 quanam
665 2263 836 2308 aequitate
855 2263 940 2309 legis
965 2263 1056 2297 lator
1079 2276 1139 2298 eos
1163 2264 1371 2298 iudicialiter
1393 2265 1531 2310 puniret
1559 2266 1618 2310 qni
1639 2264 1732 2298 haud
1751 2269 1874 2309 sponte

178 2319 323 2352 crimina
342 2318 401 2352 sed
420 2318 557 2353 fortuna
577 2326 722 2365 cogente
741 2321 1023 2355 committerent?
1042 2322 1102 2355 Vcl
1129 2323 1243 2368 potius
1262 2334 1324 2355 cur
1342 2323 1487 2356 omnino
1511 2322 1622 2368 legem
1641 2321 1874 2355 condidisset?

179 2377 336 2422 Namque
363 2377 402 2409 iis
428 2388 509 2410 sane
534 2376 661 2422 quibus
688 2383 738 2412 est
764 2378 908 2412 facultas
935 2379 1101 2425 quicquid
1128 2378 1267 2414 libuerit
1297 2391 1421 2425 agere,
1450 2380 1576 2413 iustam
1604 2379 1658 2413 lex
1685 2378 1875 2412 vindictam

179 2434 351 2472 decernit,
373 2435 399 2467 si
426 2445 505 2467 cum
530 2441 668 2479 possent
694 2436 795 2470 rectis
821 2435 987 2483 operibus
1014 2437 1195 2471 advertere
1216 2443 1386 2475 mentem,
1412 2438 1527 2483 turpia
1552 2437 1767 2473 maluerunt.
1791 2438 1875 2470 veti-

180 2499 302 2537 tosque
329 2503 347 2526 a
373 2491 448 2537 lege
476 2497 570 2526 actus
595 2504 674 2526 cum
698 2493 876 2528 honestate
895 2501 1170 2529 commutarunt:
1192 2507 1316 2530 verum
1341 2496 1520 2529 enimvero
1540 2495 1593 2528 his
1610 2493 1738 2539 quibus
1756 2495 1874 2539 iugum

181 2551 390 2584 necessitatis
416 2551 617 2596 impositum
643 2552 703 2589 sit,
731 2559 765 2586 et
790 2553 848 2597 qui
875 2553 1100 2587 dominorum
1128 2553 1273 2588 arbitrio
1297 2555 1597 2598 circumaguntur,
1619 2553 1787 2587 inutiliter
1812 2554 1877 2587 exi-

181 2609 284 2643 stimo
302 2610 355 2642 ius
374 2609 549 2643 constitui.
572 2610 727 2655 Denique
745 2610 829 2654 quid
848 2611 882 2644 ni
907 2623 987 2645 vere
1007 2611 1199 2651 diceretur,
1222 2624 1264 2646 ne
1284 2614 1398 2658 ipsum
1422 2611 1564 2657 quidem
1583 2612 1790 2644 omniscium
1810 2623 1876 2645 nu-

180 2678 261 2701 men
286 2667 404 2713 iugum
432 2665 534 2701 nobis
553 2666 655 2700 fuisse
682 2667 766 2713 legis
788 2669 1053 2714 impositurum,
1075 2681 1163 2715 quae
1188 2668 1253 2703 sibi
1279 2669 1405 2714 placita
1426 2669 1501 2703 iure
1520 2669 1715 2714 meritoque
1734 2668 1873 2707 definit,

181 2731 283 2770 atque
302 2724 346 2759 ad
366 2724 449 2759 utile
469 2723 624 2759 officium
642 2724 778 2770 dirigit,
800 2726 827 2759 si
847 2726 906 2760 fati
930 2726 1061 2772 laqueis
1080 2728 1237 2761 inretitos
1261 2727 1502 2772 cognovisset?
1521 2726 1590 2760 Aut
1614 2727 1719 2772 igitur
1741 2733 1876 2761 contra-

280 2810 316 2841 (1)
336 2809 404 2836 Fato
425 2808 519 2836 omnia
543 2808 616 2841 fieri,
635 2809 789 2836 Stoicorum
813 2811 966 2845 praecipue.
981 2810 1081 2846 dogma
1104 2811 1172 2842 suit,
1193 2818 1264 2845 quos
1286 2810 1357 2837 salse
1381 2809 1580 2846 ingenioseque
1602 2809 1699 2838 irridet
1721 2811 1876 2846 resutatque

167 2853 278 2881 ·Cicer0
299 2857 356 2881 toto
378 2861 444 2887 suo,
464 2857 601 2889 quantum
620 2857 759 2889 superest,
780 2853 814 2881 de
833 2853 890 2882 fato
908 2855 1051 2890 opusculo.

1895 766 1958 803 'cun
1974 765 2024 786 Vll.
2044 768 2072 785 ιε..

1909 1467 1947 1487 (ir.
1961 1472 1984 1492 μ
2001 1470 2033 1487 21.
