2205 3177
698 179 731 204 lx
759 181 909 203 PSALMt'M
937 181 1014 202 va.
1045 180 1081 202 rr
1108 180 1198 203 wa.
1716 170 1783 203 239

752 280 980 319 PSALMUS
1011 281 1146 318 LXVI.

633 371 673 394 [t
691 376 907 397 cognoscamus
926 370 957 391 in
977 372 1060 392 lei-ra
1080 371 1160 393 viam
1178 373 1273 393 tunm.

207 424 294 457 Oro,
319 423 445 467 inquit,
469 422 631 457 Domine,
655 427 689 453 ut
711 426 788 453 tuus
808 425 968 465 appareat
997 426 1170 464 aspectus.
1192 421 1249 465 qui
1276 426 1391 464 gentes
1411 421 1444 453 in
1464 419 1614 453 tenebris
1637 420 1792 454 sedentes

113 480 279 513 illuminet
309 486 409 524 atque
429 479 471 512 ad
491 479 634 511 salutem
662 477 829 513 adducat,
853 483 887 509 ut
917 483 1027 509 terrae
1054 477 1184 509 incolae
1203 483 1233 509 et
1255 477 1380 509 ethnici
1406 477 1522 509 salutis
1548 478 1635 510 tiam
1663 488 1791 521 cogno-

112 543 217 570 scant.
239 539 325 570 Nam
345 543 377 570 te
398 537 515 569 faciem
536 542 628 568 tuam
648 534 838 569 revelante.
861 535 912 567 xia
932 544 1019 578 quae
1039 534 1080 566 ad
1102 539 1132 565 te
1152 534 1245 567 (lucit
1265 535 1495 579 cognoscitur.
1516 535 1690 574 Quaenam
1711 546 1791 568 xero

113 594 215 630 haec,
241 595 301 627 nisi
329 594 356 626 is
381 594 439 638 qui
467 593 549 625 (licit
574 593 605 627 ⁹.
631 603 694 636 ego
721 603 795 624 sum
822 592 894 626 xia.
918 597 945 624 et
977 602 1078 623 nemo
1105 591 1197 623 xenii
1225 590 1266 623 ad
1293 597 1424 636 patrem
1452 591 1514 624 nisi
1543 603 1603 636 per
1628 592 1704 624 me’i'
1725 603 1791 636 qua

113 652 305 696 gradientes
331 652 448 685 salvati
475 652 575 684 etiam
603 650 728 683 fuimus
748 661 809 695 per
835 649 952 683 iidem.
982 650 1072 694 Ergo
1099 649 1214 682 denuo
1241 650 1464 693 cognoximus
1490 650 1579 682 xiam
1599 650 1639 682 ad
1661 656 1792 694 patrem

114 722 186 743 esse
213 711 323 755 ipsum
352 708 473 742 filium.
502 708 563 741 Via
588 709 729 752 insuper
755 707 891 740 Domini
919 713 996 740 suut
1024 706 1201 743 mandata,
1224 707 1317 739 iusta
1342 706 1481 739 effatum
1503 707 1532 739 ':
1557 707 1644 739 tiam
1672 706 1793 739 iustifi-

114 768 287 800 cationum
316 773 450 799 tuarum
476 765 582 798 edoce
608 776 680 798 me:
702 776 787 809 quas
812 764 953 809 quidem
966 756 1041 797 'non
1064 764 1097 796 in
1121 763 1243 796 Iudaea
1270 763 1528 799 tantummodo.
1552 762 1609 796 ubi
1637 763 1687 796 lex
1716 764 1792 796 data

117 824 197 863 fuit,
220 824 408 870 praedicari
436 822 605 868 postulat,
627 822 686 855 sed
714 834 731 855 a
758 821 917 867 gentibus
943 822 1074 855 cunctis
1101 821 1272 864 cognosci.

682 887 901 910 Contine-annu·
919 887 977 909 tibi
996 887 1120 914 populi,
1136 886 1229 909 neus.

212 940 373 972 Omnium
401 938 554 984 gentium
580 938 613 971 in
640 938 813 971 Christum
840 936 944 969 fidem
971 937 1175 970 vaticinatur
1202 935 1423 981 propheticus
1449 937 1606 981 spiritus,
1629 943 1659 970 et
1687 937 1795 969 salute

116 996 234 1030 mundi
261 996 468 1034 delectatus,
497 1007 597 1041 saepe
623 995 742 1029 eadem
770 995 946 1039 loquitur,
976 995 1136 1027 continua
1164 994 1310 1027 laetitiae
1337 1006 1416 1028 suae
1443 995 1638 1027 narratione
1665 994 1792 1028 fruens.

117 1054 169 1087 Ait
198 1054 301 1098 igitur
328 1065 388 1099 par
414 1065 503 1090 esse,
523 1059 561 1086 ut
580 1064 700 1086 omnes
720 1052 862 1097 populi,
885 1058 916 1084 et
937 1062 1072 1096 sparsae
1092 1063 1154 1096 per
1173 1050 1295 1085 orbem
1318 1056 1434 1096 gentes
1454 1051 1640 1088 laetentur,
1663 1058 1693 1084 et
1714 1051 1797 1084 cho-

118 1122 192 1144 reas
212 1112 354 1156 agitent,
380 1117 503 1156 tuaque
524 1109 700 1144 benefacta
720 1114 892 1143 enarrent.
916 1110 1093 1141 Noverunt
1114 1109 1224 1146 enim,
1247 1108 1375 1142 nullius
1394 1110 1441 1142 rei
1463 1115 1493 1142 te
1513 1120 1629 1142 euram
1651 1121 1719 1142 non
1739 1120 1797 1153 ge-

119 1181 210 1205 rere.
234 1169 293 1202 sed
314 1168 539 1202 universalem
560 1179 630 1201 esse
650 1167 797 1200 iudicem
810 1192 818 1203 ,
839 1167 942 1199 iustas
962 1166 1126 1199 ferentem
1148 1167 1349 1203 sententias:
1371 1173 1401 1199 et
1422 1173 1574 1200 errantes
1593 1166 1732 1211 quidem
1753 1166 1795 1200 ad

118 1227 297 1259 weritatem
316 1226 558 1260 deducentem.
579 1224 774 1258 incredulos
794 1230 906 1257 autem
929 1225 1139 1268 punientem.
1161 1225 1246 1257 Nam
1265 1230 1447 1269 postquam
1466 1225 1598 1268 cognita
1618 1230 1665 1257 est
1686 1230 1796 1257 terrae

121 1282 240 1316 incolis
266 1285 337 1319 via.
358 1284 486 1327 Deique
513 1282 659 1316 salutare
685 1281 814 1314 cunctis
840 1280 999 1325 gentibus
1026 1281 1200 1326 apparuit,
1222 1281 1284 1315 hae
1305 1281 1443 1314 demum
1469 1282 1563 1315 omni
1589 1281 1715 1313 malitia
1737 1281 1797 1314 <le-

121 1342 230 1386 posita
257 1347 288 1374 et
316 1340 535 1386 pol>theismi
561 1351 679 1373 errore
695 1365 702 1377 ,
731 1338 881 1384 gaudent
909 1339 1075 1372 moralem
1102 1340 1264 1373 virtutem
1290 1346 1507 1373 exercentes.
1537 1346 1796 1384 susceptamque

120 1399 179 1431 Dei
206 1399 362 1432 notitiam
388 1397 451 1431 sibi
478 1397 705 1442 gratulantur.
734 1396 855 1442 Populi
881 1408 965 1430 vero
991 1403 1023 1429 et
1050 1402 1166 1441 gentes
1192 1409 1256 1443 pro
1282 1398 1482 1443 synonymis
1508 1396 1690 1430 habentur.

405 1462 623 1485 Confiteannu·
641 1463 700 1484 tibi
719 1462 845 1489 populi,
861 1462 960 1489 Deus,
976 1463 1185 1485 confiteantur
1202 1463 1262 1485 tibi
1279 1462 1388 1489 populi
1405 1469 1517 1485 omnes.

217 1512 305 1552 Quid
334 1513 367 1545 ni
394 1513 503 1549 enim,
526 1512 607 1545 dicit
633 1511 699 1545 hoc
725 1512 903 1551 vaticinio,
924 1512 1008 1557 quid
1028 1513 1062 1545 ni
1083 1513 1174 1545 enim
1200 1524 1262 1558 per
1287 1511 1409 1545 orbem
1428 1512 1584 1545 homines
1606 1511 1799 1545 laudassent

121 1576 152 1602 et
173 1568 365 1603 oblationes
384 1569 585 1603 adtulissent
604 1570 744 1602 incenso
763 1568 891 1614 ubique
911 1569 1149 1614 thymiamate,
1173 1581 1326 1615 puraque
1345 1569 1454 1603 hostia
1474 1569 1672 1614 proposita?
1691 1569 1799 1601 Porro

121 1626 310 1660 dictionum
332 1628 569 1672 repetitiones,
592 1627 739 1660 intentos
760 1625 887 1659 faciunt
906 1625 1090 1660 auditores.
1116 1626 1299 1661 Sciendum
1318 1633 1368 1660 est
1387 1633 1519 1665 autem,
1540 1626 1698 1660 homines
1717 1625 1801 1658 dum

122 1684 192 1717 Deo
211 1683 434 1721 benedicunt,
455 1683 560 1717 verba
581 1689 713 1717 tantum
733 1682 775 1716 ad
795 1694 873 1716 eum
894 1682 1045 1719 adferre.
1065 1690 1171 1729 opere
1190 1683 1278 1717 bene
1304 1683 1415 1717 facere
1434 1684 1464 1717 ei
1483 1694 1552 1716 non
1576 1694 1688 1728 posse.
1711 1684 1800 1716 Deus

123 1752 205 1774 vero
224 1740 430 1775 benedicens
450 1740 562 1774 firmat
582 1751 757 1774 sermones
775 1752 896 1786 opere,
918 1747 948 1774 et
969 1741 1251 1776 omnimodorum
1268 1740 1442 1775 bonorum
1460 1740 1647 1775 benedictis
1667 1741 1799 1785 copiam

124 1798 269 1832 confert.
300 1799 429 1832 Deinde
456 1804 573 1832 monet
599 1805 635 1832 ut
661 1798 811 1831 divinam
839 1810 1089 1844 consequamur
1115 1798 1401 1833 benedictionem.

522 1863 620 1886 Terra
638 1864 723 1886 «ledit
743 1864 880 1886 fructum
898 1871 997 1887 suum.
1014 1865 1183 1888 Benedicat
1201 1866 1289 1888 nobis
1306 1865 1403 1888 Deus!

221 1915 312 1947 Tunc
332 1915 597 1959 uniuscuiusque
617 1914 766 1947 hominis
785 1925 929 1959 operum
952 1916 1080 1948 fructus
1099 1916 1322 1961 comperitur.
1347 1917 1434 1949 Nam
1454 1922 1543 1949 terra
1562 1915 1636 1949 heic
1657 1926 1720 1960 pro
1740 1916 1803 1948 ho—

127 1973 217 2005 mine
237 1972 372 2005 dicitur.
396 1973 486 2012 Quin
505 1973 607 2005 etiam
626 1984 708 2005 crux
728 1971 940 2005 subobscure
961 1973 1113 2006 innuitur
1135 1974 1194 2018 (1).
1220 1974 1380 2006 Similiter
1399 1980 1431 2006 et
1450 1972 1726 2007 benedictionem
1745 1985 1803 2006 ex-

124 2031 242 2074 quirit.
272 2031 360 2063 Dum
388 2036 501 2063 autem
528 2036 644 2074 gentes
663 2029 817 2062 benedici
838 2042 873 2063 se
892 2036 1011 2074 rogant
1026 2057 1033 2066 ,
1055 2031 1216 2064 xidemur
1235 2037 1325 2064 certe
1346 2030 1508 2064 iudicium
1536 2031 1620 2076 legis
1646 2042 1663 2064 a
1690 2042 1723 2063 se
1743 2030 1803 2063 de—

128 2089 278 2135 precari,
300 2088 475 2133 magisque
501 2093 620 2133 optare
645 2087 789 2120 salutem
815 2098 876 2132 per
901 2088 1072 2121 Christum
1099 2095 1131 2121 et
1157 2090 1313 2133 gratiam.

654 2153 692 2175 Et
709 2154 850 2175 metuant
868 2160 936 2176 eum
953 2160 1056 2176 omnes
1073 2154 1148 2176 finos
1165 2156 1278 2177 terrae.

224 2204 284 2237 Dei
303 2204 392 2236 enim
414 2203 516 2236 timor
536 2202 577 2235 ad
597 2202 759 2235 x‘irtutem
779 2203 1002 2236 exercendam
1021 2203 1218 2249 compellit:
1239 2215 1309 2250 quo
1330 2205 1438 2241 facto.
1460 2205 1500 2238 iis
1525 2204 1665 2249 quidem
1683 2205 1741 2249 qui
1761 2205 1806 2238 ita

128 2273 162 2295 se
190 2261 334 2299 hahent,
360 2260 448 2294 bene
476 2272 616 2306 prorsus
641 2266 674 2293 et
698 2271 954 2305 quaqueversus
979 2272 1050 2294 esse
1077 2262 1262 2306 continget.
1290 2262 1376 2295 Nam
1402 2263 1460 2307 qui
1488 2263 1542 2308 pie
1568 2262 1682 2296 diuina
1708 2273 1805 2296 man-

128 2320 205 2353 data
226 2325 391 2356 sectatur,
415 2325 447 2351 et
468 2318 621 2351 futurum
640 2324 777 2352 veretur
797 2318 960 2351 iudicium
973 2344 980 2356 ,
1003 2319 1064 2352 hac
1086 2319 1202 2363 regula
1222 2325 1320 2353 utens
1338 2320 1410 2353 Deo
1431 2319 1626 2353 famulatur.
1656 2321 1726 2352 Iam
1744 2320 1804 2353 Dei

130 2377 313 2411 famulatus
339 2375 612 2410 benedictionem
641 2376 809 2409 conciliat.
840 2376 1082 2410 Animadverte
1109 2382 1242 2415 autem,
1263 2377 1357 2422 quod
1377 2376 1441 2411 sub
1460 2378 1535 2423 ipso
1554 2377 1638 2416 fine,
1662 2388 1731 2411 non
1752 2377 1807 2410 lu-

130 2435 223 2468 daeis
251 2441 382 2468 tantum
402 2434 460 2467 sed
481 2432 678 2467 hominibus
701 2434 830 2467 cunctis
849 2433 1004 2467 divinum
1026 2435 1173 2468 insinuat
1193 2435 1364 2468 timorem.
1395 2435 1541 2469 Cunctae
1560 2446 1679 2479 reapse
1698 2433 1807 2468 tribus

131 2504 168 2525 ac
189 2492 324 2537 linguae
344 2493 463 2525 timent
483 2491 721 2536 honorantque
738 2491 948 2525 Trinitatem.
971 2491 1123 2525 Observa
1144 2493 1298 2538 insuper,
1319 2492 1414 2537 quod
1434 2499 1485 2526 ter
1504 2493 1732 2538 pronunciato
1751 2503 1808 2525 no-

133 2550 222 2582 mine
248 2550 325 2585 Dei.
351 2547 525 2594 subiungit
546 2549 763 2593 singulariter
787 2563 800 2580 ι(
822 2556 853 2583 et
880 2561 958 2583 cuin
986 2556 1158 2583 metuant:
1184 2564 1198 2580 »
1221 2556 1323 2595 atque
1349 2551 1392 2583 ita
1419 2556 1553 2584 sanctae
1579 2550 1680 2584 simul
1698 2551 1808 2583 Trini-

133 2608 207 2641 tatis
234 2606 390 2652 patefecit
416 2607 636 2651 mysterium,
660 2612 693 2639 et
720 2607 885 2640 unitatem
911 2606 1046 2641 deitatis
1072 2608 1130 2651 (2).

231 2721 263 2749 tl*
286 2717 331 2743 Pie
351 2717 402 2743 hoe
422 2716 535 2744 dieitur:
553 2725 650 2752 nempe
669 2721 738 2743 terra
758 2717 880 2751 lignum⁷
897 2726 926 2745 ex
946 2725 1000 2753 quo
1020 2725 1098 2749 crux,
1116 2717 1237 2751 protulit⁴
1260 2718 1353 2745 Patres
1372 2718 1459 2745 nostri
1478 2725 1577 2752 magna
1592 2725 1655 2752 erga
1669 2717 1807 2745 Christum

133 2762 244 2789 caritate
265 2762 442 2795 inflammati,
462 2761 532 2788 nihil
551 2761 623 2796 quod
644 2760 677 2787 ad
697 2761 786 2795 ipsum
807 2761 1064 2796 quomodocumque
1084 2765 1207 2796 spectare
1226 2761 1362 2788 videretur
1381 2761 1565 2797 negligebant.

232 2810 266 2837 4⁸2)
288 2806 390 2833 Biblica
410 2807 577 2842 aenigmata,
593 2813 663 2840 quae
682 2806 881 2833 sanctissimam
901 2806 1063 2833 Trinitatem
1084 2805 1317 2841 praefiguratum,
1334 2806 1446 2842 collegit
1461 2806 1593 2841 Iosephus
1611 2808 1639 2834 in
1659 2806 1808 2842 hypomne-

129 2851 200 2878 stico
219 2859 278 2886 cap.
300 2851 411 2877 LXVII.

1833 605 1904 625 ¹101».
1921 606 1979 625 XIX.
1996 609 2013 625 Γι,

1835 710 1890 742 '-l¹s.
1906 712 1912 729 t
1927 711 1958 730 XX
1968 711 2004 731 lllv

1836 1235 1873 1253 tir.
1888 1240 1909 1260 p.
1926 1238 1970 1253 law.
