2205 3177
867 150 899 172 lx
925 150 1080 172 Pssmrrn
1106 150 1160 172 xc.
1787 140 1857 173 265

168 227 203 249 se
222 213 338 248 habet.
367 214 438 248 Nos
463 225 548 260 ergo
566 214 621 248 his
639 215 698 260 qui
718 215 763 248 ita
783 214 1003 259 interpretari
1033 214 1145 247 solent
1172 213 1336 247 dicimus:
1359 213 1467 247 aliena
1487 212 1587 247 nobis
1612 214 1777 251 narratis;
1799 224 1860 247 no-

169 284 248 306 vam
273 272 361 305 hane
380 271 634 306 aberrationem
655 272 816 305 suadetis.
847 272 945 304 Certe
965 277 1060 304 extra
1088 277 1220 305 rectum
1241 272 1432 309 tramitem,
1457 272 1580 304 omissa
1599 271 1691 316 regia
1710 272 1763 304 via
1783 282 1861 316 gra-

169 330 308 368 dimini,
332 330 367 362 in
388 328 535 363 tribulos
554 328 739 374 foveasque
759 327 915 361 deciditis
929 353 937 366 ‚
958 339 976 361 a
997 329 1139 362 veritate
1159 328 1329 361 receditis.
1351 329 1484 361 Etenim
1504 328 1654 373 aequalis
1672 328 1860 373 similisque

168 398 230 431 per
248 387 365 419 omnia
392 387 481 432 patri
501 393 551 420 est
571 385 680 424 filius,
704 391 737 418 et
758 384 868 429 figura
895 383 1106 418 substantiae
1132 386 1224 421 eius,
1246 386 1360 430 imago
1379 391 1411 418 et
1430 385 1594 430 splendor
1613 385 1742 430 gloriae
1768 386 1855 424 eius,

167 443 318 488 denique
346 443 531 477 altissimus
557 454 665 487 aeque
692 453 730 475 ac
759 448 855 487 pater
881 448 943 475 est.

591 508 773 537 Flagellum
790 514 852 530 uon
871 508 1142 535 appropinquabit
1159 508 1364 531 tabernaculo
1382 510 1445 531 tuo.

263 558 538 593 Tabernaculum
564 558 658 603 apud
685 559 887 603 inspiratam
912 558 1118 604 scripturam
1144 569 1214 590 non
1241 557 1370 603 ubique
1398 558 1443 603 (1)
1471 570 1597 604 eorpus
1622 558 1763 592 denotat
1789 558 1855 604 (2),

169 616 229 651 sed
254 617 309 651 rel
337 615 460 650 urbem
486 615 541 650 vel
567 615 746 660 regionem
765 615 819 649 vel
843 615 1002 649 domum.
1031 616 1069 648 Ei
1096 616 1145 648 rei
1173 614 1277 648 fidem
1304 614 1382 648 facit
1408 614 1529 649 beatus
1554 616 1662 649 David
1688 616 1804 650 dicens
1825 617 1855 651 ⁹:

170 676 197 709 si
224 673 412 708 ascendero
437 673 473 706 in
499 672 626 705 lectum
655 673 750 706 strati
777 673 864 710 mei;
888 673 915 705 si
941 672 1074 706 dedero
1101 683 1261 705 somnum
1280 672 1389 706 oculis
1409 673 1509 711 meis,
1531 679 1563 706 et
1582 672 1758 718 palpebris
1776 674 1859 707 meis

169 731 471 769 dormitationem,
492 741 531 764 ac
550 730 706 775 requiem
732 728 950 775 temporibus
977 730 1079 768 meis;
1099 729 1210 763 donec
1233 730 1398 764 invenero
1423 729 1539 763 locum
1557 731 1722 769 Domino,
1745 730 1858 765 taber-

170 789 334 824 naculum
359 789 432 822 Deo
458 786 574 821 Iacob.

680 853 838 880 Quoniam
854 853 980 883 angelis
997 854 1062 876 suis
1078 854 1240 876 mandavit
1256 854 1294 876 «le
1310 855 1351 876 te.

266 905 327 937 His
353 916 435 937 usus
461 909 512 937 est
537 903 716 937 versiculis
741 904 898 941 Satanas,
919 902 962 936 de
988 910 1108 937 nostro
1135 905 1291 937 omnium
1318 909 1492 938 servatore
1510 904 1662 943 Christo,
1683 910 1859 950 tamquam

169 962 344 996 communi
371 961 531 1000 homine,
553 972 612 994 eos
632 962 777 995 recitans
797 961 822 994 '.
852 962 938 994 Nam
957 962 1036 1006 quia
1057 967 1149 994 totus
1168 961 1278 1006 caligo
1298 968 1367 1000 est,
1389 962 1611 1006 caliginosam
1635 961 1738 996 habet
1764 974 1860 995 men-

170 1026 257 1058 tem,
282 1030 394 1064 neque
421 1018 595 1052 dictorum
621 1019 691 1052 vim
718 1018 900 1051 intellexit.
931 1017 1115 1063 Ignorabat
1140 1019 1301 1064 insuper,
1321 1018 1474 1053 Verbum
1500 1020 1609 1053 Deum
1637 1019 1762 1053 factum
1789 1031 1861 1054 esse

169 1076 368 1111 hominem.
390 1077 505 1122 ipsum
530 1088 603 1110 esse
621 1077 680 1121 qui
701 1088 735 1109 se
755 1077 908 1109 humano
935 1087 1032 1109 more
1059 1077 1182 1109 tentari
1209 1075 1416 1122 patiebatur.
1440 1078 1682 1111 Verumtamen
1701 1079 1857 1117 Satanas,

170 1140 209 1168 ut
233 1135 301 1168 iam
328 1134 416 1173 dixi,
439 1140 615 1179 tamquam
642 1133 685 1166 de
711 1133 851 1167 homine
877 1134 1073 1171 communi,
1096 1134 1150 1167 vel
1178 1134 1222 1167 de
1249 1135 1365 1180 aliquo
1391 1141 1508 1168 sancto
1535 1135 1703 1181 propheta
1730 1135 1860 1169 dictum

169 1191 205 1225 id
225 1203 296 1226 esse
316 1192 534 1225 existimavit.
564 1191 668 1235 Atqui
689 1190 976 1224 absurdissimum
996 1190 1104 1229 foret,
1129 1192 1155 1224 si
1175 1203 1239 1225 nos
1258 1193 1397 1238 cognito
1418 1199 1574 1226 accurate
1593 1193 1658 1226 hoc
1676 1193 1859 1237 mysterio,

170 1249 418 1294 credentesque
438 1249 530 1282 hunc
548 1260 620 1282 esse
639 1249 767 1287 Deum,
790 1254 823 1281 et
842 1249 902 1282 Dei
924 1247 1051 1287 filium,
1073 1255 1106 1282 et
1126 1251 1234 1283 nostri
1255 1261 1354 1283 causa
1374 1250 1551 1284 hominem
1571 1250 1715 1289 factum,
1736 1250 1861 1284 nihilo-

170 1307 284 1341 minus
303 1308 346 1341 dc
364 1308 441 1353 ipso
460 1307 555 1352 loqui
574 1306 763 1340 versiculos
780 1306 844 1340 hos
863 1313 1076 1352 putaremus.
1098 1308 1174 1340 Non
1193 1319 1277 1352 ergo
1295 1309 1455 1353 congruit
1473 1314 1509 1341 ut
1528 1308 1570 1341 de
1589 1320 1735 1354 persona
1754 1309 1862 1342 nostri

170 1365 328 1398 omnium
355 1364 539 1397 servatoris
564 1363 709 1402 Christi,
733 1363 886 1397 dicatur:
910 1363 1125 1397 Altissimum
1152 1365 1296 1410 posuisti
1321 1364 1495 1410 refugium
1522 1372 1618 1398 tuum
1640 1366 1698 1411 (3).
1728 1366 1862 1411 Quippe

170 1423 315 1468 ipsemet
336 1422 532 1455 Altissimus
558 1427 626 1459 est,
648 1421 806 1454 omnium
833 1420 1004 1466 refugium
1019 1447 1026 1460 ‚
1049 1423 1206 1455 omnium
1226 1434 1320 1469 spes,
1342 1424 1561 1469 omnipotens
1581 1424 1687 1469 patris
1706 1423 1859 1458 dexteras

168 1480 329 1525 Oportuit
351 1480 482 1525 potius,
504 1479 688 1523 unicuique
708 1490 792 1512 vero
812 1478 988 1512 adoratori
1008 1479 1154 1525 intelligi
1181 1480 1312 1513 dictum
1331 1492 1348 1514 a
1369 1487 1482 1527 patre:
1505 1481 1718 1514 Altissilnum
1744 1482 1862 1527 posui-

167 1538 210 1571 sti
237 1537 409 1582 refugium
429 1543 547 1570 tuum:
572 1548 641 1570 non
669 1536 831 1569 accedent
851 1536 894 1569 ad
914 1542 945 1570 te
966 1537 1073 1575 mala,
1095 1543 1127 1571 et
1148 1538 1323 1583 flagellum
1343 1550 1414 1571 non
1433 1538 1725 1584 appropinquabit
1745 1538 1859 1572 taber-

168 1594 294 1628 naculo
322 1600 394 1628 tuo.
423 1595 550 1628 Tuetur
575 1594 669 1627 enim
694 1593 913 1633 Altissimus‚
943 1606 1066 1640 nempe
1092 1595 1268 1634 Christus,
1296 1595 1338 1629 de
1364 1607 1399 1629 se
1424 1602 1600 1641 sperantes
1626 1601 1660 1629 et
1685 1607 1763 1630 cum
1791 1596 1859 1630 fide

167 1651 382 1686 accedentes.
847 1648 852 1652 “

760 1718 800 1741 Ῑιι
817 1720 963 1742 manibus
980 1720 1155 1746 portabunt
1173 1722 1202 1742 te
1219 1722 1276 1743 ete.

265 1769 352 1801 Nam
371 1768 469 1801 sicuti
489 1768 643 1802 carnales
670 1776 846 1815 parentes,
867 1768 975 1803 sicubi
993 1770 1143 1803 viderint
1162 1771 1251 1804 viam
1271 1781 1427 1815 asperam
1448 1781 1616 1815 aegreque
1635 1769 1857 1815 gradibilem,

170 1825 336 1871 puerulos
362 1837 466 1858 manu
485 1826 689 1864 sustollunt,
710 1838 752 1860 ne
772 1826 862 1860 forte
880 1834 1065 1865 vexentur,
1088 1827 1234 1873 pedibus
1254 1828 1367 1861 adhuc
1386 1828 1536 1865 tenellis,
1559 1828 1750 1873 duramque
1770 1828 1860 1861 viam

169 1883 327 1917 nondum
353 1883 502 1916 tolerare
528 1883 742 1921 valentibus3
765 1885 813 1918 sic
838 1886 941 1918 etiam
967 1885 1217 1920 intellectuales
1244 1892 1427 1931 potestates
1448 1886 1511 1932 (st),
1535 1897 1594 1920 eos
1619 1887 1678 1931 qui
1705 1885 1861 1919 nondum

169 1938 307 1974 labores
326 1939 416 1973 serre
435 1946 583 1985 queunt,
606 1941 732 1986 puerili
753 1941 864 1975 adhuc
884 1949 1000 1976 mente
1019 1943 1213 1988 praeditos,
1236 1955 1307 1977 non
1333 1944 1448 1977 sinunt
1467 1955 1571 1989 supra
1590 1944 1680 1976 vires
1705 1942 1857 1987 fatigari,

169 1997 230 2031 sed
256 1998 351 2031 omni
377 1999 566 2032 tentatione
591 1999 761 2044 eripiunt,
784 2011 827 2033 ne
854 2001 1007 2034 animum
1027 2000 1281 2047 despondentes
1300 2000 1364 2035 sub
1383 2000 1513 2035 diaboli
1534 2001 1638 2047 pedes
1657 2000 1857 2038 concidant,

169 2061 203 2089 et
229 2055 335 2088 divini
364 2055 548 2089 famulatus
575 2056 727 2089 studium
755 2056 927 2091 abiiciant.

662 2123 766 2150 Super
781 2124 922 2151 aspidem
938 2126 969 2147 et
986 2124 1167 2148 basiliscum
1183 2125 1370 2148 ambulabis.

264 2172 307 2205 Et
327 2172 411 2205 olim
430 2172 545 2218 ipsum
564 2173 778 2207 conculcavit
798 2174 970 2213 Christus,
991 2181 1023 2208 et
1044 2175 1156 2209 adhuc
1176 2187 1266 2209 nunc
1286 2175 1481 2214 conculcat,
1502 2176 1582 2220 quia
1601 2174 1777 2220 discipulis
1796 2186 1860 2220 po-

170 2235 326 2263 testatem
353 2229 509 2263 attribuit
534 2230 689 2264 calcandi
717 2238 892 2277 serpentes
918 2239 951 2266 et
977 2233 1151 2278 scorpios,
1174 2240 1206 2267 et
1232 2232 1423 2278 quamlibet
1449 2234 1575 2267 inimici
1603 2233 1804 2279 potentiam.

700 2296 739 2319 Et
756 2297 953 2320 conculcabis
969 2297 1090 2320 leonem
1107 2305 1143 2321 ac
1159 2299 1336 2321 draconem.

266 2345 354 2383 Leo,
374 2344 497 2384 draco,
518 2344 715 2385 basiliscus,
737 2346 950 2392 intelligatur
975 2347 1068 2381 idem
1088 2349 1244 2386 Satanas,
1267 2354 1301 2382 et
1319 2360 1398 2381 cum
1417 2360 1459 2382 eo
1479 2346 1685 2382 rebellantes
1711 2345 1861 2393 improbi

269 2465 304 2495 (t)
323 2463 427 2490 Graece
447 2466 560 2495 πάντως,
580 2464 628 2492 sed
647 2465 759 2492 mallem
780 2467 903 2497 mmm-s,
923 2470 1004 2501 atque
1023 2467 1060 2493 ita
1080 2466 1226 2499 transtuli,
1247 2466 1311 2501 quia
1332 2470 1403 2493 certe
1422 2465 1495 2501 apud
1514 2465 1608 2492 divum
1628 2466 1699 2492 Petr.
1720 2469 1806 2500 apost.
1824 2465 1859 2491 ΙΙ.

169 2514 228 2542 cap.
250 2508 271 2534 Ι.
295 2511 336 2534 13.
357 2513 384 2535 et
404 2513 446 2536 14.
469 2511 588 2544 czn'mgm
609 2509 825 2537 tuberum-ulma
847 2519 895 2545 pro
915 2519 1026 2546 corpore
1047 2511 1197 2546 aliquando
1217 2512 1339 2546 ponitur.

270 2555 305 2584 (2)
326 2554 384 2580 Hoc
404 2562 514 2589 quoque
534 2559 628 2581 contra
649 2555 817 2587 Eusebium,
835 2560 861 2582 et
880 2556 1055 2582 Theodorum
1076 2555 1258 2582 heracleotam
1280 2563 1364 2591 aeque
1384 2556 1526 2587 arianum,
1541 2555 1589 2589 qui
1608 2554 1688 2581 ambo
1709 2554 1779 2580 hane
1799 2562 1862 2589 pro-

169 2601 277 2631 ponunt
296 2597 562 2632 interpretationem.
584 2600 668 2625 Porro
688 2599 739 2625 hoc
758 2598 944 2634 fragmentum
964 2600 1072 2627 extabat
1091 2608 1260 2635 anonymum
1281 2599 1355 2634 apud
1375 2599 1551 2631 Corderium3
1567 2598 1614 2625 sed
1633 2606 1694 2625 ecce
1714 2607 1788 2625 nunc
1807 2598 1863 2625 duo

170 2639 278 2667 codices
297 2645 362 2667 vatt,
384 2642 488 2677 Cyrillo
507 2642 676 2669 inscribunt.

269 2687 304 2717 (3)
325 2686 398 2712 Hinc
422 2685 514 2713 denuo
538 2687 732 2721 cognoscimus
751 2692 919 2723 quantopere
943 2689 1066 2721 intersit,
1088 2688 1252 2723 scripturam
1272 2696 1378 2715 sacram
1403 2687 1520 2715 ducibus
1544 2687 1667 2722 patribus
1690 2687 1862 2718 orthodoxis.

169 2736 226 2756 non
245 2733 338 2756 autem
358 2729 530 2757 heterodoxis
550 2730 638 2758 doctis
658 2731 722 2757 licet
741 2731 916 2765 hominibus,
938 2733 1111 2767 interpretari
1132 2737 1214 2768 atque
1237 2732 1401 2767 intelligere.
1423 2733 1492 2759 Ecce
1512 2732 1583 2758 enim
1604 2739 1635 2758 ex
1654 2739 1709 2758 uuo
1728 2731 1863 2759 versiculo

169 2773 216 2801 alii
236 2774 362 2801 arianum
382 2782 532 2807 venenum,
554 2775 603 2802 alii
622 2775 692 2802 vitae
712 2780 806 2810 potum
828 2776 1002 2804 hauriebant.

267 2821 303 2852 (4)
323 2817 430 2846 Videsis
448 2819 611 2854 angelorum
631 2819 778 2847 custodum
798 2829 861 2856 erga
881 2821 1008 2848 homines
1028 2820 1130 2848 officia.

1716 2877 1747 2900 :34

1899 516 1918 531 v.
1937 514 1967 532 10.

1896 539 1934 558 tir.
1949 544 1971 564 p.
1989 542 2031 559 ⁸20.

1897 629 1906 637 ’
1919 626 1951 647 ΡΒ.
1960 627 2061 648 CXXM.
2077 635 2088 647 ι.

1897 863 1917 877 ν,
1937 861 1967 878 11.

1899 979 1907 986 “
1923 977 1995 998 Matth
2020 977 2056 997 tv.
2072 980 2082 996 '1

1898 2137 1919 2151 τ.
1937 2133 1967 2151 13.

1898 2158 1937 2178 Gr.
1950 2162 1973 2183 12⁴
1990 2159 2033 2177 3211
