2205 3177
751 154 784 175 ix
811 153 963 175 rsALirUM
991 152 1158 175 Lxxxvin.
1187 153 1226 174 ET
1253 152 1306 175 xc.
1801 145 1870 179 263

182 219 323 257 sanasti,
340 217 486 263 gloriam
505 217 577 251 eius
597 218 822 263 prostravisti.
840 218 926 250 Nam
943 223 1111 262 quatenus
1130 217 1341 263 patiebatur,
1359 230 1474 252 merus
1488 219 1595 253 homo
1612 225 1791 265 reputatus
1809 227 1871 254 est.

186 277 287 322 Atqui
307 277 396 309 inter
416 281 574 308 mortuos
594 286 662 308 non
683 275 825 312 mansit,
848 285 958 318 neque
977 274 1128 308 dedecus
1147 275 1176 308 ei
1198 276 1310 321 passio
1329 276 1442 309 attulit
1455 302 1462 315 ‚
1483 277 1590 309 immo
1609 276 1690 310 hinc
1708 278 1874 311 maiorem

182 334 332 379 adeptus
357 339 407 366 est
433 332 594 377 gloriam.
623 332 867 365 Verumtamen
895 342 949 364 res
975 331 1080 365 veluti
1108 333 1175 365 iam
1202 339 1292 366 actas
1318 339 1458 367 narrant
1485 333 1685 379 prophetae.

774 396 841 419 Non
859 402 890 418 es
906 397 935 419 ei
953 396 1127 419 auxiliatus
1143 398 1177 419 in
1195 397 1288 420 bello.

285 446 576 493 Quandoquidem
601 447 659 492 qui
686 452 805 492 suapte
831 452 951 479 natura
979 447 1068 479 Deus
1095 453 1186 484 erat,
1207 458 1378 492 verusque
1401 446 1493 480 filius
1519 454 1551 481 et
1577 449 1743 482 virtutum
1762 449 1876 483 domi—

186 518 268 544 nus,
292 506 485 551 passionem
514 503 668 541 admisit,
690 503 750 536 etsi
779 515 849 537 non
870 505 937 549 pati
966 510 1099 549 poterat
1121 505 1146 536 si
1167 505 1213 538 ita
1239 504 1421 543 voluisset,
1446 511 1550 550 tuque
1569 516 1591 539 o
1613 512 1710 551 pater
1729 517 1768 540 ea
1788 507 1822 540 in
1842 519 1879 541 re

188 563 330 601 siluisti,
352 568 537 608 propterea
555 561 719 599 dicimus,
742 567 774 594 te
791 560 843 594 illi
864 572 933 594 non
952 572 1024 594 esse
1043 560 1256 594 auxiliatum.
1287 562 1444 595 Iamvero
1470 561 1599 596 bellum
1621 563 1771 609 appellat
1791 571 1877 598 tem-

189 632 252 666 pus
279 619 503 654 honorandae
529 619 659 656 crucis,
687 630 758 663 quo
784 618 989 652 dimicarunt
1017 618 1182 653 adversus
1207 618 1330 652 Christi
1357 619 1502 663 gloriam
1531 620 1708 658 Herodes,
1735 622 1876 656 Pontius

188 677 332 715 Pilatus,
355 689 432 710 cum
458 676 602 710 ethnicis
628 675 830 721 populoque
856 675 1015 709 Israhelis
1035 676 1064 714 ⁹,
1087 687 1149 709 nec
1174 687 1244 709 non
1271 676 1343 721 ipse
1369 677 1403 709 in
1431 678 1551 722 primis
1578 679 1728 712 Satanas.

747 740 926 764 Dissolvisti
944 747 1014 764 eum
1029 741 1069 763 ab
1086 741 1318 763 emundatione.

286 792 492 831 Dissolvisti,
517 803 582 836 pro
608 791 777 829 deiecisti;
801 802 880 824 nam
898 803 952 824 res
977 791 1143 825 dissoluta
1163 791 1332 825 deiicitur.
1362 792 1518 826 Deiecisti
1543 804 1628 838 ergo
1647 793 1690 827 ab
1710 795 1878 829 emunda-

188 852 282 884 tione
308 851 430 896 ipsius,
452 848 488 882 id
514 855 564 882 est
590 849 776 894 quominus
803 859 838 882 se
863 848 1036 882 mundum
1055 849 1222 883 crederet.
1251 850 1385 883 Etenim
1404 848 1586 895 improbus
1612 857 1789 896 reputatus
1807 859 1875 891 est.

190 919 227 941 ac
254 914 429 952 tamquam
456 912 615 952 peccator
641 906 795 952 punitus.

697 972 802 999 Usque
818 979 894 1000 quo,
912 972 1062 999 Domino,
1079 972 1196 994 avertis
1212 973 1246 994 in
1263 972 1373 995 finem?

285 1022 393 1056 Viden
419 1021 600 1068 quomodo
620 1033 673 1056 res
692 1022 829 1055 divinae
848 1022 1093 1055 incarnationis
1111 1021 1186 1055 vult
1206 1022 1438 1067 cognoscere?
1465 1022 1541 1062 Quo
1561 1033 1688 1067 usque,
1710 1023 1879 1057 Domine?
1929 1007 1947 1018 d

190 1079 223 1112 id
243 1086 294 1113 est
312 1079 477 1125 quamdiu
498 1079 709 1126 praevalebit
730 1079 937 1113 Iudaeorum
956 1079 1120 1112 audacia?
1141 1078 1408 1119 Interfecerunt‚
1430 1081 1557 1125 inquit,
1579 1082 1668 1114 vitae
1688 1087 1877 1114 auctorem.

189 1139 280 1171 Num
306 1144 464 1171 mortuus
489 1136 635 1171 iacebit?
656 1139 747 1171 Num
774 1143 811 1170 tu
837 1138 910 1170 sine
937 1136 1005 1170 fine
1032 1148 1172 1170 aversus
1199 1138 1283 1176 eris,
1307 1143 1408 1183 atque
1435 1143 1469 1171 ut
1496 1139 1584 1183 ignis
1608 1138 1805 1172 exardescet
1831 1139 1881 1171 ira

190 1195 270 1227 tua?
295 1194 361 1228 Sed
387 1196 479 1228 enim
503 1195 670 1229 aversatio
695 1200 728 1228 et
754 1195 803 1227 ira
831 1193 924 1227 haud
951 1199 1070 1227 contra
1089 1192 1263 1227 Christum
1291 1201 1362 1233 est;
1384 1183 1465 1228 cave
1487 1194 1521 1228 id
1541 1201 1658 1240 putes;
1679 1195 1738 1228 sed
1759 1195 1881 1229 adver—

189 1263 246 1285 sus
273 1263 347 1285 nos.
376 1253 446 1285 Nos
471 1252 563 1285 enim
591 1251 814 1285 multifariam
840 1251 1076 1297 peccavimus,
1098 1261 1162 1284 nos
1187 1250 1348 1296 paradiso
1374 1251 1596 1290 deliciarum,
1618 1252 1653 1285 in
1680 1252 1881 1297 progenito—

192 1308 288 1343 ribus
314 1310 474 1354 inquam,
498 1307 699 1343 excidimus.

609 1373 690 1400 Quis
706 1375 752 1396 est
768 1373 858 1395 homo
875 1373 930 1399 qui
948 1373 1030 1395 vivet
1045 1375 1077 1395 et·
1093 1379 1156 1395 non
1173 1373 1292 1396 videbit
1308 1374 1458 1397 mortem?

287 1424 374 1457 Vere
400 1424 504 1468 igitur
526 1423 625 1468 quod
652 1421 741 1455 filios
767 1422 949 1456 hominum
977 1433 1047 1456 non
1075 1421 1201 1457 frustra
1228 1424 1396 1456 creaveris
1412 1450 1419 1461 ,
1448 1424 1522 1469 ipsa
1548 1430 1735 1457 eventuum
1761 1429 1883 1457 natura

191 1479 389 1514 testabitur:
410 1491 560 1525 namque
585 1480 620 1512 in
647 1479 782 1513 Adamo
808 1480 955 1518 mortui,
977 1490 1039 1525 per
1063 1479 1237 1513 Christum
1263 1481 1461 1514 reviximus.

619 1546 709 1572 Quod
726 1546 869 1569 continui
886 1546 921 1568 in
939 1546 1010 1568 sinu
1028 1552 1094 1569 meo
1110 1546 1284 1569 multarum
1302 1548 1454 1577 gentium.

286 1596 482 1642 Recipinius
507 1595 770 1642 quodammodo
796 1596 831 1629 in
856 1596 988 1635 sinum,
1009 1608 1097 1641 quae
1118 1596 1223 1641 aliqui
1242 1595 1342 1631 nobis
1361 1597 1545 1631 conferunt
1570 1598 1675 1632 dona.
1704 1598 1779 1632 Hoc
1804 1598 1883 1632 loco

189 1659 333 1698 rogatur
352 1655 442 1687 Deus
462 1660 498 1687 ut
518 1652 756 1699 promissionis
782 1654 996 1693 meminerit,
1018 1665 1123 1699 quam
1142 1654 1176 1688 in
1198 1655 1310 1688 sinum
1336 1655 1525 1689 multarum
1550 1656 1705 1701 gentium
1723 1656 1879 1690 contulit.

189 1710 281 1751 Quid
307 1712 399 1745 enim
426 1712 584 1757 promisit
611 1710 770 1757 gentibus
797 1712 983 1746 Servator‘?
1006 1713 1133 1758 peccati
1159 1713 1315 1752 veniam,
1339 1712 1580 1748 liberationem
1600 1725 1617 1747 a
1641 1719 1771 1753 morte,
1791 1714 1884 1748 salu-

192 1774 261 1802 tem
287 1780 325 1802 ac
352 1775 470 1802 vitam.

597 1834 686 1861 Quod
704 1835 974 1861 exprobraverunt
990 1835 1264 1858 commutationem
1280 1835 1402 1858 Chi-isti
1419 1837 1478 1859 tui.

288 1883 326 1917 Id
353 1890 404 1918 est
429 1883 627 1923 ecclesiam,
650 1886 721 1918 sive
741 1884 919 1919 credentes
944 1886 979 1918 in
1005 1897 1102 1923 eum;
1125 1897 1274 1931 namque
1293 1897 1334 1920 ex
1353 1886 1405 1920 his
1423 1888 1586 1932 componi
1606 1887 1752 1920 dicimus
1773 1886 1883 1920 eccle-

190 1942 288 1975 siam.
319 1943 386 1976 Cur
405 1949 518 1976 autem
538 1944 765 1977 commutatio
784 1943 877 1977 dicta
896 1944 970 1977 est?
993 1945 1071 1989 quia
1094 1956 1157 1990 pro
1177 1944 1385 1978 ludaeorum
1403 1956 1579 1990 synagoga
1600 1944 1645 1990 (1)
1666 1944 1759 1977 dedit
1788 1950 1885 1989 pater

191 1998 264 2032 filio
289 2000 474 2034 conflatam
500 2012 539 2034 ex
566 2000 726 2046 gentibus
751 2001 943 2035 ecclesiam„

865 2097 1098 2138 PSALMUS
1126 2098 1208 2136 XC.

751 2182 835 2205 Dens
851 2189 950 2210 meus,
966 2185 999 2205 et
1015 2183 1145 2210 spen-abo
1163 2183 1197 2205 in
1214 2183 1327 2210 ipsum.

290 2230 391 2265 Vides
416 2238 581 2277 quantam
607 2231 732 2266 haheat
758 2232 850 2278 apud
877 2233 987 2266 Deum
1014 2232 1195 2266 fiduciam:
1220 2239 1333 2266 totum
1352 2232 1444 2266 enim
1470 2244 1505 2266 se
1531 2232 1580 2266 illi
1608 2231 1766 2270 tradens,
1790 2242 1887 2277 spem

191 2288 309 2321 salutis
329 2300 468 2323 omnem
493 2290 526 2322 in
547 2301 589 2323 eo
609 2289 768 2324 collocat.
798 2290 1014 2323 Beatissimus
1039 2290 1093 2323 hic
1115 2291 1298 2324 enimvero
1325 2296 1392 2327 est,
1415 2296 1516 2335 atque
1542 2290 1636 2323 omni
1656 2289 1884 2335 prosperitate

188 2345 438 2380 cumulabitur.
468 2347 563 2381 Canit
588 2359 672 2393 ergo
698 2347 818 2381 beatus
843 2347 953 2382 David
980 2348 1013 2380 ἐ
1043 2346 1184 2381 domine
1211 2349 1303 2381 Deus
1328 2349 1497 2381 virtutum
1513 2373 1520 2386 ,
1547 2346 1666 2381 beatus
1692 2347 1798 2380 homo
1824 2347 1882 2391 qui

189 2410 306 2449 sperat
332 2405 367 2437 in
394 2405 445 2438 te!

510 2470 581 2498 lpse
594 2471 712 2498 eripiet
729 2471 767 2494 «le
783 2471 896 2498 laqueo
915 2471 1114 2498 venantium,
1130 2472 1161 2493 et
1178 2477 1197 2493 a
1215 2469 1400 2493 turbulento
1418 2476 1567 2493 sei-mone.

289 2521 436 2560 Quinam
453 2527 506 2555 est
525 2521 746 2556 turbulentus
771 2522 912 2556 sermo?
934 2533 1059 2567 nempe
1085 2521 1273 2567 impiorum
1292 2520 1562 2558 haereticorum,
1587 2521 1647 2566 qui
1666 2519 1884 2553 orthodoxo—

194 2589 271 2611 rum
298 2577 403 2612 corda
429 2578 656 2617 conturbant,
680 2579 845 2614 effrenate
871 2578 1168 2625 blasphemantes,
1191 2590 1254 2612 nec
1279 2577 1362 2624 quid
1387 2578 1575 2623 loquantur
1594 2590 1656 2612 nec
1675 2577 1758 2623 quid
1778 2575 1885 2610 adfir-

194 2641 287 2668 ment
314 2635 556 2680 intelligentes.
586 2637 629 2669 Hi
655 2636 765 2670 filium
787 2647 805 2670 a
825 2643 987 2683 paternae
1013 2634 1238 2674 substantiae,
1262 2642 1431 2680 quantum
1458 2636 1491 2669 in
1518 2636 1599 2681 ipsis
1618 2641 1687 2671 est.
1710 2634 1886 2668 consortio

193 2691 414 2731 abstrahunt,
438 2699 471 2727 et
497 2692 541 2727 de
566 2693 705 2727 sublimi
733 2694 862 2728 throno
887 2694 1087 2740 deponunt,
1112 2694 1278 2727 creaturis
1304 2704 1384 2727 eum
1404 2692 1689 2731 adnumerantes;
1710 2699 1743 2726 et
1768 2702 1885 2725 rerum

292 2780 325 2807 (ι’,
347 2777 386 2803 De
405 2783 559 2812 synagogae
579 2776 686 2804 defectu
705 2776 809 2804 librum
828 2778 975 2812 scripserat
992 2780 1086 2804 noster
1104 2775 1237 2811 Cyrillus,
1261 2779 1329 2803 teste
1348 2776 1493 2803 Gennadio
1513 2784 1572 2811 cap.
1588 2777 1677 2803 LVII:
1699 2776 1777 2803 cuius
1797 2773 1885 2809 operis

194 2821 313 2849 frustum
334 2820 448 2848 sortasse
462 2820 574 2856 aliquod
589 2829 632 2848 me
646 2820 796 2857 aliquando
815 2821 986 2856 prolaturum
1007 2829 1062 2848 non
1083 2820 1212 2856 despero,
1228 2828 1290 2847 cuin
1309 2820 1472 2848 minutiores
1487 2820 1582 2856 Cyrilli
1603 2820 1730 2856 reliquias
1745 2819 1882 2852 colligam.

1915 410 1972 426 ult

1917 576 1954 595 (ἐν,
1970 582 1990 601 1).
2007 578 2052 596 ΜΤ.

1918 635 1922 640 ’
1945 634 1990 653 tet.
2007 633 2043 653 lv,
2060 636 2092 653 -ιτ,

1917 749 1925 762 ae

1917 771 1953 790 m.
1968 754 1991 796 J)
2010 773 2052 790 1⁷·t.

1925 2343 1982 2390 'NJPQ
1998 2343 2116 2364 minui

1923 2475 1997 2524 iirf'p.
2014 2502 2058 2518 ιικ.
