2205 3177
172 287 176 291 “
193 284 253 304 Marc
277 283 305 303 111
331 285 359 302 ιῖ.

171 458 176 462 ·
192 454 350 473 Χ1.ιῐι1ι.ὶ,1ι

178 1713 183 1718 ’
202 1708 280 1730 ΜᾶῑῐΙι.
298 1709 323 1728 ἱ,
342 1712 359 1729 t.

293 1828 312 1842 ἱ.
328 1825 360 1843 22.

224 1852 252 1867 nr
276 1855 297 1874 p,
315 1851 359 1869 1⁴⁵7.

402 196 470 229 256
907 201 935 224 s.
965 201 1090 223 cvmm
1118 200 1338 222 anemis-unis:
1366 200 1573 222 EXPLANATIO

401 270 527 314 gelicus
545 278 674 302 sermo.
692 267 751 312 qui
768 273 840 300 toto
856 266 967 299 sonuit
984 265 1132 301 mundO,
1151 265 1242 298 unde
1260 271 1291 297 ct
1311 263 1452 309 quidam
1472 263 1551 297 dicti
1572 271 1649 298 sunt
1667 265 1813 298 tonitrus
1828 265 1888 299 filii
1908 267 1931 299 '.
1952 266 1987 299 ln
2008 273 2084 301 rota

401 327 499 359 datus
525 330 592 358 est.
616 323 649 356 id
676 329 723 356 est
747 323 777 355 iu
798 322 862 355 lioc
882 321 966 355 orbe
993 321 1188 366 sphaerico,
1210 321 1267 366 qui
1295 320 1552 365 circumagitur:
1576 321 1627 353 cui
1655 321 1718 354 alia
1740 328 1813 355 rota
1839 323 1941 361 inest,
1965 323 2078 357 bomi-

402 395 481 416 uum
510 381 630 414 scilicet
659 381 746 416 vita,
768 380 864 413 sicuti
884 385 932 412 est
954 378 1045 424 apud
1067 378 1292 413 Ezechielem.
1315 384 1388 410 rota
1417 378 1449 410 iu
1478 383 1564 410 rota.
1595 378 1851 411 Coi-uscationes
1870 380 1968 418 item,
1990 392 2078 425 quae

401 439 541 485 spiritali
570 449 632 471 nos
658 437 732 470 luce
759 436 973 473 illuminant,
998 434 1030 467 id
1058 441 1105 468 cst
1133 434 1319 479 evangelici
1348 434 1560 471 sacerdotes,
1585 434 1711 479 quihus
1737 435 1868 468 dictum
1895 436 1956 470 fuit
1983 438 1992 446 '
2017 449 2078 470 vos

402 497 479 529 estis
506 495 560 527 lux
589 493 726 528 mundi.
752 503 859 537 usque
879 492 920 525 ad
941 492 1106 525 terminos
1132 498 1241 524 terrac
1268 491 1466 524 illuxerunt.
1496 492 1612 536 Neque
1638 493 1728 524 euim
1756 491 1900 525 dicimus
1920 504 2080 527 corusca-

401 555 550 587 tionum.
573 562 660 595 quac
686 551 775 583 inter
801 548 948 582 imbrem
976 547 1060 581 fiunt
1076 575 1083 585 ,
1108 549 1317 582 mentionem
1344 548 1453 581 facere
1480 548 1664 585 Davidem:
1691 549 1750 581 sed
1777 549 1937 594 spiritalis
1964 552 2079 595 potius

399 610 573 653 divinique
603 608 739 641 luminis
768 606 990 652 splendorem
1008 632 1015 643 ,
1044 607 1288 639 coruscationis
1314 604 1484 639 vocabulo
1509 606 1676 640 denotare
1705 606 1867 640 voluisse.
1896 607 2078 641 Sciendum

399 678 481 700 vero
507 673 555 699 cst
584 671 736 699 sanctum
763 665 920 709 qucmxis
939 664 1115 697 hominem
1142 663 1226 696 niliil
1253 661 1380 696 habere
1400 663 1603 707 angulosum
1623 669 1677 697 aut
1699 675 1880 709 asperum,
1902 664 1961 697 sed
1982 671 2078 698 rotae

400 726 504 757 instar
523 724 576 756 xix
596 723 661 756 levi
681 723 731 755 sui
753 727 848 766 parte
875 727 1000 755 terram
1021 721 1238 765 contingere;
1260 720 1312 753 cui
1340 719 1386 753 nil
1416 726 1608 754 tortuosum
1635 720 1775 754 habenti
1800 731 1866 753 vox
1893 721 2079 767 sapientiae

400 782 544 814 insonat.
565 781 666 813 Secus
685 785 796 812 autem
815 784 991 823 peccator,
1008 784 1039 811 et
1059 777 1184 822 alioqui
1204 776 1365 821 obliquus
1382 783 1449 815 esu
1466 783 1496 810 et
1517 778 1543 810 si
1564 777 1651 811 forte
1669 784 1761 816 orat,
1778 778 1812 810 in
1831 778 1963 823 angulis
1980 784 2074 813 orat:

399 845 431 872 et
457 839 648 873 sinuosani.
672 848 740 869 uon
767 841 879 868 autem
901 838 991 868 recta
1010 834 1191 868 ducentem
1218 835 1308 867 viam
1334 834 1413 867 terit
1437 835 1549 867 anima
1567 835 1652 868 eius.
1682 836 1751 868 Nos
1771 835 1888 880 utique
1905 834 1969 868 hae
1987 846 2078 880 quo-

399 907 465 940 que
490 893 666 927 sensibiles
692 893 944 926 coruscationes
970 891 1010 924 ad
1038 896 1213 925 tonantem
1241 890 1541 936 fulgurantemque
1567 892 1675 924 Deum
1702 898 1921 925 convertant:
1944 892 2077 937 percel-

400 953 470 985 lunt
493 952 582 985 euim
604 950 828 983 admiratione
848 949 995 985 animos,
1020 948 1103 981 dum
1124 947 1237 981 subito
1256 947 1333 981 orbi
1353 954 1549 985 coruscant,
1573 947 1800 994 tenebrasque
1820 949 1928 982 noctis
1946 948 2076 994 dispel-

400 1009 491 1042 lunt:
509 1019 578 1040 non
597 1007 687 1040 enim
706 1006 755 1039 sol
777 1005 1018 1039 tantummodo
1036 1016 1157 1038 verum
1176 1005 1278 1037 etiam
1297 1003 1433 1049 fulgura
1451 1004 1610 1038 tenebras
1627 1005 1776 1039 solvunt.
1798 1005 1898 1045 Quod
1916 1006 1943 1039 si
1963 1005 2076 1039 adhuc

400 1065 465 1099 hoc
490 1066 523 1098 in
549 1074 722 1101 sermone,
746 1074 806 1096 ceu
826 1062 1050 1095 similitudine
1067 1061 1233 1106 quadam,
1257 1061 1512 1095 immorandum
1539 1068 1608 1099 est,
1631 1062 1776 1108 apostoli
1804 1068 1898 1095 rotae
1921 1074 1980 1096 seu
2000 1068 2074 1095 tur-

400 1121 488 1155 binis
514 1123 635 1159 instar,
658 1120 872 1165 evangelicae
898 1119 1073 1153 doctrinae
1098 1130 1218 1152 vocem
1243 1124 1402 1155 sumunt:
1431 1124 1531 1164 atque
1558 1120 1601 1152 ita
1629 1125 1827 1158 coruscant,
1849 1119 2075 1165 splendetque

400 1183 552 1226 ipsorum
578 1178 694 1212 lumen
721 1188 837 1211 coram
863 1175 1081 1215 hominibus;
1104 1187 1174 1221 quo
1201 1175 1239 1209 fit
1264 1182 1300 1209 ut
1327 1177 1450 1209 mentis
1469 1176 1570 1209 simul
1597 1182 1628 1210 et
1656 1178 1770 1222 operis
1795 1177 1948 1222 ipsorum
1974 1188 2074 1210 coru-

400 1238 564 1272 scationes
591 1241 775 1281 appareant
804 1234 863 1279 (1).

1008 1326 1237 1365 PSALMUS
1265 1327 1460 1365 LXXVII.

946 1416 1125 1443 Interrupit
1142 1422 1243 1444 mnu-e,
1259 1419 1289 1439 et
1307 1417 1452 1443 perduxit
1470 1423 1530 1439 eos.

493 1467 620 1501 Eadem
639 1478 702 1500 nos
720 1476 859 1511 quoque
879 1465 1009 1498 ratione
1028 1465 1189 1499 dominus
1208 1471 1325 1498 noster
1343 1466 1435 1498 Iesus
1454 1465 1606 1498 Christus
1626 1466 1791 1499 servavit:
1813 1465 1963 1499 traduxit
1980 1466 2072 1500 enim

399 1537 462 1559 nos
487 1524 591 1558 veluti
620 1535 680 1570 per
705 1523 880 1568 quoddam
908 1534 1021 1559 mare.
1046 1533 1106 1568 per
1131 1523 1221 1556 vitae
1246 1522 1431 1567 praesentis
1458 1527 1714 1568 tempestatem,
1739 1523 1975 1562 adversitates,
1998 1528 2074 1557 ten—

399 1584 559 1621 tationes,
583 1581 732 1615 undosas
756 1581 858 1613 vices.
887 1579 941 1613 Ab
967 1580 1042 1624 ipso
1067 1579 1172 1613 adiuti
1199 1579 1413 1613 adversarios
1439 1585 1575 1613 nostros
1594 1580 1842 1625 superavimus.
1870 1581 1946 1613 Vim
1972 1579 2075 1614 nobis

398 1640 626 1686 suppeditavit
652 1638 804 1672 calcandi
831 1643 1004 1683 serpentes
1029 1643 1060 1670 et
1087 1637 1257 1682 scorpios,
1285 1643 1317 1670 et
1343 1636 1531 1682 quamlibet
1557 1637 1665 1670 hostis
1691 1638 1890 1682 potentiam.
1918 1638 2073 1683 Denique

398 1710 460 1731 nos
480 1698 513 1730 in
532 1697 736 1742 promissam
755 1695 931 1739 regionem
950 1693 1158 1732 introduxit,
1178 1694 1273 1727 cuius
1292 1694 1446 1727 meminit
1465 1693 1582 1727 dicens
1601 1693 1632 1726 ἐ
1654 1692 1743 1727 beati
1772 1694 1887 1732 mites,
1906 1695 2071 1739 quoniam

400 1755 461 1800 ipsi
489 1752 714 1799 possidebunt
739 1758 877 1785 terram.

1043 1815 1162 1838 Panem
1178 1815 1256 1838 caeli
1272 1816 1358 1838 dedit
1374 1816 1428 1838 εἰς.

492 1867 581 1901 Caeli
609 1867 705 1912 panis
731 1872 780 1899 est
806 1866 864 1898 Dei
893 1865 1112 1909 Unigenitus:
1134 1865 1223 1899 idem
1250 1877 1369 1910 reapse
1395 1876 1515 1899 verum
1541 1871 1591 1898 est
1617 1876 1758 1899 manna:
1786 1866 1882 1911 panis
1907 1865 1950 1899 de
1975 1865 2073 1900 caelo

399 1925 554 1958 rationali
582 1922 720 1957 cuilibet
747 1928 921 1956 creaturae
946 1922 1195 1967 suppeditatus.

995 2017 1159 2055 PSALM
1166 2017 1224 2055 US
1254 2018 1466 2055 LXXVIII.

887 2102 989 2129 Usque
1006 2109 1081 2129 quo,
1098 2102 1243 2129 Domine,
1260 2101 1403 2125 iraseefis
1420 2103 1454 2125 in
1471 2102 1581 2125 finem?

491 2153 575 2193 Quia
596 2152 748 2185 Christus
767 2157 925 2197 prompte
944 2151 1132 2184 admodum
1152 2158 1347 2185 sanctorum
1365 2152 1489 2197 excipit
1508 2163 1624 2197 preces
1643 2152 1706 2197 (2),
1727 2164 1810 2197 quas
1829 2163 1893 2198 pro
1913 2158 2067 2197 peccato-

397 2210 492 2243 ribus
512 2209 679 2247 fundum
703 2209 827 2242 etenim
855 2208 1015 2241 fratribus
1034 2209 1205 2254 suppetias
1225 2208 1355 2247 ferunt,
1378 2215 1410 2242 et
1429 2209 1634 2242 afflictorum
1655 2210 1858 2255 participant
1876 2210 2064 2255 lacrymas,

398 2279 542 2312 suasque
562 2267 687 2299 faciunt
708 2266 846 2299 illorum
867 2266 1090 2302 calamitates.
1115 2267 1209 2311 quasi
1229 2273 1261 2299 et
1280 2267 1343 2311 ipsi
1364 2266 1510 2299 caritatis
1528 2278 1607 2300 suae
1627 2278 1725 2300 causa
1752 2273 1967 2312 paterentur;
1987 2266 2067 2301 ideo

397 2325 552 2357 clementi
575 2325 645 2357 Deo
665 2329 918 2368 prosternentes
937 2334 971 2355 se
990 2322 1123 2356 dicunt:
1145 2335 1251 2367 usque
1269 2334 1357 2368 quo,
1380 2324 1539 2361 Domine,
1559 2324 1713 2357 irasceris
1732 2324 1764 2357 in
1785 2323 1905 2361 finem,
1926 2330 1959 2357 et
1977 2324 2066 2369 ignis

397 2383 501 2414 instar
527 2382 574 2413 ira
601 2387 658 2414 tua
684 2379 903 2413 exardescet?
930 2380 978 2412 Ne
1004 2380 1075 2412 sine
1101 2380 1206 2413 modo
1233 2386 1333 2424 atque
1360 2381 1566 2413 incessanter
1592 2382 1639 2413 ira
1666 2387 1721 2414 tua
1750 2387 1926 2426 peccantes
1949 2392 2068 2427 perse-

395 2445 532 2483 quatur.
563 2438 658 2471 Certe
686 2443 805 2470 natura
831 2442 888 2470 tua
915 2448 983 2470 non
1010 2437 1054 2469 ita
1081 2448 1115 2469 es
1140 2443 1373 2482 comparatus:
1397 2448 1475 2470 nam
1502 2439 1645 2482 percutit
1672 2445 1763 2471 certe
1788 2440 1878 2472 Deus
1903 2438 1981 2472 illos
2005 2439 2065 2484 qui

396 2503 485 2529 recte
511 2497 624 2528 xivere
650 2494 846 2538 negligunt:
869 2494 928 2527 sed
954 2494 1033 2539 quia
1059 2505 1179 2538 magna
1199 2500 1247 2527 est
1267 2501 1297 2527 et
1318 2494 1595 2539 incomparabilis
1613 2496 1685 2529 eius
1704 2496 1902 2532 clementia,
1924 2507 1993 2529 non
2012 2507 2065 2529 se—

395 2552 544 2585 cundum
565 2552 757 2596 iniquitates
775 2557 908 2584 nostras
927 2551 1003 2584 facit
1022 2550 1137 2588 nobis,
1154 2562 1263 2595 neque
1281 2551 1467 2584 secundum
1487 2559 1621 2597 peccata
1640 2559 1755 2587 nostra
1773 2552 1931 2587 retribuit
1948 2551 2060 2586 nobis.

396 2610 534 2654 Semper
561 2610 649 2642 enim
676 2610 761 2642 iram
788 2608 945 2647 cohibet,
969 2619 1081 2653 neque
1107 2620 1205 2653 pares
1230 2610 1372 2654 peccatis
1399 2611 1522 2643 nostris
1548 2621 1675 2655 poenas
1699 2611 1822 2649 infert;
1844 2612 1879 2644 in
1907 2617 2061 2649 tantum,

496 2722 527 2745 '1„
547 2718 614 2751 Quia
635 2723 721 2745 cessat
741 2719 768 2744 in
789 2719 839 2745 hoe
859 2718 963 2753 psalmo
984 2718 1066 2744 codex
1086 2718 1332 2753 praestantissimus
1352 2721 1388 2751 A,
1408 2720 1454 2753 qui
1474 2727 1559 2751 unus,
1578 2720 1613 2746 ad
1632 2721 1765 2756 Cyrilluin
1784 2719 1858 2755 quod
1877 2719 1995 2752 adtinet,
2015 2727 2059 2747 ce-

397 2766 465 2786 teros
484 2761 565 2787 sirrut
585 2770 678 2788 onmes
697 2761 781 2788 ferme
800 2766 945 2796 exaequat,
966 2761 1067 2788 idcirco
1087 2762 1166 2797 longe
1186 2763 1312 2796 pauciora
1332 2763 1385 2789 iam
1405 2768 1553 2797 sequentur
1571 2764 1665 2799 Cyrilti
1684 2769 1833 2799 segmenta.

492 2807 527 2835 (2)
548 2804 737 2832 Animadverte
757 2806 906 2832 catholicae
925 2806 1054 2832 ecclesiae
1073 2806 1224 2833 doctrinam
1245 2805 1278 2832 de
1297 2806 1414 2833 utilitate
1434 2815 1560 2841 precum,
1580 2816 1648 2842 quas
1667 2809 1752 2835 sancti
1777 2808 1900 2835 homines
1920 2806 1953 2834 ad
1971 2808 2060 2834 Deum

395 2856 442 2884 pro
462 2849 556 2875 ceteris
576 2848 705 2875 fundunt.

2197 2761 2205 2827 μ’*
