2205 3177
751 201 782 223 ix
809 200 961 222 PSALMUM
987 201 1098 223 xxxii.
1706 193 1769 226 149

91 271 183 299 ctum
202 275 272 298 non
292 275 396 309 super
414 264 601 299 Israhelem
621 265 877 301 tantummodo,
895 265 981 297 sicut
1000 265 1085 298 olim
1101 266 1218 310 Moyse
1238 267 1488 311 sapientissimo
1508 268 1771 305 interveniente,

90 323 150 356 sed
176 334 279 368 super
304 333 424 356 omnes
451 321 540 355 tilios
566 322 745 356 bominum
773 321 1000 355 inhabitantes
1030 322 1164 356 orbem.
1193 324 1318 357 Vocata
1349 324 1410 357 fuit
1441 326 1533 358 enim
1560 325 1602 358 ad
1629 325 1773 359 salutem

92 391 154 425 per
178 391 397 413 communem
423 386 579 413 nostrum
606 386 815 413 servatorem
839 379 1010 413 Christum
1036 381 1189 424 gentium
1209 381 1396 414 multitudo
1414 383 1576 416 universo
1594 381 1680 416 orbe
1706 382 1773 416 dif—

91 438 175 471 fusa.
198 439 353 483 Namque
372 439 514 471 omnino
535 437 736 471 universalis
755 436 797 470 ad
816 436 1008 482 quamlibet
1027 443 1162 482 gentem
1181 449 1357 483 genusque
1378 438 1574 477 hominum,
1598 451 1660 485 per
1678 451 1774 473 com—

89 506 230 529 munem
256 502 415 528 nostrum
441 501 651 529 servatorem
676 494 866 532 Christum,
888 494 995 539 gratia
1021 494 1239 528 redundavit.

312 560 376 586 Qui
394 561 486 583 finxit
503 560 695 589 singillatim
710 560 802 582 eorda
821 566 944 586 eorum,
960 560 1014 586 qui
1033 560 1188 587 intelligit
1205 561 1310 582 omnia
1326 567 1421 588 opera
1436 567 1553 584 eorum.

186 611 274 644 Vere
300 610 417 655 utique
443 610 533 642 Deus
559 615 607 642 est
636 608 743 647 lilius,
765 610 824 654 qui
842 615 873 642 et
894 608 998 642 corda
1025 615 1140 642 nostra
1164 610 1256 642 novit
1283 621 1371 654 quae
1390 611 1589 654 singillatim
1609 612 1706 651 fecit:
1728 614 1772 646 si-

89 667 232 713 mulque
257 668 372 701 omnia
391 666 588 701 mortalium
615 677 720 711 opera
746 666 825 704 scit;
848 677 918 699 non
944 666 1037 711 quod
1065 666 1188 711 aliquis
1206 667 1235 699 ei
1258 668 1413 705 nunciet,
1436 667 1494 700 sed
1514 669 1653 713 ipsemet
1675 681 1772 703 men-

89 731 138 759 tes
164 726 419 771 introspiciens,
442 730 473 757 ct
501 723 604 757 corda
631 723 771 762 xidens,
800 730 831 757 et
858 735 979 757 arcana
1006 735 1226 769 cognoscens.
1256 725 1340 758 Nam
1368 724 1426 758 lux
1453 737 1530 758 cum
1556 737 1597 758 eo
1623 733 1692 764 est.
1722 728 1769 760 uti

88 783 255 828 scriptum
282 782 343 815 fuit
371 783 401 819 ¹.
424 782 530 814 immo
556 792 639 814 vero
665 781 808 827 ipsemet
836 781 893 814 lux
921 787 983 814 est.

708 847 822 870 Fallax
838 853 935 874 equus
951 848 991 869 ad
1008 847 1150 870 sulutem.

183 900 253 932 Erit
281 904 393 932 autem
420 897 523 931 fallax
542 897 585 931 ad
604 897 748 931 salutem
774 909 902 943 equus,
926 897 960 930 id
980 904 1029 932 est
1049 903 1205 943 equestre
1232 909 1366 943 agmen.
1395 897 1527 931 Excidit
1553 898 1644 931 enim
1664 899 1771 932 inter-

90 956 174 989 dum
200 967 260 1001 spe
285 966 364 993 sua,
385 955 444 1000 qui
463 954 522 988 illa
549 954 656 988 fretus
681 960 772 993 erat;
794 961 827 988 et
846 955 930 988 dum
949 956 1162 1000 superiorem
1182 955 1256 989 fore
1275 966 1310 988 se
1330 961 1445 1000 putat,
1467 955 1502 988 in
1527 955 1679 988 hostium
1698 967 1771 990 ma—

89 1025 153 1046 nus
179 1012 318 1046 decidit.
347 1013 433 1046 Nam
452 1013 578 1046 x‘irium
598 1024 737 1046 suarum
756 1013 854 1058 copia
873 1014 1030 1058 quisnam
1051 1012 1260 1046 salvabitur?
1280 1012 1449 1057 siquidem
1470 1024 1512 1045 ne
1532 1024 1588 1046 rex
1608 1013 1750 1058 quidem
1763 1039 1770 1052 ,

87 1070 140 1104 vel
160 1076 317 1115 equestre
336 1075 373 1102 ut
393 1069 463 1103 dixi
484 1081 619 1114 agmen.
650 1071 750 1103 Recte
769 1070 861 1103 enim
881 1069 1034 1103 utrilibet
1054 1082 1071 1103 e
1090 1069 1272 1115 'praedictis
1296 1069 1454 1103 versiculi
1480 1081 1619 1103 sensum
1639 1081 1773 1104 acconi—

87 1127 259 1161 modabis.
288 1128 378 1161 Deus
404 1128 506 1172 igitur
533 1134 580 1161 est
609 1128 775 1160 x‘irtutum
801 1127 979 1167 dominus,
1002 1134 1102 1173 atque
1122 1127 1165 1161 ab
1184 1139 1225 1161 eo
1244 1128 1387 1161 victoria
1406 1127 1626 1161 conceditur:
1651 1127 1772 1162 liberat

85 1186 179 1219 enim
207 1185 373 1230 facileque
398 1184 503 1218 salvat
531 1184 743 1218 confidentes
770 1186 802 1218 in
829 1186 921 1231 ipso:
941 1185 1067 1231 quibus
1093 1186 1195 1219 etiam
1213 1197 1274 1219 ore
1292 1186 1393 1219 unius
1413 1196 1431 1218 e
1451 1186 1575 1218 sanctis
1593 1185 1772 1231 prophetis

89 1242 213 1277 alicubi
240 1243 285 1276 ait
305 1243 333 1275 ἰ
358 1244 414 1287 qui
443 1254 503 1276 ios
530 1243 692 1288 tetigerit,
719 1248 894 1289 tamquam
920 1244 946 1277 si
974 1243 1142 1289 pupillam
1167 1243 1257 1277 oculi
1284 1244 1391 1289 ipsius
1416 1244 1576 1288 tetigerit.

588 1311 663 1333 Ecce
679 1310 761 1333 oculi
780 1310 907 1333 nomini
923 1317 1017 1337 snper
1034 1312 1177 1334 finientes
1194 1317 1273 1333 eum.

182 1359 359 1396 Ostendit,
380 1361 490 1393 Deum
509 1371 625 1394 curam
653 1372 771 1405 gerere
797 1372 917 1394 eorum
943 1362 1001 1406 qui
1028 1361 1069 1394 ad
1096 1362 1202 1407 ipsius
1227 1360 1490 1394 familiaritatem
1518 1367 1767 1405 pervenerunt,

86 1418 277 1463 spiritalem
301 1417 445 1455 scilicet;
466 1423 499 1450 et
524 1417 620 1462 quod
645 1416 810 1451 benivolo
829 1430 891 1452 suo
910 1418 1055 1463 dignans
1073 1430 1131 1451 eos
1157 1424 1331 1464 respectu,
1353 1424 1446 1451 extra
1466 1429 1604 1451 omnem
1631 1418 1770 1451 calami-

88 1481 189 1507 tatem
216 1474 374 1507 collocat.
405 1473 562 1507 Profecto
581 1474 666 1507 dum
684 1474 766 1508 dicit
788 1488 803 1505 «
826 1487 903 1509 ecce
926 1490 940 1506 »
964 1487 1037 1509 rem
1062 1487 1178 1509 veram
1201 1487 1273 1509 esse
1299 1475 1530 1513 demonstrat,
1555 1481 1586 1508 et
1613 1476 1685 1520 ipsa
1712 1487 1771 1510 ex-

85 1533 251 1578 perientia
278 1532 503 1577 exploratam.
533 1532 630 1566 Oculi
656 1533 795 1566 Domini
821 1545 924 1578 super
955 1534 1112 1567 timentes
1138 1545 1229 1567 eum.
1258 1532 1390 1578 Ecquid
1417 1532 1509 1566 aliud
1536 1533 1619 1565 tanti
1651 1539 1701 1566 est
1726 1533 1769 1566 ad

86 1590 305 1624 felicitatem?
324 1589 384 1623 Vel
412 1589 534 1635 quidni
560 1591 655 1624 omni
682 1591 809 1637 gaudio
835 1591 1029 1627 abundent,
1053 1591 1179 1637 quihus
1198 1603 1216 1625 a
1236 1592 1307 1625 Deo
1333 1591 1453 1637 respici
1481 1591 1673 1636 contingit?
1693 1591 1769 1631 Quo

83 1647 142 1686 fit,
164 1654 200 1681 ut
226 1659 264 1681 ea
292 1659 328 1680 re
354 1658 469 1681 carere
489 1649 681 1682 necessario
708 1650 866 1687 timeant,
887 1650 946 1695 qui
965 1650 1024 1683 Dei
1046 1661 1163 1683 amore
1189 1648 1404 1694 dependent:
1430 1648 1489 1693 qui
1516 1659 1586 1681 non
1605 1647 1669 1681 sibi
1688 1648 1769 1694 ipsis

83 1705 191 1750 magis
217 1704 414 1743 confidunt,
436 1716 541 1750 quam
567 1705 768 1740 clementiae
793 1707 871 1745 Dei,
893 1707 964 1752 spei
992 1707 1069 1740 loco
1094 1705 1261 1740 habentes
1287 1705 1558 1739 misericordiam
1584 1706 1668 1739 eius.

634 1771 677 1794 u
694 1774 785 1795 eruat
802 1780 821 1795 a
837 1774 936 1795 morte
952 1773 1073 1795 animas
1088 1778 1204 1795 eorum.

178 1822 317 1867 Inspicit
343 1822 453 1858 enim,
478 1822 543 1860 ait,
565 1828 601 1855 ut
629 1829 724 1856 eruat
752 1834 770 1856 a
795 1828 907 1856 morte
933 1824 1061 1856 animas
1087 1833 1225 1859 eorumz
1249 1833 1359 1867 neque
1379 1833 1462 1855 vero
1481 1821 1593 1854 carnis
1618 1826 1767 1854 mortem

83 1878 260 1924 intelligit,
282 1879 342 1912 sed
368 1879 569 1924 spiritalem.
598 1880 740 1913 Animae
759 1891 843 1913 vero
863 1886 1010 1914 mortem
1029 1880 1175 1914 dicimus
1188 1906 1195 1919 ,
1217 1881 1243 1913 si
1262 1880 1339 1925 quis
1362 1878 1542 1913 diabolicis
1562 1878 1693 1923 laqueis
1712 1889 1767 1911 ca-

82 1937 212 1981 piatur,
234 1943 266 1970 et
293 1937 326 1970 in
354 1938 482 1982 peccati
508 1949 654 1971 coenum
682 1944 871 1982 mergatur:
897 1939 1064 1983 itemque,
1087 1939 1113 1971 si
1134 1949 1233 1983 aegre
1259 1949 1294 1971 se
1321 1943 1415 1983 gerat
1441 1938 1476 1970 in
1502 1935 1763 1971 tentationibus.

81 2000 114 2027 et
133 1995 167 2027 in
187 1996 234 2027 rei
255 1994 405 2040 agendae
424 1995 560 2028 delectu
580 1995 741 2029 labascat.
765 1996 894 2042 Scopius
914 1997 1028 2041 itaque
1047 1996 1257 2042 respicientis
1277 2002 1412 2029 sanctos
1431 1995 1491 2029 Dei
1511 2000 1558 2027 cst
1571 2020 1578 2032 ,
1599 2000 1635 2027 ut
1656 2000 1766 2026 morte

82 2051 203 2086 liberet
231 2053 427 2086 timentium
454 2065 489 2086 sc
515 2054 663 2090 animas,
686 2066 813 2099 eosque
840 2055 873 2087 in
901 2054 988 2087 fame
1015 2054 1094 2087 alat.

745 2119 786 2142 Ut
804 2119 869 2142 alat
887 2126 936 2142 eos
952 2120 985 2142 iu
1003 2120 1095 2142 fame.

175 2169 297 2215 Replet
323 2170 414 2203 enim
441 2170 570 2202 animas
595 2169 795 2215 spiritaliter
821 2175 851 2203 et
879 2169 1054 2215 religiose,
1079 2181 1202 2214 panem
1228 2170 1310 2215 ipsis
1336 2169 1380 2202 de
1405 2168 1500 2202 caelo
1527 2167 1631 2206 dans,
1655 2166 1690 2200 id
1716 2173 1764 2200 est

78 2237 158 2260 vere
177 2226 347 2261 vivificam
367 2227 619 2273 salutaremque
640 2227 850 2265 doctrinam,
868 2233 901 2260 et
920 2228 1023 2260 sancti
1046 2228 1191 2273 Spiritus
1211 2227 1498 2265 consolationem,
1516 2237 1583 2272 qua
1602 2225 1643 2259 ad
1663 2236 1765 2258 omne

79 2295 167 2329 opus
193 2284 325 2318 bonum
352 2283 601 2330 perficiendum
627 2284 910 2318 corroboramur.
939 2286 1056 2329 Neque
1086 2285 1177 2318 enim
1204 2284 1293 2318 fame
1325 2285 1437 2330 perire
1463 2284 1611 2317 animam
1642 2284 1763 2316 iustam

79 2342 246 2375 Dominus
272 2343 432 2388 patietur.
462 2342 543 2375 Ideo
569 2341 652 2376 dixit
681 2342 763 2375 dum
792 2342 978 2388 spiritalem
1006 2341 1106 2376 nobis
1132 2354 1285 2376 mensam
1310 2340 1486 2376 exhiberet
1507 2341 1536 2374 ἐ
1562 2339 1765 2373 manducate

78 2406 111 2433 et
137 2399 245 2433 bibite
272 2406 373 2444 atque
399 2398 614 2433 inebriamini
630 2427 637 2437 ,
659 2411 680 2433 o
706 2401 867 2446 proximi.

586 2465 700 2487 Anima
719 2467 824 2487 autem
841 2471 908 2487 mea
925 2465 1059 2487 sustinet
1075 2464 1254 2488 Dominum.

174 2515 346 2548 Sustinere
366 2515 570 2551 Dominum,
592 2514 676 2548 nihil
698 2515 791 2549 aliud
815 2527 885 2549 esse
905 2515 1068 2554 dicimus,
1090 2516 1153 2548 nisi
1181 2516 1397 2561 propositum
1422 2513 1585 2559 quicquid
1606 2512 1757 2558 patiendi

77 2571 124 2605 ob
150 2573 326 2606 caritatem
345 2573 437 2610 eius,
461 2577 493 2604 et
520 2571 620 2605 utiles
647 2583 715 2606 non
739 2572 919 2606 recusandi
945 2573 1089 2607 sudores
1112 2579 1147 2606 ut
1173 2572 1265 2605 illius
1285 2572 1407 2617 placita
1433 2581 1673 2615 exsequamur.
1702 2570 1764 2602 Pa-

78 2630 193 2664 tientia
213 2630 304 2662 enim
323 2628 422 2663 vobis
441 2641 529 2675 opus
548 2635 595 2662 cst
608 2655 615 2669 ,
636 2630 767 2675 inquit,
787 2636 826 2664 ut
847 2630 1061 2664 voluntatem
1080 2631 1141 2663 Dei
1160 2630 1338 2668 facientes,
1361 2640 1434 2662 rem
1455 2628 1657 2674 promissam
1678 2638 1761 2660 con-

77 2687 266 2733 sequamini
295 2687 318 2719 ⁶.

564 2753 721 2779 Quoniam
737 2754 864 2776 adiutor
880 2756 912 2777 et
928 2756 1086 2782 protector
1103 2756 1208 2776 noster
1225 2755 1281 2776 est.

173 2806 263 2839 Num
290 2805 395 2849 igitur
421 2805 466 2837 ita
493 2804 685 2850 loquuntur
705 2816 766 2838 ceu
790 2805 858 2837 suis
884 2804 1124 2839 tantummodo
1142 2804 1310 2849 uniceque
1331 2801 1463 2837 viribus
1489 2801 1583 2841 freti,
1604 2809 1637 2836 et
1663 2802 1706 2836 de
1725 2813 1760 2836 se

77 2863 226 2907 gloriose
245 2861 452 2896 sentientes?
471 2862 609 2896 Minime
629 2873 731 2900 vero;
753 2862 811 2896 sed
832 2864 941 2897 sciunt
962 2864 1076 2908 potius
1102 2862 1235 2907 protegi
1258 2872 1292 2895 se
1312 2872 1330 2894 a
1349 2861 1440 2900 Deo,
1463 2871 1611 2906 eumque
1635 2858 1761 2894 babere

1812 571 1831 585 ν.
1848 568 1879 586 15.

1810 798 1817 805 ·
1834 796 1851 817 1.
1867 796 1916 817 loh.
1933 796 1949 816 l.
1965 798 1984 816 τ,

1808 859 1818 873 x
1848 856 1877 874 17,

1812 968 1849 987 nr,
1864 973 1886 993 p.
1902 971 1947 989 2:3⁵.

1811 1255 1819 1264 ’
1834 1253 1901 1274 Zacli.
1917 1253 1944 1275 11.
1960 1258 1980 1274 s.

1809 1316 1830 1331 x.
1848 1314 1878 1331 is.

1799 1781 1818 1796 v.
1836 1779 1842 1796 l

1799 2125 1819 2139 x.
1837 2122 1842 2139 l

1803 2352 1812 2360 ⁸
1827 2352 1891 2371 (tunt.
1910 2351 1935 2369 VC
1955 2354 1969 2370 l.

1799 2472 1809 2486 ι
1838 2470 1869 2486 20.

1795 2494 1833 2513 (ι.
1851 2499 1864 2518 μ
1907 2496 1924 2511 ie

1796 2698 1806 2709 ⁴
1821 2697 1892 2718 Hrtir.
1908 2698 1932 2717 X.
1949 2700 1980 2716 ³⁴2.
