2205 3177
285 1414 293 1419 '
311 1412 328 1431 l·
354 1412 385 1431 LI.
405 1415 433 1431 tt,

249 1645 254 1651 '
268 1642 326 1661 flvlir
347 1641 404 1661 ΥΙΙΙ,
416 1644 434 1661 “,.

273 1985 279 1990 ·
296 1984 345 2002 halv
363 1983 379 2003 ll
408 1986 428 2003 Γ.

272 2329 278 2335 ·
298 2328 351 2346 Ιὶιικι
379 2327 402 2346 Χ.
421 2330 426 2347 l

481 181 541 213 1⁷38
974 190 1000 210 S.
1030 189 1154 210 tlx'RtLLt
1181 189 1399 210 ALExANmuNt
1426 189 1628 211 EXPLANATto

898 256 1003 278 lucum
1021 262 1081 281 me,
1099 255 1241 281 nomine.
1257 257 1422 278 secundnm
1440 256 1593 278 iustitium
1611 258 1705 278 tunm.

569 314 724 343 Sanctum
746 309 787 341 ‹lc
809 308 878 341 lilio
900 308 1038 353 protulit
1061 310 1147 341 nous
1167 309 1345 345 iudiciuin:
1372 320 1439 342 non
1458 310 1547 341 enim
1569 309 1642 341 sitit
1663 315 1697 341 ut
1718 309 1922 342 incessanter
1941 309 2129 342 molestiam

475 370 550 401 huic
577 367 670 411 impii
697 372 868 399 crearent.
891 365 947 398 scd
976 366 1079 398 risum
1104 366 1214 410 potius
1236 366 1373 398 illorum
1394 367 1545 399 extinxit.
1567 385 1589 390 -
1608 366 1736 398 lustum
1756 365 1858 399 veluti
1883 365 2042 399 iudicium
2067 377 2129 410 po-

473 425 591 457 stulat.
616 423 718 467 patris
745 422 902 466 aequitati
923 422 1295 457 convcnicntissimum.
1319 428 1351 454 ut
1380 433 1421 454 nc
1448 420 1720 454 interfectoribus
1746 422 1814 454 suis
1832 422 1956 466 gaudio
1979 422 2130 455 exultare

473 480 651 515 concedat,
674 490 782 523 neque
809 478 850 511 de
878 479 1023 523 paticntc
1050 479 1185 515 laetari.
1208 480 1405 524 praesertim
1432 481 1503 512 sinc
1530 478 1610 511 linc.

712 552 777 574 Non
795 553 899 574 «licant
919 553 951 574 in
968 552 1112 574 cordibus
1127 552 1202 573 suuis:
1219 558 1296 578 euge
1313 558 1390 579 eug(-
1406 552 1528 574 animae
1545 552 1678 573 nonu-ae.
1695 551 1754 573 Nec
1771 552 1891 574 dicant:

1149 596 1360 618 ‹lovon-avimus
1376 602 1454 618 eum.

568 651 696 684 ldcirco
715 651 853 683 extinxit
875 650 1077 683 ludaeorum
1099 651 1201 683 risum
1225 650 1313 682 llcus
1333 655 1447 694 pater.
1470 661 1510 682 ne
1530 650 1564 682 in
1584 648 1746 682 cordibus
1765 650 1832 682 suis
1857 649 2026 683 dicerent:
2048 661 2133 695 euge

470 720 552 753 cuge
579 709 711 741 animae
738 714 885 741 nostrae.
915 709 998 740 Nam
1019 708 1045 740 si
1066 707 1098 739 in
1118 706 1336 739 crucifixione
1356 718 1393 739 ac
1412 712 1522 739 morte
1547 706 1698 739 Christus
1725 712 1967 751 perseverasset
1981 732 1988 744 ,
2009 707 2133 740 merito

469 766 629 799 dixissent
657 765 889 798 interfectores
916 766 1006 798 cius:
1028 777 1111 809 cuge
1137 776 1221 809 euge
1248 765 1378 797 animae
1402 769 1549 797 nostrae.
1581 765 1751 809 ltcmque:
1775 764 2013 798 dexoravimus
2039 776 2129 798 eum.

470 824 532 857 sod
559 825 637 868 quia
665 824 725 868 ipsi
753 824 845 855 omni
874 834 996 867 genere
1016 822 1213 855 calamitatis
1239 821 1352 854 obruti
1373 822 1529 858 suerunt,
1552 822 1627 866 igne
1654 822 1812 866 ferroque
1839 828 1907 855 tota
1933 833 2052 855 eorum
2079 834 2134 856 re-

471 883 570 925 gione
597 887 723 914 xastata
743 892 819 913 cuin
848 880 967 913 incolis
986 881 1071 914 suis:
1092 885 1209 912 contra
1228 889 1310 911 vero
1339 879 1468 923 patiens
1485 879 1636 912 Christus
1662 891 1679 912 a
1705 880 1776 913 Deo
1804 886 1898 924 patre
1923 879 2134 925 glorificatur

414 961 425 968 ··
473 941 622 973 dicente:
646 940 780 984 postula
807 952 823 971 a
850 950 923 975 me,
945 945 974 972 ct
996 938 1086 972 dabo
1113 938 1173 972 tibi
1199 944 1315 983 gentes
1334 937 1558 972 hereditatem
1578 944 1690 976 tuam,
1712 945 1745 972 et
1771 940 2016 984 possessionem
2042 945 2134 973 tuam

473 998 634 1031 terminos
662 1003 789 1033 terrae:
812 1002 910 1040 atquc
937 997 1092 1041 insuper:
1114 995 1191 1028 scde
1210 1006 1227 1028 a
1247 995 1374 1028 dextris
1392 996 1495 1031 meis,
1516 995 1626 1029 donec
1652 1006 1776 1040 ponam
1796 996 1950 1029 inimicos
1969 1002 2045 1030 tuos
2063 1008 2135 1030 sca-

473 1054 602 1087 bellum
630 1053 756 1099 pedum
784 1060 942 1089 tuorum:
968 1059 1043 1098 post
1069 1053 1170 1086 haec.
1199 1054 1357 1096 inquam,
1386 1052 1532 1085 concidit
1560 1052 1763 1086 ludaeorum
1789 1053 2024 1098 supercilium,
2053 1065 2135 1099 pro-

472 1118 573 1145 strata
600 1111 757 1156 superbia
785 1112 866 1147 fuit,
889 1123 999 1155 neque
1025 1111 1167 1144 ulterius
1185 1110 1227 1143 de
1253 1122 1294 1143 eo
1321 1110 1431 1143 laetati
1452 1116 1548 1147 sunt,
1571 1121 1680 1154 neque
1700 1110 1811 1144 dicere
1838 1111 1902 1144 iam
1929 1117 2132 1156 potuerunt:

472 1170 712 1203 dexoraximus
738 1181 828 1202 eum.

874 1233 1022 1255 Exultent
1039 1235 1069 1255 et
1086 1233 1244 1255 laetentur
1260 1233 1313 1259 qui
1332 1231 1439 1255 volunt
1457 1233 1613 1255 iustitiam
1628 1239 1735 1255 meam.

568 1284 795 1317 Nihilominus
821 1283 942 1316 harum
969 1284 1211 1316 sententiarum
1233 1294 1348 1315 sensus
1367 1281 1553 1327 quemlibet
1577 1288 1721 1327 spectat.
1741 1284 1799 1327 qui
1819 1283 1899 1316 velit
1917 1283 2076 1317 iustitiam
2095 1283 2138 1316 il·-

474 1341 556 1376 lius.
578 1347 609 1373 ct
637 1352 713 1374 cum
741 1340 861 1373 codem
884 1351 999 1385 pacem
1020 1340 1147 1373 foxere.
1177 1339 1307 1379 Quibus
1326 1340 1425 1372 ctiam
1445 1339 1608 1383 gaudium
1627 1346 1658 1372 et
1678 1339 1838 1374 laetitiam
1859 1341 2024 1386 impertiri
2043 1341 2133 1378 vult,

474 1399 586 1431 (latam
615 1397 770 1431 videlicet
798 1409 859 1442 per
884 1398 995 1442 ipsum
1016 1408 1033 1429 a
1053 1403 1149 1441 patre
1175 1397 1257 1429 Dco.
1287 1397 1456 1441 Scriptum
1481 1403 1529 1430 est
1555 1397 1646 1429 enim
1665 1396 1707 1430 de
1726 1398 1819 1430 omni
1844 1398 1933 1431 iusto
1953 1398 1983 1430 ἐ
2006 1398 2078 1431 laus
2103 1399 2135 1431 in

474 1457 581 1501 capite
600 1467 737 1491 eorum,
759 1461 791 1487 et
810 1454 934 1488 laetitia
954 1453 1092 1487 cosdem
1116 1454 1288 1498 corripiet.
1317 1453 1474 1486 Ceterum
1493 1464 1661 1497 quaenam
1680 1454 1720 1486 sit
1740 1454 1881 1491 iustitia,
1902 1454 1945 1488 de
1962 1466 2027 1499 qua
2047 1466 2137 1488 nunc

476 1512 645 1557 loquitur.
668 1511 925 1556 disquirendum
946 1516 1110 1556 superest.
1138 1512 1221 1544 Sanc
1240 1510 1297 1543 illa
1318 1522 1379 1555 per
1398 1509 1536 1555 angelos
1554 1510 1676 1543 dictata
1697 1511 1815 1555 priscis
1839 1511 2035 1545 hominibus
2061 1512 2134 1549 lex,

475 1569 662 1603 mediatore
688 1569 937 1614 sapientissimo
963 1569 1098 1612 Moyse,
1126 1569 1284 1611 magistra
1311 1566 1410 1600 nobis
1436 1568 1583 1601 iustitiae
1607 1567 1806 1605 videbatur,
1827 1580 1896 1602 non
1922 1575 2034 1602 tamen
2061 1570 2139 1602 satis

476 1628 655 1672 perlectae.
684 1625 914 1667 Quamobrem
941 1632 971 1659 et
999 1625 1097 1658 divus
1123 1626 1245 1658 Paulus
1270 1626 1298 1660 '.
1326 1636 1394 1658 non
1422 1636 1664 1670 usquequaque
1690 1624 1932 1670 inculpabilem
1960 1626 2003 1658 ait
2029 1626 2137 1671 ipsam

476 1685 592 1722 luisse,
614 1684 672 1718 sed
692 1683 859 1717 secundae
879 1689 1015 1728 typum,
1034 1683 1235 1715 christianae
1255 1682 1397 1719 scilicet,
1415 1693 1501 1727 quae
1520 1682 1721 1727 evangelicis
1740 1682 1907 1716 mandatis
1926 1685 2136 1721 continetur,

475 1748 506 1775 et
532 1748 578 1775 est
608 1741 861 1786 perfectissima.
891 1742 985 1773 Hanc
1011 1741 1123 1784 itaque
1148 1740 1205 1784 qui
1232 1739 1352 1772 wolunt
1379 1740 1560 1777 iustitiam,
1581 1739 1733 1773 exultent
1758 1740 1875 1784 utique
1898 1751 1936 1774 ac
1955 1740 2134 1774 laetentur.

1061 1805 1122 1831 Qui
1140 1805 1247 1827 volum
1265 1811 1367 1831 pacem
1384 1805 1464 1827 servi
1481 1805 1557 1827 eius.

571 1857 661 1901 Siqui
681 1856 723 1888 de
743 1856 846 1900 ¹stirpe
868 1854 1024 1888 lsrahelis
1042 1855 1154 1899 magni
1174 1854 1393 1887 aestimarunt
1415 1852 1459 1897 (1)
1481 1865 1598 1898 pacem
1619 1865 1697 1887 cum
1715 1865 1757 1887 eo
1775 1853 1919 1891 habere,
1942 1855 1975 1887 hi
1998 1854 2138 1888 desertis

479 1914 567 1958 [ipis
594 1913 744 1957 legisque
772 1911 918 1949 umbris,
941 1912 983 1945 ad
1009 1912 1186 1945 veritatem
1214 1912 1435 1947 transierunt,
1456 1922 1543 1955 quae
1569 1916 1618 1944 est
1644 1911 1780 1944 iustitia.
1810 1911 1883 1944 Hoc
1902 1911 2001 1945 docet
2027 1922 2140 1945 sacro-

477 1977 611 2003 sanctus
629 1970 751 2003 Paulus
770 1970 822 2002 his
841 1968 954 2002 verbis
973 1970 1003 2001 ἐ
1026 1980 1088 2002 nos
1108 1975 1225 2001 natura
1252 1979 1368 2001 smnus
1387 1967 1517 2006 iudaei,
1539 1974 1571 2001 et
1598 1979 1666 2001 non
1686 1979 1725 2001 ex
1745 1967 1902 2013 gentibus
1928 1974 2136 2014 peccatores:

478 2038 553 2060 cum
583 2033 693 2059 tamen
719 2027 957 2071 agnoverimus
984 2038 1052 2059 non
1079 2024 1249 2058 iustificari
1278 2025 1452 2058 hominem
1477 2036 1516 2057 ex
1543 2024 1707 2069 operibus
1732 2024 1833 2070 legis,
1861 2025 1920 2058 sed
1946 2036 2007 2070 per
2038 2024 2140 2059 {idem

477 2084 714 2117 tantummodo
741 2085 814 2116 lesu
840 2083 978 2121 Christi,
1001 2095 1063 2116 nos
1088 2094 1225 2127 quoquc
1247 2083 1277 2115 in
1298 2083 1469 2115 Christum
1489 2083 1599 2116 lesum
1626 2081 1851 2121 credidimus,
1874 2088 1910 2116 ut
1935 2083 1968 2116 in
1994 2082 2069 2128 ipso
2088 2083 2141 2116 iu-

476 2142 711 2174 stilicarcmur.
741 2141 840 2181 Quod
860 2142 884 2173 si
905 2147 1014 2174 autem
1035 2140 1168 2173 ethnica
1188 2140 1319 2183 origine
1339 2139 1564 2173 censebantur
1584 2140 1725 2173 fortasse
1743 2145 1944 2173 vocatorum
1962 2140 2137 2177 nonnulli,

477 2199 508 2231 hi
530 2198 751 2231 nihilominus
769 2209 887 2243 pacem
907 2203 1066 2243 optarunt
1087 2209 1162 2230 cum
1183 2196 1325 2229 domino
1345 2203 1463 2230 nostro
1482 2198 1555 2230 Iesu
1575 2197 1724 2235 Christo,
1747 2196 1912 2231 derelicto
1932 2197 1992 2241 qui
2011 2208 2069 2230 eos
2087 2208 2142 2230 ar-

477 2255 570 2288 cebat
598 2266 734 2289 errore.
756 2254 887 2287 sublata
914 2255 1102 2289 inimicitia.
1124 2259 1324 2297 remotoque
1350 2254 1444 2298 quod
1471 2252 1690 2287 interiacebat
1716 2252 1905 2287 obstaculo.
1934 2253 2065 2294 Quibus
2088 2265 2141 2287 sa-

478 2312 706 2357 pientissimus
730 2323 867 2356 quoque
887 2311 1007 2344 l'anlns
1026 2323 1063 2344 ea
1084 2310 1187 2344 verba
1214 2310 1417 2344 inclamabat
1437 2311 1464 2343 ':
1486 2310 1655 2344 iustificati
1682 2322 1765 2355 ergo
1784 2322 1824 2344 ex
1844 2310 1922 2344 fide.
1952 2311 2021 2344 Iam
2047 2310 2141 2356 quod

476 2381 610 2403 sertum
638 2381 672 2401 se
697 2368 849 2401 Christus
876 2368 1045 2405 nominat,
1070 2379 1170 2400 nemo
1196 2366 1440 2405 conturhetur;
1462 2367 1521 2401 sed
1547 2373 1700 2412 reputet,
1726 2378 1804 2400 eum
1831 2368 1919 2401 servi
1945 2367 2054 2402 forma
2081 2367 2143 2401 ad-

477 2432 629 2471 sumpta.
651 2432 682 2458 et
711 2424 827 2458 habitu
856 2425 1031 2458 inventum
1056 2423 1250 2462 hominem,
1273 2430 1379 2457 semet
1404 2425 1515 2469 ipsum
1542 2424 1784 2458 humiliavisse.

727 2492 764 2514 Ε(
782 2491 892 2518 lina-ua
911 2497 977 2513 mea
993 2490 1198 2513 meditabitur
1216 2491 1370 2512 iustitiam
1387 2492 1471 2513 tuam
1482 2505 1490 2517 ‚
1507 2492 1574 2513 tota
1589 2491 1640 2513 «lie
1655 2491 1779 2513 laudem
1798 2493 1892 2513 mam.

573 2542 700 2576 Videsis
725 2542 839 2575 denuo
865 2554 902 2574 ex
931 2541 982 2574 his
1008 2541 1226 2574 humanitatis
1251 2542 1398 2585 speciem
1423 2542 1458 2574 in
1483 2541 1617 2575 Christo
1643 2542 1776 2587 egregie
1801 2542 2028 2575 efformatam.
2056 2542 2140 2574 Nam

475 2601 551 2643 quia
580 2606 753 2644 tamqnam
780 2611 866 2632 unus
893 2611 931 2631 ex
959 2596 1057 2632 nobis
1084 2597 1190 2632 factus
1215 2604 1280 2632 est.
1303 2598 1381 2630 ideo
1407 2599 1744 2636 convenientissime,
1766 2599 1879 2632 servili
1905 2610 1941 2632 se
1966 2599 2141 2632 continens

478 2657 618 2689 modulo
645 2657 825 2690 humanam
853 2657 1011 2688 iustitiam
1031 2654 1194 2700 perficere
1213 2655 1348 2687 dicitur.
1378 2656 1471 2700 Opus
1497 2667 1579 2689 vero
1605 2656 1748 2689 institiae
1775 2663 1909 2690 nostrae
1935 2662 2003 2691 est.
2024 2666 2139 2688 curam

477 2724 592 2756 gerere
619 2720 652 2746 ut
681 2725 814 2758 semper
833 2714 903 2746 Deo
923 2713 1044 2746 decens
1065 2724 1102 2745 ac
1121 2711 1234 2744 debita
1262 2712 1334 2744 laus
1360 2711 1541 2746 tribuatur.
1564 2732 1586 2737 -
1605 2713 1735 2746 Dicitur
1760 2714 1861 2746 etiam
1880 2713 2048 2749 Christus.
2070 2712 2140 2756 spi—

578 2841 609 2869 sls
630 2840 660 2865 ln
680 2847 775 2873 graeco
795 2844 867 2866 textu
887 2839 993 2873 legatur
1013 2841 1102 2865 rim-2³2
1124 2846 1170 2872 pro
1190 2840 1282 2864 κάκ’,
