2205 3177
458 241 730 300 SANCTI
767 237 1105 296 EIUSDEM
1143 236 1449 294 CYRILLI

246 379 967 425 ὣὲὶίῧᾟὶῐὲῗὲἓὲίὲἔῶῗέἰϊ
1020 374 1658 418 ΔΕΣῊΣΔΣῘΠῊΒΠΣῘΠ

690 497 1216 543 EXPLANATIO

364 622 413 651 IN
442 619 795 650 POSTERIOREM
823 618 886 646 AD
913 614 1219 647 CORINTHIOS
1248 612 1545 643 EPISTOLAM.

324 828 445 852 Paulus
461 827 620 855 apostolus
636 827 707 850 lesu
724 826 845 850 Christi
863 833 920 854 pel·
937 825 1129 849 voluntatem
1146 823 1220 851 Dei,
1236 824 1268 845 et
1282 821 1465 845 Timotheus
1482 820 1595 843 frater.

110 895 415 978 Sapientissimus
434 930 558 964 Paulus
577 929 753 976 apostolus
773 929 901 963 electus
919 928 963 963 ad
981 928 1105 962 Christi
1124 926 1371 963 ministerium,
1388 923 1565 957 voluntate
1579 922 1638 955 Dei
1659 931 1802 967 promo·

114 995 188 1023 tum
214 1000 249 1022 se
274 989 373 1027 dicit,
400 987 806 1034 pseudo-prophetarum
832 993 865 1020 et
892 985 1289 1032 pseudo-apostolorum
1313 982 1461 1028 gloriam
1487 981 1537 1015 uti
1563 980 1706 1025 impiam
1733 989 1803 1012 res-

116 1057 241 1092 puens,
262 1047 407 1092 loquens
428 1052 543 1079 autem
560 1047 595 1079 in
617 1046 758 1091 spiritu,
780 1046 964 1090 ipsumque
984 1042 1114 1077 habens
1133 1042 1274 1088 propria
1293 1040 1328 1073 in
1348 1040 1460 1073 anima
1483 1039 1650 1071 insertum
1670 1037 1801 1069 Iesum:

115 1104 159 1137 ita
186 1110 225 1137 ut
250 1104 357 1138 modo
383 1104 490 1138 dicat:
512 1103 634 1137 videor
654 1110 767 1137 autem
794 1109 824 1136 et
853 1114 917 1148 ego
943 1102 1102 1148 spiritum
1130 1101 1188 1134 Dei
1214 1098 1361 1136 habere;
1389 1096 1496 1131 modo
1521 1107 1606 1129 vero
1631 1096 1662 1127 ':
1691 1094 1717 1127 si
1744 1106 1802 1127 ex·-

116 1162 346 1207 perimentum
372 1162 537 1207 quaeritis
563 1161 736 1206 loquentis
756 1162 789 1194 in
810 1172 865 1194 me
885 1160 1020 1194 Christi.
1051 1160 1194 1192 Servum
1213 1169 1247 1191 se
1266 1157 1348 1190 dicit
1366 1155 1477 1191 illius,
1499 1154 1560 1188 etsi
1580 1152 1708 1197 alioqui
1728 1163 1804 1189 otn-

117 1219 214 1252 nium
235 1230 350 1252 rerum
370 1218 473 1252 habet
493 1225 697 1264 potestatem
717 1220 826 1256 Deus,
843 1218 1004 1262 solusque
1027 1216 1238 1249 dominatur.
1261 1215 1398 1248 Dictum
1415 1219 1464 1246 est
1484 1212 1577 1245 enim
1595 1211 1625 1243 ei
1642 1210 1670 1243 ἐ
1687 1208 1803 1243 omnia

118 1276 272 1309 serviunt
298 1275 371 1309 tibi.
401 1276 491 1316 Quid
518 1277 552 1309 ni
579 1278 682 1321 igitur
708 1276 835 1309 diserte
861 1274 1054 1309 naturalem
1074 1274 1138 1319 ipsi
1165 1283 1313 1317 vereque
1339 1272 1411 1304 Deo
1433 1269 1668 1315 dignissimam
1693 1266 1805 1300 domi-

120 1334 266 1366 nationis
291 1333 437 1377 gloriani
463 1332 660 1366 adtribuat?
680 1333 771 1366 Facit
799 1338 915 1366 autem
941 1329 1197 1376 propemodum
1225 1329 1463 1363 coadiutorem
1482 1333 1515 1360 et
1542 1326 1673 1360 socium
1692 1325 1726 1357 in
1753 1323 1806 1356 his

119 1401 206 1435 quae
231 1390 348 1424 scribit
368 1390 649 1437 probatissimum
667 1390 904 1427 Timotheum,
926 1400 1051 1434 nempe
1071 1394 1109 1421 ut
1127 1387 1273 1420 validius
1299 1385 1521 1432 persuadeat3
1544 1384 1678 1417 dicente
1704 1370 1806 1416 nimi-

120 1459 197 1481 rum
224 1448 316 1493 lege:
339 1449 373 1481 in
400 1459 460 1481 ore
486 1447 638 1481 duorum
665 1448 803 1481 testium
829 1452 863 1479 et
889 1447 994 1479 trium
1020 1445 1122 1486 stabi-t
1148 1455 1251 1479 omne
1277 1442 1436 1477 verbum.

671 1512 828 1535 Ecclesiae
844 1512 920 1540 Dei,
935 1513 1077 1539 quaeest
1093 1510 1252 1533 Corinthi.

215 1562 376 1596 Scribunt
402 1563 563 1597 ecclesiae
581 1563 661 1602 Dei,
681 1574 770 1608 quae
790 1569 863 1596 erat
881 1561 1054 1600 Corinthi;
1079 1571 1290 1606 quamquam
1308 1559 1448 1593 ecclesia
1467 1557 1535 1591 dici
1561 1557 1648 1591 solet
1664 1556 1804 1590 Christi:

119 1620 191 1665 ipse
216 1621 308 1654 enim
335 1632 411 1654 eam
436 1621 501 1655 sibi
528 1621 742 1667 comparavit
766 1621 936 1665 virginem
962 1625 1100 1653 castam.
1130 1617 1312 1663 Ceteroqui
1330 1618 1357 1650 si
1380 1616 1519 1650 ecclesia
1543 1616 1604 1649 Dei
1625 1621 1692 1654 est,
1711 1614 1810 1648 Chri-

119 1683 190 1711 stus
217 1684 332 1712 autem
349 1690 424 1712 eam
445 1678 510 1712 sibi
530 1679 762 1725 comparavit,
785 1678 876 1711 Deus
895 1678 1014 1722 utique
1032 1677 1174 1723 propria
1197 1679 1321 1710 natura
1336 1676 1364 1708 is
1383 1681 1431 1708 est
1451 1675 1509 1719 qui
1536 1685 1577 1708 ex
1603 1678 1717 1707 sancta
1737 1671 1810 1705 dei—

119 1746 203 1779 para
227 1736 332 1770 Maria
359 1736 489 1782 prodiit
510 1736 570 1781 (l).

397 1801 512 1825 Gratia
530 1803 614 1825 vobis
630 1803 663 1824 et
679 1808 739 1829 pax
757 1808 776 1823 a
793 1801 858 1824 Deo
874 1802 967 1828 pan-e
983 1802 1104 1828 nostro,
1120 1802 1152 1822 et
1167 1800 1292 1823 domino
1309 1798 1381 1821 lesu
1397 1797 1535 1820 Christo.

219 1853 251 1885 Si
271 1853 425 1886 divinam
444 1853 480 1886 in
500 1852 573 1886 filio
592 1860 752 1886 naturam
771 1864 841 1885 non
860 1852 1071 1897 agnovisset,
1088 1863 1150 1885 cur
1168 1851 1324 1884 dicturus
1343 1861 1414 1883 non
1433 1848 1567 1882 fuisset:
1588 1847 1696 1893 gratia
1714 1845 1813 1880 vobis

122 1916 155 1943 et
181 1921 247 1955 pax
274 1922 292 1944 a
319 1911 394 1944 solo
420 1911 492 1944 Deo
520 1912 640 1956 patre?
659 1912 758 1944 Nune
785 1916 897 1943 autem
924 1921 1003 1943 cum
1027 1909 1197 1947 adsociet,
1219 1908 1391 1953 simulque
1415 1907 1573 1940 datorem
1591 1910 1699 1951 ponat
1716 1904 1813 1938 Chri-

123 1974 214 2001 stum
242 1968 417 2002 donorum
443 1980 531 2013 quae
558 1968 675 2002 divina
704 1967 824 2002 tribuit
851 1975 991 2004 natura,
1021 1968 1099 2001 satis
1125 1967 1205 2000 hinc
1234 1972 1376 2012 apparet
1403 1964 1446 1999 ab
1471 1976 1513 1999 eo
1538 1964 1711 1998 Christum
1742 1973 1813 1995 non

124 2027 274 2071 ignorari
303 2027 444 2072 propria
465 2038 537 2060 esse
564 2030 687 2060 natura
708 2027 830 2060 Deum.
859 2027 1058 2060 Necessario
1077 2026 1181 2071 igitur
1207 2023 1459 2058 adsociabimus
1477 2023 1549 2056 Deo
1570 2022 1658 2067 patri
1680 2020 1791 2054 filium
1804 2045 1811 2055 .

123 2083 230 2117 veluti
258 2096 365 2135 unum
390 2096 470 2118 cum
496 2084 558 2118 illo
584 2090 617 2117 et
643 2083 934 2117 consubstantiale
959 2083 1132 2121 Verbum,
1155 2089 1193 2116 ut
1220 2094 1308 2116 unus
1332 2093 1472 2128 quoque
1497 2081 1588 2114 Deus
1613 2079 1714 2113 dator
1741 2088 1816 2111 cre-

125 2141 227 2175 datur
253 2142 460 2188 spiritalium
486 2141 673 2176 bonorum.
703 2141 825 2175 Christi
852 2154 936 2175 vero
963 2142 1038 2175 Iesu
1066 2141 1226 2179 nomine,
1248 2139 1401 2173 Verbum
1429 2139 1489 2173 Dei
1515 2139 1549 2171 in
1576 2149 1677 2171 carne
1703 2142 1815 2170 osten-

126 2212 202 2234 sum
228 2201 410 2247 significat.
439 2201 540 2242 Quod
566 2202 593 2235 si
621 2202 675 2235 hic
702 2201 803 2235 dator
823 2201 966 2234 illorum
985 2212 1170 2234 munerum
1196 2206 1265 2238 est,
1287 2210 1375 2244 quae
1401 2204 1434 2232 et
1460 2199 1533 2244 ipse
1560 2203 1656 2243 pater
1676 2194 1813 2233 tribuit,

127 2259 211 2302 quid
231 2260 265 2292 ni
284 2259 485 2293 naturaliter
500 2261 607 2297 Deus,
625 2258 671 2291 ob
691 2259 978 2304 dispensatoriam
998 2270 1077 2291 cuin
1096 2270 1156 2292 sua
1175 2269 1277 2291 carne
1296 2258 1480 2294 unionem,
1496 2255 1708 2299 intelligatur
1726 2251 1817 2285 Chri-

128 2317 221 2349 stus‘?
241 2317 293 2349 Sic
311 2318 414 2350 etiarn
433 2318 702 2362 sapientissimus
720 2317 845 2350 Paulus
865 2317 908 2350 de
929 2316 1116 2350 Israhelitis
1134 2315 1287 2361 quodam
1307 2315 1386 2348 loco
1406 2315 1451 2348 ait
1466 2314 1496 2346 'z
1514 2323 1664 2358 quorum
1683 2316 1815 2356 patres,

128 2379 161 2407 et
180 2385 220 2407 ex
239 2372 366 2419 quibus
384 2374 537 2408 Christus
557 2375 747 2408 secundum
766 2386 904 2408 carnem
917 2400 924 2413 ,
944 2375 1004 2420 qui
1031 2380 1080 2408 est
1107 2385 1211 2419 super
1230 2373 1346 2407 omnia
1366 2373 1455 2406 Deus
1476 2369 1676 2404 benedictus
1693 2369 1728 2401 in
1748 2378 1819 2400 sae-

129 2430 219 2464 cula.
246 2432 369 2464 Amen.

387 2497 507 2519 ffidelis
523 2499 628 2520 autem
646 2498 743 2526 Deus,
760 2499 842 2525 quod
859 2500 964 2521 noster
981 2498 1021 2520 ad
1039 2504 1089 2520 vos
1105 2504 1204 2520 sermo
1222 2503 1285 2519 non
1303 2497 1369 2519 fuit
1385 2497 1430 2519 est
1448 2496 1479 2518 et
1496 2500 1568 2517 non.

226 2548 336 2580 Nemo
362 2546 463 2585 dicit,
486 2546 648 2580 dominus
666 2549 777 2587 Iesus,
799 2549 863 2582 nisi
889 2549 923 2581 in
950 2549 1078 2593 Spiritu
1105 2554 1223 2581 sancto
1244 2548 1275 2580 ¹:
1299 2547 1445 2592 Spiritus
1465 2551 1579 2578 autem
1598 2542 1723 2576 veritas
1749 2547 1816 2580 est,

130 2604 179 2638 uti
206 2605 375 2649 scriptum
400 2610 463 2637 est.
493 2605 633 2637 Plenam
658 2605 773 2650 itaque
798 2607 960 2643 veritate,
985 2607 1055 2639 sixe
1081 2606 1209 2651 Spiritu
1237 2610 1374 2641 sancto,
1398 2613 1505 2647 quum
1532 2606 1682 2634 mentem
1709 2609 1820 2645 gesse-

131 2662 200 2695 rint
226 2662 442 2707 evangelicae
468 2661 645 2695 doctrinae
672 2673 875 2707 praecones,
903 2663 1085 2697 mendaces
1111 2668 1285 2708 nequeunt
1313 2660 1497 2695 existimari
1524 2660 1558 2692 in
1585 2658 1637 2691 his
1662 2669 1750 2703 quae
1776 2656 1819 2690 de

130 2719 267 2754 Christo
286 2720 419 2754 dicunt.
442 2721 549 2754 Porro
568 2719 651 2754 haec
671 2720 857 2754 rectissime
877 2720 1141 2766 firmissimeque
1160 2731 1195 2753 se
1213 2718 1359 2757 habent,
1380 2717 1515 2751 Christo
1532 2717 1608 2762 ipso
1625 2721 1768 2750 testante
1788 2715 1817 2747 'z

228 2850 267 2880 (1)
286 2849 386 2876 Denuo
406 2848 467 2875 lieie
486 2851 512 2875 et
532 2848 633 2883 passim
653 2847 785 2875 admirari
804 2846 867 2875 lieet
886 2848 980 2884 Cyrilli
1001 2847 1127 2875 studium
1147 2845 1319 2874 asseverandi
1338 2845 1441 2873 Christi
1459 2844 1640 2872 divinitatem.

1837 816 1891 837 CAP.
1909 816 1925 836 l.
1943 819 1960 835 ι.

1838 843 1876 863 Gr.
1891 848 1913 868 p.
1929 845 1961 863 83,

1844 1107 1849 1112 ‘
1866 1103 1895 1124 II.
1910 1103 1962 1124 Cor.
1975 1101 2035 1123 XIII.

1842 1209 1902 1258 ΞΞΙΡΒ.
1917 1207 2010 1230 cxvm

1853 1971 1890 1992 Gr.
1907 1977 1927 1997 p.
1944 1974 1975 1990 sb,

1858 2325 1865 2331 ¹
1880 2322 2000 2343 Rom.1x.
2018 2326 2035 2341 η.

1859 2501 1879 2516 V.
1897 2498 1927 2515 18.

1861 2553 1867 2559 ¹
1879 2549 1896 2570 1.
1908 2549 1960 2570 Cor.
1971 2547 2021 2569 xii.
2033 2551 2051 2567 Ji.

1861 2731 1867 2738 ·
1883 2727 1967 2749 Matth.
1980 2726 2007 2747 X.
2021 2730 2052 2747 *20v
