2205 3177
164 1062 170 1069 ¹
181 1058 353 1080 utet-,xvtttsss

240 1860 277 1879 Iir.
290 1865 314 1885 p.
330 1862 361 1880 39.

388 233 434 266 26
893 236 922 261 S·
951 236 1079 259 ci'mLu
1105 236 1326 259 ALEXANnmNt
1354 237 1559 260 EXPLANATto

393 306 587 340 stimemus.
609 300 777 336 eiusmodi
803 302 946 335 omnino
967 300 1040 335 fore
1065 312 1345 346 unumquemque
1370 301 1563 340 hominem,
1585 302 1774 337 cuiusmodi
1799 302 1962 337 divinitus
1983 314 2066 337 con-

395 364 562 396 formatus
580 360 703 393 fuerit?
721 360 767 393 ita
786 365 821 392 ut
844 358 929 392 alius
947 358 1087 403 quidem
1106 359 1147 392 ad
1166 359 1333 393 honorem
1351 359 1484 404 genitus
1503 358 1603 392 fuerit
1616 385 1623 398 ,
1643 366 1742 405 atque
1760 360 1993 395 huiuscemodi
2012 371 2065 394 na-

397 427 507 453 turam
533 418 691 452 sortitus:
713 416 798 450 alius
817 428 900 450 vero
926 416 1033 450 factus
1056 417 1109 450 vel
1129 418 1308 450 suscitatus
1332 428 1409 450 cum
1436 416 1542 451 durae
1568 417 1694 451 indolis
1718 418 1896 462 qualitate,
1914 430 1958 459 eo
1982 430 2065 452 con—

390 476 481 510 siiio.
503 480 604 520 prout
626 475 716 508 Deus
734 474 806 519 ipse
829 475 891 511 ait,
911 480 947 507 ut
967 474 1123 519 divinum
1142 485 1266 507 nomen
1288 474 1319 507 in
1341 475 1496 508 universa
1516 481 1604 508 terra
1623 475 1869 520 divulgaretur.
1891 476 1959 509 Cur
1976 487 2059 522 crgo

390 538 566 578 peccantes
592 531 702 565 adhuc
730 530 982 569 accusabimus.
1003 532 1170 577 siquidem
1199 531 1240 565 ad
1262 531 1294 564 id
1318 532 1520 566 conformati
1545 531 1705 566 fuerunt?

485 588 797 622 Verumtamen-his
816 589 1025 635 respondere
1045 589 1139 627 licet,
1159 589 1299 622 minime
1315 600 1373 623 eos
1394 589 1575 623 adfirmare
1596 601 1712 635 posse,
1734 589 1828 635 quod
1846 602 1863 624 a
1883 591 2064 636 praedictis

390 646 563 680 sententiis
584 645 716 679 diversa
733 652 853 680 natura
873 646 997 679 horum
1017 645 1197 679 hominum
1216 645 1314 679 nobis
1333 646 1530 688 denotetur:
1549 658 1658 692 neque
1676 647 1767 680 enim
1785 658 1878 680 saera
1897 649 2064 693 scriptura

391 704 454 741 ait,
477 703 646 748 quosdam
672 702 837 737 formatos
865 702 966 737 fuisse
992 703 1148 737 crudeles
1174 709 1232 736 aut
1257 702 1462 742 obduratos,
1483 705 1535 737 vel
1560 716 1639 737 vasa
1665 704 1806 738 honoris
1830 711 1864 738 et
1888 711 2065 739 contume-

392 760 472 796 liae.
495 772 604 807 neque
630 760 681 794 his
708 767 863 794 naturam
883 760 1079 794 huiusmodi
1107 760 1248 805 prorsus
1274 760 1458 799 adtribuit;
1479 761 1538 795 sed
1564 762 1650 795 illud
1670 763 1784 808 potius
1805 762 2065 807 intelligendum

391 818 528 856 suadet,
547 817 734 851 nonnullos
752 818 909 851 homines
929 816 1002 850 fieri
1029 817 1138 851 solere
1162 828 1323 850 vasorum
1349 817 1503 852 fictilium
1527 820 1650 857 instar.
1672 830 1821 864 quorum
1848 818 1920 853 aliis
1939 818 1981 852 ad
2004 819 2066 853 ho-

393 886 512 909 norem
525 901 532 911 .
555 875 628 908 aliis
648 886 731 908 vero
749 875 792 908 ad
815 874 857 908 ad
878 874 1100 919 ignominiam
1119 875 1261 907 utimur.
1283 875 1383 915 Quod
1403 876 1549 921 exempli
1571 888 1676 921 genus
1695 876 1942 923 prophetarum
1960 875 2066 910 verba
2085 907 2088 910 ,

393 944 455 967 nos
480 933 616 966 docent.
639 933 729 976 Ergo
755 943 903 977 quanam
926 931 1056 965 ratione
1078 930 1161 965 {iant
1185 931 1344 976 quidam,
1367 944 1463 966 more
1485 933 1639 967 fictilium
1660 945 1823 979 operum,
1850 934 1906 967 alii
1933 933 1975 967 ad
2003 933 2067 968 ho-

395 1002 533 1028 norem,
559 990 614 1023 alii
634 989 675 1022 ad
704 989 943 1033 ignominiam,
963 994 997 1021 et
1023 999 1108 1033 quas
1134 987 1180 1022 ob
1208 999 1342 1027 causas,
1363 989 1399 1022 id
1426 989 1564 1040 demum
1584 997 1765 1036 cognoscet
1791 991 1849 1036 qui
1877 991 2068 1025 Hieremiae

393 1058 567 1081 sermones
585 1046 751 1079 consulet.
775 1045 823 1078 lbi
846 1044 937 1078 e'nim
956 1046 1000 1078 ita
1020 1045 1180 1079 scribitur
1198 1045 1229 1078 'z
1255 1059 1270 1076 «
1291 1057 1391 1091 surge
1403 1072 1410 1084 ,
1431 1052 1465 1080 ct
1482 1047 1649 1081 descende
1671 1048 1716 1092 (1)
1736 1048 1771 1080 in
1789 1048 1932 1081 domum
1948 1046 2045 1093 figuti
2057 1074 2064 1086 ‚

392 1104 508 1150 ibique
527 1114 701 1137 sermones
724 1113 818 1136 meos
841 1102 970 1136 audies.
996 1116 1013 1134 »
1035 1102 1270 1148 Descendique
1292 1103 1328 1136 in
1354 1102 1450 1147 figuli
1473 1103 1635 1142 domum,
1656 1110 1689 1137 et
1712 1116 1789 1138 ecce
1811 1105 1839 1138 is
1861 1116 1948 1150 opus
1967 1104 2067 1138 facie·-

393 1161 452 1195 bat
473 1162 507 1195 in
531 1160 719 1206 lapidibus.
743 1159 934 1205 exciditque
959 1159 1152 1198 vasculum,
1173 1159 1268 1204 quod
1295 1159 1455 1197 faciebat,
1478 1160 1566 1193 inter
1590 1172 1709 1193 manus
1731 1161 1818 1203 eius:
1840 1162 1935 1205 isque
1953 1161 2068 1194 denuo

394 1219 556 1253 idemmct
577 1217 754 1251 vasculum
773 1217 807 1250 in
824 1216 917 1250 aliud
937 1217 1185 1255 conformavit,
1202 1223 1305 1263 prout
1324 1218 1386 1263 ipsi
1406 1217 1517 1250 facere
1535 1216 1648 1250 libuit.
1665 1218 1757 1250 Tunc
1771 1216 1879 1250 faetus
1892 1222 1941 1249 est
1956 1227 2070 1264 sermo

394 1276 531 1310 Domini
552 1275 593 1309 ad
612 1286 667 1307 me
685 1274 846 1308 dicentis:
868 1285 951 1307 num
978 1284 1044 1319 ego
1067 1274 1209 1307 minime
1230 1280 1353 1319 potero
1379 1275 1485 1307 instar
1510 1273 1611 1307 huius
1636 1273 1732 1319 figuli
1752 1272 1930 1307 vobiscum
1949 1282 2069 1318 agere,

394 1334 519 1368 domus
545 1332 697 1367 israhel?
721 1333 771 1365 En
798 1338 836 1365 ut
862 1331 958 1377 figuli
980 1331 1084 1365 limus
1107 1332 1186 1365 estis
1208 1343 1270 1366 vos
1296 1332 1331 1366 in
1355 1330 1515 1365 manibus
1538 1333 1634 1365 meis.
1657 1332 1839 1365 Decretum
1861 1330 2006 1376 eloquar
2027 1328 2072 1363 de

395 1397 494 1436 gente
515 1391 626 1435 aliqua
647 1389 701 1423 vel
721 1401 829 1435 regno
850 1395 887 1423 ut
908 1389 1168 1423 exscindantur:
1190 1395 1223 1423 et
1242 1390 1415 1435 resipiscet
1433 1400 1516 1435 gens
1536 1389 1594 1423 illa
1617 1388 1660 1422 ab
1680 1388 1847 1423 universis
1863 1387 1963 1421 malis
1981 1387 2070 1427 suis;

395 1456 429 1483 et
454 1447 641 1494 paenitebit
666 1459 722 1481 me
749 1446 941 1485 malorum,
965 1457 1053 1492 quae
1070 1446 1121 1480 illi
1146 1446 1272 1480 inferre
1295 1445 1580 1480 deliberaveram.
1610 1448 1650 1480 Et
1669 1446 1845 1480 decretum
1863 1445 2005 1490 eloquar
2029 1444 2073 1478 de

396 1512 495 1551 gente
515 1505 575 1538 illa
592 1504 647 1538 vel
673 1515 800 1549 regno,
823 1510 859 1537 ut
887 1503 1111 1537 aedificentur
1139 1510 1239 1548 atque
1267 1503 1485 1549 plantentur:
1508 1503 1544 1536 hi
1561 1514 1645 1537 vero
1663 1503 1818 1537 homines
1838 1501 1998 1548 improbe
2016 1512 2073 1536 eo—

396 1574 469 1597 ram
493 1574 547 1596 me
567 1567 684 1607 agent,
705 1572 767 1594 nec
785 1561 862 1594 voei
887 1572 983 1595 meae
1002 1560 1255 1605 obsequentur:
1279 1566 1311 1593 et
1330 1571 1385 1593 me
1411 1560 1557 1593 vicissim
1577 1559 1827 1594 beneficiorum
1846 1571 1932 1604 quae
1953 1559 1989 1592 in
2014 1570 2074 1593 eos

396 1620 554 1654 conferre
572 1620 812 1657 decreveram,
835 1617 1033 1664 paenitebit.
1062 1617 1171 1651 Viden
1189 1628 1338 1662 quanam
1363 1617 1495 1651 ratione
1521 1617 1714 1651 formentur
1736 1617 1877 1663 quidam
1900 1616 1943 1650 ab
1962 1616 2075 1650 hono—

398 1689 488 1716 rem,
507 1677 649 1723 quidam
666 1688 750 1710 vero
769 1676 811 1710 ad
836 1676 1084 1721 ignominiam?
1102 1687 1172 1709 non
1192 1674 1286 1720 quod
1309 1686 1427 1720 reapse
1448 1675 1496 1708 sic
1515 1674 1764 1708 conformatam
1783 1680 1940 1708 naturam
1964 1674 2074 1708 sortiti

398 1736 483 1774 sint,
501 1735 560 1769 sed
578 1735 658 1780 quia
677 1734 801 1779 singuli
821 1745 939 1779 parem
958 1732 1122 1780 operibus
1141 1733 1210 1766 suis
1229 1732 1560 1777 convenientemque
1576 1729 1889 1766 remunerationem
1905 1732 2071 1766 referunt.

400 1793 555 1826 Iamvero
575 1793 602 1825 si
624 1792 780 1825 omnium
805 1802 923 1825 rerum
948 1797 1081 1824 creator
1101 1789 1275 1823 hominem
1304 1790 1401 1835 punit
1414 1815 1421 1827 .
1442 1790 1501 1834 qui
1527 1800 1544 1822 a
1564 1790 1664 1823 rectis
1682 1788 1846 1834 operibus
1865 1789 2015 1823 deflectit
2032 1789 2075 1822 ad

401 1850 531 1895 turpia3
553 1849 770 1894 vicissimque
790 1860 869 1882 eum
893 1849 1054 1893 praemiis
1073 1853 1191 1893 ornat,
1213 1848 1272 1892 qui
1292 1859 1309 1884 a
1334 1846 1492 1892 turpibus
1511 1846 1552 1879 ad
1572 1846 1715 1880 honesta
1734 1847 1972 1892 transmigrat,
1992 1847 2075 1891 quid

401 1907 435 1940 ni
453 1918 532 1941 vere
551 1907 702 1945 dicatur,
723 1906 864 1939 minime
883 1906 1052 1951 quosdam
1070 1905 1271 1939 naturaliter
1291 1916 1362 1938 esse
1386 1915 1530 1950 pravos,
1550 1904 1604 1937 vel
1624 1905 1667 1937 ita
1689 1916 1751 1949 per
1769 1916 1804 1938 se
1823 1904 2075 1943 conformatos;

401 1964 459 1999 sed
480 1976 558 1998 vasa
580 1964 695 2009 potius
720 1964 928 2008 ignominiae
946 1963 1112 2002 evadere,
1136 1963 1213 2008 quia
1236 1974 1343 2008 quum
1371 1962 1433 2007 ipsi
1461 1968 1587 1995 rectam
1615 1973 1731 1995 coram
1757 1962 1829 1995 Deo
1854 1962 1959 1995 vitam
1984 1962 2078 1996 insti-

401 2028 496 2055 tuere
522 2021 769 2057 decrevissent,
791 2020 985 2056 voluntaria
1007 2021 1165 2066 posthinc
1191 2019 1390 2053 infirmitate
1418 2019 1459 2053 ad
1486 2019 1656 2052 deteriora
1684 2019 1921 2066 declinarunt?
2062 2014 2064 2016 ¹

497 2080 620 2123 Atqui,
649 2077 735 2111 dicet
765 2078 905 2123 aliquis,
934 2090 994 2112 cor
1020 2078 1204 2111 Pharaonis
1232 2078 1322 2111 Deus
1349 2078 1420 2122 ipse
1449 2076 1654 2115 obduras-in
1682 2078 1848 2119 imnioet
1876 2077 1926 2110 illi
1953 2077 2079 2110 diserte

402 2135 504 2169 dixit:
534 2136 576 2169 ad
598 2136 665 2169 hoc
692 2142 723 2169 te
749 2137 924 2174 suscitavi,
953 2142 991 2169 ut
1018 2147 1131 2170 meam
1158 2135 1191 2168 in
1220 2142 1251 2169 te
1276 2136 1463 2180 potentiam
1489 2135 1682 2168 ostendam.
1711 2136 1782 2179 Age
1807 2146 1908 2174 vero,
1935 2135 1963 2168 si
1989 2135 2078 2168 Deus

403 2192 570 2239 quosdam
591 2192 758 2227 obdurat.
780 2199 881 2237 atque
901 2193 1045 2238 ipsemet
1064 2193 1202 2226 suscitat
1222 2198 1397 2237 tamquam
1418 2193 1487 2225 irae
1506 2203 1602 2230 vasa,
1626 2203 1713 2236 quae
1733 2191 1774 2225 ad
1794 2191 2015 2237 ignominiam
2036 2191 2080 2225 sa-

404 2250 531 2284 bricata
551 2250 728 2287 dicuntur,
754 2262 814 2283 cur
834 2251 901 2283 iam
921 2261 980 2283 eos
1004 2250 1063 2295 qui
1088 2255 1165 2283 sunt
1192 2250 1390 2284 huiusmodi
1414 2251 1504 2283 Deus
1529 2249 1781 2295 reprehendat?
1800 2250 1885 2283 Nam
1911 2248 2079 2282 voluntati

405 2309 476 2342 eius
493 2308 570 2353 quis
588 2318 751 2352 umquam
769 2307 916 2340 restitit?
935 2308 1016 2347 Quis
1036 2314 1149 2341 autem
1169 2306 1281 2341 bonus
1300 2307 1357 2347 fiat
1370 2334 1377 2345 ,
1395 2308 1452 2352 qui
1472 2307 1532 2340 abs
1552 2308 1622 2340 Deo
1640 2307 1741 2340 fuerit
1761 2306 1974 2340 obduratus?
1991 2306 2081 2347 Quid

406 2365 449 2398 ad
468 2365 567 2402 haec,
590 2365 747 2409 inquam,
771 2364 983 2409 respondere
1003 2365 1149 2409 queam?
1169 2366 1254 2398 Sane
1272 2365 1395 2398 sufficit
1415 2365 1457 2398 ad
1476 2365 1548 2397 veri
1568 2365 1815 2409 cognitionem,
1837 2364 1863 2397 si
1881 2370 2081 2410 reputemus

407 2428 507 2467 atque
532 2421 729 2459 credamus,
753 2421 882 2455 nullius
902 2433 1066 2466 umquam
1087 2433 1211 2466 pravae
1234 2422 1283 2455 rei
1299 2423 1409 2455 Deum
1426 2433 1497 2456 esse
1519 2428 1712 2461 auctorem;
1735 2432 1970 2467 quaecumque
1990 2422 2082 2455 enim

407 2481 479 2525 ipse
498 2480 573 2513 fecit
594 2481 603 2523 (
613 2479 639 2523 l)
651 2505 658 2516 ,
682 2479 855 2525 praeclara
871 2479 1059 2513 admodum
1078 2485 1168 2512 sunt.
1191 2480 1222 2512 Si
1241 2491 1323 2524 ergo
1341 2479 1516 2514 hominem
1534 2492 1604 2513 esse
1624 2480 1836 2513 Pharaonem
1854 2485 1996 2524 negant,
2016 2479 2084 2512 uti-

408 2548 474 2581 que
501 2536 682 2570 ostendant
700 2548 779 2570 eum
798 2542 938 2570 naturae
958 2542 1095 2569 nostrae
1113 2547 1329 2581 nequaquam
1350 2537 1452 2571 fuisse
1474 2538 1693 2583 participem:
1714 2548 1776 2571 nos
1792 2548 1875 2570 vero
1893 2537 1946 2569 ori
1964 2541 2084 2570 nostro

410 2594 581 2627 silentium
600 2592 858 2639 imperabimus.
881 2594 981 2634 Quod
1002 2594 1028 2627 si
1050 2589 1108 2627 ille
1125 2594 1240 2638 potius
1260 2605 1276 2627 a
1297 2594 1397 2627 nohis
1416 2607 1485 2628 non
1505 2593 1703 2633 differebat,
1725 2594 1777 2627 vel
1799 2594 1951 2627 divinum
1971 2593 2086 2639 palam

409 2650 564 2683 incusent
589 2651 786 2689 oraculum,
808 2662 869 2685 ceu
891 2650 973 2684 boni
994 2649 1225 2695 contrariique
1254 2651 1430 2695 ignarum:
1450 2652 1503 2686 vel
1531 2653 1557 2685 si
1584 2652 1650 2685 hoe
1672 2651 1786 2685 dicere
1811 2651 1971 2688 horrent,
1993 2649 2083 2683 bona

412 2717 483 2739 esse
503 2707 670 2741 fateantur
687 2720 923 2754 quaecumque
941 2708 998 2742 ille
1019 2708 1061 2741 ad
1080 2709 1292 2742 existentiam
1310 2709 1485 2754 produxit.
1508 2711 1560 2743 Sic
1577 2711 1668 2743 enim
1687 2709 1990 2755 petulantissimam
2008 2717 2084 2740 sen-

414 2764 550 2796 tentiam
571 2764 740 2799 abiicicnt.
762 2767 831 2799 Iam
848 2765 954 2800 verba
976 2780 991 2797 «
1015 2765 1057 2799 ad
1076 2766 1142 2799 hoe
1160 2765 1272 2811 ipsum
1290 2767 1324 2805 ‚te
1345 2767 1502 2801 suscitavi
1525 2781 1540 2799 »
1558 2767 1724 2801 Pharaoni
1742 2766 1848 2804 dicta,
1869 2773 2085 2808 nequaquam

518 2850 551 2874 ΓΙ,
572 2848 679 2874 Excidit
701 2858 713 2875 a
735 2853 808 2876 textu
830 2857 925 2880 graeco
946 2858 972 2884 p.
993 2853 1035 2876 38.
1057 2852 1100 2876 καὶ
1122 2836 1259 2881 ξατάβηὲὶι.

518 2892 549 2920 ’2)
571 2891 677 2925 Repetit
698 2893 860 2920 sententiam
880 2901 958 2921 suam
980 2894 1078 2929 partim
1097 2893 1225 2930 Cyrillus.
