2205 3177
729 120 759 141 ix
788 120 940 141 esuum!
967 121 1057 142 xiivi.
1087 122 1125 142 ET
1152 122 1255 144 xrvn.
1762 117 1827 149 ΞΗ

155 190 281 231 quanta
302 184 479 217 ecclesiam
498 194 593 217 suam
613 195 692 217 cura
713 184 884 229 dignetur.
904 185 1079 218 Praeterea
1100 187 1275 219 sciendum
1295 193 1361 223 est,
1385 179 1514 234 βάρεις
1535 200 1553 222 a
1573 189 1747 223 nonnullis
1766 191 1831 225 dici

157 254 224 276 non
253 248 383 274 tantum
404 243 438 274 in
458 240 639 274 moenibus
666 247 795 277 turres.
819 241 878 274 sed
905 241 1082 286 quoddam
1109 244 1209 276 etiam
1236 245 1372 277 naxium
1392 257 1498 289 genus
1523 245 1610 279 bene
1637 246 1833 280 artificiose-

156 311 224 344 que
249 304 468 332 structarum.
498 299 588 343 Ergo
614 298 666 331 liis
691 309 830 343 quoque
856 304 1052 331 sanctorum
1080 300 1233 333 virorum
1261 312 1425 345 personae
1456 303 1707 348 comparandae
1732 311 1830 342 sunt,

157 362 339 402 propterea
366 355 460 400 quod
487 366 742 399 quaqueversus
769 354 947 399 navigant,
972 360 1001 387 et
1031 355 1205 399 religionis
1231 357 1396 389 sarcinam
1422 358 1462 391 ad
1490 359 1686 393 universum
1713 360 1832 394 orbem

157 413 361 459 deportant:
384 412 574 445 cuiusmodi
605 412 665 444 fuit
692 418 722 444 et
750 411 849 444 divus
868 411 1011 447 Paulus,
1034 412 1091 455 qui
1113 412 1172 445 abs
1192 414 1438 457 Ilierosobmis
1466 427 1570 459 usque
1597 417 1639 450 ad
1660 417 1834 462 Illyricum

155 471 303 504 excurrit
324 470 523 515 praedicans
542 469 662 502 Christi
681 468 907 512 exangelium.
928 469 1013 501 Dicit
1034 480 1116 501 vero
1137 469 1260 502 alicubi
1279 472 1379 503 etiam
1400 472 1498 505 divus
1517 474 1623 507 ltaxid
1640 475 1667 511 ⁶,
1686 475 1719 507 in
1738 482 1832 509 vasto

156 527 296 572 latoque
315 527 399 560 mari
420 538 522 560 naves
541 526 742 561 decurrere,
766 525 881 570 ibique
900 527 1027 559 versari
1049 525 1253 561 draconem.
1278 528 1356 561 ideo
1377 536 1527 562 creatum
1548 537 1583 563 ut
1604 533 1632 564 ei
1653 531 1830 567 illudatur.

156 586 265 618 Naves
285 584 398 617 dictas
426 583 582 629 intellige
605 594 670 628 pro
690 594 803 616 sacrae
829 583 1006 616 doctrinae
1025 582 1239 619 vectoribus:
1261 583 1447 618 draconem
1468 593 1599 623 autem,
1620 588 1835 623 insidiantem

156 642 208 676 his
226 644 400 679 Satanam,
423 653 526 687 quem
546 642 645 675 etiam
675 642 848 677 xicerunt,
870 642 1009 675 navium
1036 643 1175 675 nomine
1201 642 1365 687 designat}
1394 645 1498 677 sancti
1526 646 1608 680 xiii.
1633 658 1734 692 opem
1754 649 1834 693 ipsis

156 699 365 734 salutiferam
395 699 523 732 ferente
549 699 696 732 Christo.
727 698 867 743 Reliqua
894 700 1001 744 priori
1027 699 1104 732 loco
1131 699 1251 732 similia
1279 706 1367 733 sunt.

791 763 938 786 Comen-os
956 770 1047 786 naves
1063 764 1204 786 Thau-sis.

251 815 385 847 Tharsis
405 814 500 847 locus
518 813 728 846 maritimus:
753 813 877 846 dicitur
897 819 1009 846 autem
1029 813 1230 858 Aethiopiae
1249 814 1416 858 quaedam
1438 826 1529 860 pars.
1558 817 1679 850 Tarsus
1697 830 1834 864 quoqne

157 871 256 907 urbs.
279 871 370 916 apud
397 872 515 904 Ionam
542 871 666 904 dicitur
692 871 838 904 Tliarsis.

254 937 342 959 Sicut
360 937 552 964 andivimus,
568 938 615 959 ita
631 939 661 959 et
680 937 812 959 vidimus
829 938 863 958 in
880 937 1007 959 civitate
1025 937 1151 959 nomini
1169 938 1337 964 vix-mmm,
1353 938 1387 959 in
1404 939 1531 961 civitate
1549 939 1607 961 Dei
1626 941 1738 963 nostri.

250 986 385 1019 Bellum
410 986 539 1019 illaturi
559 986 731 1019 coiverant
753 986 879 1019 inimici
899 986 1075 1023 ecclesiam
1097 985 1156 1019 sed
1176 998 1256 1019 mox
1275 998 1349 1020 eam
1371 986 1463 1020 bello
1484 988 1644 1021 invictam
1663 989 1833 1024 x‘identes.

157 1045 265 1078 territi
291 1050 388 1079 sunt.
412 1043 614 1088 proelioque
640 1050 672 1076 et
698 1043 844 1077 iacnlatu
871 1043 1088 1081 absistentes,
1110 1044 1276 1077 clamant:
1301 1045 1384 1077 sicut
1413 1045 1647 1080 audieramuS.
1668 1048 1712 1080 ita
1732 1054 1763 1081 et
1784 1049 1834 1081 xi-

155 1102 287 1135 dimus:
311 1113 390 1135 nam
415 1102 473 1146 qui
500 1101 657 1134 vaticinia
677 1100 720 1134 de
739 1102 809 1146 ipsa
837 1101 1011 1134 noluimus
1038 1101 1236 1137 admittere.
1260 1101 1383 1135 deinde
1403 1114 1465 1135 nos
1492 1104 1553 1148 ipsi
1579 1103 1718 1137 illorum
1744 1107 1835 1139 veri-

156 1166 260 1194 tatem
286 1160 525 1205 spectax'imus.
554 1159 738 1199 Quomodo
765 1165 878 1192 tamen
904 1159 1018 1192 dicere
1045 1165 1232 1204 potuerunt
1260 1174 1274 1189 «
1301 1159 1334 1192 in
1361 1160 1495 1193 cixitate
1523 1162 1580 1193 l)ei
1608 1164 1714 1195 nostri
1738 1177 1752 1193 »
1776 1164 1833 1208 qui

158 1217 261 1250 fidem
288 1228 358 1249 non
385 1216 627 1261 susceperant?
653 1217 782 1261 Nempe
801 1216 859 1260 qui
879 1216 987 1248 Deum
1014 1216 1113 1248 simul
1142 1222 1173 1248 et
1200 1216 1367 1249 virtutum
1386 1217 1570 1250 Dominum
1594 1230 1666 1252 esse
1692 1219 1835 1254 confite-

157 1274 301 1312 bantur,
324 1276 460 1308 insitam
485 1273 548 1307 sibi
576 1273 702 1307 habere
729 1273 833 1307 tidem
860 1273 1036 1307 denotant.
1067 1273 1212 1307 [binam
1234 1286 1317 1307 xero
1342 1276 1602 1319 promissionem
1629 1277 1835 1322 completam

155 1331 314 1365 viderunt
329 1358 336 1369 ,
359 1332 421 1365 nisi
441 1332 476 1364 in
496 1330 654 1368 ecclesia,
677 1342 764 1376 quae
785 1337 833 1364 est
854 1331 969 1363 cixitas
988 1331 1070 1364 Dei'?
1091 1330 1191 1370 Quod
1212 1342 1273 1375 per
1292 1330 1396 1364 fidem
1417 1332 1592 1372 audimus,
1614 1333 1647 1366 id
1669 1345 1729 1378 per
1748 1336 1835 1369 vitae

155 1389 340 1434 puritatem
366 1389 603 1433 cognoscimus
631 1388 699 1422 fide
725 1388 887 1432 dignum,
910 1389 982 1421 eius
1002 1388 1050 1421 rei
1070 1388 1400 1422 demonstrationem
1420 1388 1585 1423 habentes
1611 1391 1836 1436 cupiditatum

155 1447 225 1480 vim
251 1452 413 1480 retusam.
443 1447 680 1479 Demonstrata
708 1446 774 1479 iam
800 1446 1019 1479 inimicorum
1045 1447 1269 1479 conversione
1285 1472 1292 1482 ,
1322 1447 1429 1491 praeit
1456 1446 1560 1481 verba
1591 1447 1716 1493 quihus
1741 1451 1835 1484 usuri

154 1510 232 1537 sunt
259 1503 309 1536 illi
335 1504 393 1548 qui
420 1502 565 1536 salutem
592 1503 782 1539 consecuti,
806 1502 1063 1536 benefactorem
1089 1503 1225 1547 hymnis
1252 1503 1438 1537 celebrant.

432 1568 643 1595 suscepimus,
660 1567 758 1595 Deus,
774 1568 1021 1591 misericordiam
1038 1570 1125 1591 tuam
1141 1570 1174 1591 in
1192 1569 1292 1591 medio
1310 1570 1419 1596 templi
1438 1571 1485 1592 tui
1503 1572 1560 1593 ete.

252 1619 469 1664 Suscepimus
488 1618 565 1651 heic
584 1617 846 1663 intelligendum
868 1624 915 1651 est
937 1619 1104 1652 coniectax
1114 1619 1220 1657 imus,
1243 1626 1299 1653 aut
1319 1621 1560 1665 cogitavimus,
1582 1620 1634 1654 vel
1656 1620 1758 1655 firmo
1777 1633 1837 1668 pa-

156 1682 301 1721 catoque
327 1676 443 1709 animo
469 1674 615 1713 fuimus,
636 1676 714 1720 quia
736 1676 969 1709 misericordia
990 1683 1046 1709 tua
1067 1687 1207 1722 prorsus
1226 1677 1319 1710 adest
1339 1678 1378 1710 iis
1397 1678 1453 1722 qui
1476 1678 1508 1710 in
1529 1677 1660 1723 templo
1681 1684 1740 1712 tuo
1759 1690 1837 1712 ver-

155 1741 285 1768 santur.
313 1736 390 1767 Non
417 1735 508 1767 enim
534 1733 698 1771 dicimus,
721 1734 760 1766 iis
785 1735 844 1778 qui
864 1733 975 1767 adhuc
995 1740 1073 1767 sunt
1098 1733 1273 1772 infideles,
1297 1735 1586 1768 communicatum
1613 1736 1653 1768 iri
1672 1737 1731 1769 Dei
1758 1736 1838 1770 cha-

156 1793 310 1830 rismata,
331 1792 388 1825 sed
410 1792 450 1825 iis
468 1793 524 1836 qui
545 1802 664 1836 reapse
684 1790 804 1824 fideles
823 1798 913 1825 sunt.
940 1793 1075 1825 Dictum
1094 1792 1155 1825 fuit
1176 1794 1268 1826 enim
1287 1793 1433 1838 antiquis
1453 1794 1481 1825 ἐ
1500 1792 1595 1826 hono
1614 1794 1728 1826 animo
1747 1801 1838 1828 esto-

157 1857 205 1887 le,
229 1862 308 1883 nam
327 1850 465 1895 spiritns
485 1861 581 1882 meus
606 1851 640 1882 in
667 1849 782 1883 medio
808 1856 959 1883 nestrum
980 1856 1041 1883 est.
1072 1851 1269 1896 Pariterque
1289 1851 1323 1883 in
1343 1850 1626 1896 praecedentibus
1646 1851 1784 1896 psalmis
1804 1853 1834 1884 'x

155 1909 245 1942 Deus
270 1909 303 1941 in
331 1907 446 1941 medio
473 1908 564 1945 eius,
589 1919 658 1940 non
681 1906 967 1941 commox‘ebitur.

397 1974 573 1996 Secundum
592 1980 701 1996 nomen
720 1976 823 2000 tuum,
841 1973 939 2001 neus,
955 1974 999 1996 sit·
1016 1975 1045 1997 el
1063 1974 1133 1996 laus
1150 1976 1204 1996 tua
1222 1981 1318 2001 usque
1335 1975 1374 1997 ad
1391 1974 1468 1997 fines
1486 1977 1600 1998 terrae.

251 2025 384 2065 Nomen
411 2034 475 2068 pro
501 2023 610 2067 gloria
631 2023 715 2055 solet
736 2022 849 2056 dicere
868 2022 984 2056 divina
1011 2023 1197 2068 scriptura:
1220 2025 1381 2057 comitem
1401 2035 1508 2068 porro
1527 2024 1656 2069 gloriae
1675 2026 1746 2058 eius
1766 2024 1839 2058 lau-

156 2081 235 2114 dem
261 2093 352 2117 esse,
375 2086 606 2125 congruenter
631 2080 823 2125 meritoque
842 2081 906 2113 ait:
928 2079 1122 2113 celebratur
1146 2082 1237 2114 enim
1258 2080 1301 2114 ab
1320 2080 1482 2115 omnihus
1502 2088 1611 2115 terrac
1638 2082 1756 2115 incolis
1776 2093 1839 2127 pro

156 2139 316 2173 culminis
335 2139 386 2172 sui
405 2138 609 2172 excelsitate.
632 2137 720 2177 Quid
742 2144 855 2171 autem
875 2137 1054 2171 laudantes
1077 2137 1247 2171 dicimus?
1271 2153 1285 2169 «
1309 2140 1337 2171 Ο
1357 2139 1466 2173 Deus,
1489 2140 1565 2184 quis
1584 2139 1702 2172 similis
1721 2138 1782 2172 tibi
1804 2139 1838 2172 ’ἶν’

156 2198 215 2233 Et.
242 2197 319 2241 quis
344 2197 434 2229 Deus
461 2201 593 2231 tantus,
617 2201 653 2228 ut
682 2201 798 2228 noster
817 2196 907 2228 Deus
929 2195 966 2228 ”P
991 2196 1050 2228 Tui
1077 2201 1154 2228 sunt
1182 2195 1265 2229 caeli
1292 2202 1322 2228 et
1353 2202 1409 2229 tua
1435 2202 1481 2229 est
1511 2203 1620 2231 terra:
1645 2195 1784 2231 orbem.
1806 2202 1839 2230 et

155 2254 320 2299 quicquid
341 2265 382 2286 eo
401 2253 615 2287 continetur,
637 2258 671 2284 tu
694 2252 842 2285 fundasti
863 2252 887 2284 ⁶.
909 2253 999 2286 Tuus
1025 2258 1074 2285 est
1100 2252 1192 2289 dies,
1214 2259 1244 2286 et
1274 2259 1329 2286 tua
1350 2259 1398 2286 est
1419 2265 1503 2286 nox:
1528 2260 1563 2286 tu
1584 2253 1692 2286 solem
1711 2252 1842 2286 lunam-

155 2312 289 2358 quetl')
312 2312 417 2346 fecisti
442 2312 466 2343 “.
495 2325 509 2341 »
535 2311 727 2344 Generatim
751 2311 899 2356 denique
927 2317 964 2344 ut
988 2311 1216 2344 universalem
1243 2312 1352 2344 Deum
1380 2323 1416 2345 ac
1443 2311 1622 2344 dominum
1647 2311 1760 2355 ipsum
1786 2322 1842 2344 ce-

158 2370 344 2405 lebramus.
375 2383 390 2400 «
418 2369 546 2402 lustitia
573 2368 673 2413 plena
700 2374 746 2401 est
776 2368 915 2402 dextera
943 2375 1012 2402 tua.
1041 2383 1056 2399 »
1082 2370 1248 2402 Mirantur
1275 2368 1412 2402 laudem
1438 2380 1573 2402 summo
1600 2369 1671 2401 Deo
1698 2379 1737 2401 ex
1764 2369 1842 2401 uni—

157 2440 254 2462 versa
281 2434 371 2461 terra
400 2427 659 2471 provenientem
678 2452 686 2462 ,
715 2438 776 2459 ceu
803 2426 932 2472 gloriae
959 2426 1031 2460 eius
1057 2433 1089 2459 et
1116 2426 1316 2460 sublimitati
1343 2438 1543 2471 congruam.
1574 2425 1676 2458 Aliud
1702 2436 1842 2470 quoque

157 2492 331 2532 praeterea
359 2485 544 2517 mirantur:
565 2495 643 2517 nam
664 2485 723 2517 Dei
752 2485 856 2529 patris
882 2484 1058 2517 dexteram
1085 2484 1223 2529 plenam
1250 2495 1321 2517 esse
1342 2485 1434 2517 aiunt
1463 2484 1607 2521 iustitia,
1630 2483 1665 2516 id
1685 2490 1733 2518 est
1754 2484 1844 2516 iusto

157 2543 240 2577 iudi‹
250 2544 297 2576 io.
327 2542 503 2582 Quaenam
521 2552 606 2574 vero
626 2552 643 2574 a
664 2540 765 2575 nobis
782 2541 994 2586 intelligetur
1012 2542 1073 2574 Dei
1093 2542 1199 2586 patris
1225 2540 1383 2577 dextera,
1406 2542 1468 2574 nisi
1490 2552 1608 2573 verum
1629 2552 1668 2573 ex
1687 2541 1762 2585 ipso
1783 2552 1843 2574 na—

157 2608 230 2635 tum
256 2600 470 2645 unigenitum
498 2599 557 2631 Dei
577 2598 751 2632 Verbum?
778 2600 868 2633 Haec
892 2611 1034 2645 magna.
1057 2605 1087 2632 et
1116 2598 1406 2643 supernaturalis,
1429 2605 1459 2631 et
1488 2599 1643 2631 omnium
1668 2597 1842 2631 sublimis-

255 2694 291 2724 (lt
312 2692 383 2726 Ergo
402 2691 473 2717 inter
492 2698 537 2717 eos
555 2694 595 2717 est
615 2690 735 2725 Cyl-illus
753 2691 802 2726 qui
826 2691 953 2723 legebant
974 2692 1097 2721 σελήνην,
1118 2695 1148 2717 nt
1167 2694 1207 2717 est
1227 2691 1308 2717 etiam
1330 2690 1356 2716 in
1377 2689 1470 2717 codice
1489 2690 1588 2717 celebri
1609 2690 1746 2723 vaticano,
1767 2694 1793 2717 et
1812 2691 1841 2716 in

159 2737 300 2769 liebraic03
320 2739 405 2770 utque
425 2735 526 2761 habent
550 2734 622 2769 apud
642 2735 812 2762 Sabaterium
832 2737 860 2762 S.
881 2737 1054 2771 Augustinus
1079 2740 1104 2762 et
1128 2735 1258 2761 nonnulli
1278 2735 1334 2761 alii⁴
1356 2735 1466 2770 Vulgati
1487 2734 1567 2762 lectio
1590 2742 1728 2762 auroram
1747 2738 1840 2761 manat

157 2791 188 2809 ex
207 2780 372 2809 lectionibus
392 2782 457 2816 ;i;.
479 2782 586 2815 φύσιν,
608 2783 744 2815 ,ῖωστήςω
764 2787 834 2815 quae
853 2780 918 2807 item
938 2781 1088 2808 recitantur
1107 2779 1180 2814 apud
1200 2779 1351 2806 Nobilium.

1707 2833 1719 2844 ι

1897 484 1924 503 P<
1947 483 2004 504 (tn
2020 488 2044 504 :x

1873 1114 1910 1132 (ηπ
1926 1119 1947 1139 ῃ,
1963 1116 2007 1135 3:3³.

1877 1581 1896 1594 xv
1916 1577 1987 1595 to-It⁴

1876 1810 1884 1815 '
1901 1808 1956 1833 Agg.
1973 1807 2000 1828 ΙΙ.
2016 1810 2034 1827 ῦ,

1878 1867 1886 1874 ’
1903 1865 1937 1885 Ps.
1954 1864 2019 1885 XLV.
2035 1868 2055 1884 u,

1880 2154 1889 2161 ⁷
1905 2151 1941 2171 ΡΞ.
1957 2151 2021 2172 LXX.
2040 2154 2070 2171 19.

1879 2208 2070 2230 ‘Ps.1.xxv1.1:i.

1880 2253 1938 2299 i-›p⁵'
1951 2253 2071 2275 Lxxvm.

1879 2295 1939 2360 ῑὲῥς.
1956 2313 2055 2335 Lxxtn.

1880 2609 1917 2629 Gr.
1932 2615 1954 2635 p.
1970 2611 2008 2630 3:3⁵7
