2205 3177
494 140 527 163 IN
553 140 733 163 EPISTOLAM
759 141 782 162 1.
811 141 854 163 ΑΙ)
880 140 1071 162 CORINTHIOS
1098 140 1170 163 CAP.
1199 141 1271 163 xw.
1301 141 1340 163 ET
1367 141 1424 163 XV.
1758 132 1801 164 ῙΙνἾ

122 207 265 242 edoctus
282 217 376 243 sum,
397 205 458 239 sed
485 217 547 251 per
568 207 643 241 Iesu
667 206 792 240 Christi
812 204 1072 239 revelationem.
1098 220 1113 236 n
1135 207 1167 239 Si
1194 218 1277 252 ergo
1305 218 1322 240 a
1350 207 1422 240 Deo
1448 205 1591 240 edoctus
1611 206 1674 240 fuit
1698 207 1725 240 is
1743 208 1804 252 qui

126 264 282 301 tradidit,
303 263 389 308 quid
413 264 448 296 ni
471 275 572 297 verax
601 265 642 298 sit
669 264 863 310 praedicata
888 274 961 300 res,
983 274 1107 308 nempe
1128 264 1223 308 quod
1243 264 1397 298 Christus
1416 275 1480 310 pro
1508 265 1655 310 peccatis
1678 265 1805 298 nostris

125 322 167 355 sit
191 328 368 359 mortuus,
391 327 428 354 ut
455 322 549 355 aiunt
575 323 763 367 scripturae
789 326 885 353 xetus
911 319 1040 353 scilicet
1064 326 1166 365 atque
1192 322 1306 355 nova‘?
1333 321 1475 355 Plurimi
1501 322 1594 355 enim
1620 322 1741 355 mortis
1767 333 1806 355 ac

126 380 384 412 resurrectionis
410 378 533 413 Christi
560 386 660 413 testes
685 379 883 412 extiterunt.
912 378 1020 411 Porro
1047 384 1080 410 et
1105 385 1199 412 extra
1228 379 1339 413 aleam
1364 379 1589 413 dubitationis
1614 386 1683 418 est,
1710 391 1806 414 mor-

126 442 224 470 tuum
242 447 315 470 esse
334 447 398 481 pro
422 436 522 470 nobis
541 438 574 470 in
594 447 695 470 carne
720 435 891 469 Christum
915 435 1046 473 Iesum,
1069 441 1105 468 ut
1124 435 1245 469 mundi
1270 443 1448 481 peccatum
1467 437 1632 470 auferret:
1654 438 1805 483 itemque

125 495 351 527 resurrexisse
374 500 483 528 morte
501 494 649 531 devicta,
669 499 707 526 ut
726 504 789 525 nos
805 503 946 537 quoque
967 492 1088 526 eadem
1106 504 1143 526 re
1163 494 1366 538 potiremur.
1387 495 1586 528 Necessario
1605 501 1719 528 autem
1739 495 1805 529 hoc

124 550 223 589 loco,
245 563 315 585 non
340 558 517 586 mortuum
539 550 798 589 tantummodo,
819 550 879 584 sed
905 551 1008 584 etiam
1032 550 1205 596 sepultum
1228 550 1330 585 fuisse
1354 552 1435 585 dicit
1457 552 1517 597 (1).
1539 554 1694 598 Namque
1713 560 1750 587 ut
1767 566 1802 588 se

124 620 203 642 vere
229 615 406 643 mortuum
433 609 684 643 demonstraret
701 608 924 645 Emmanuel,
946 609 1027 654 poni
1053 609 1161 642 voluit
1189 609 1223 642 in
1250 609 1430 654 sepulcro:
1452 610 1512 643 sed
1539 612 1743 650 resurrexit,
1766 618 1801 645 ut

123 677 234 712 nuper
253 667 341 706 dixi;
363 669 473 702 carnis
491 667 631 713 quidem
650 672 761 700 morte
786 665 1019 712 comprobans
1041 678 1077 700 se
1096 666 1223 700 sactum
1243 666 1346 700 fuisse
1365 678 1521 706 carnem,
1541 670 1603 701 etsi
1622 669 1712 702 Deus
1731 676 1801 703 erat

123 730 155 757 et
180 724 353 758 Verbum:
374 725 480 759 relata
499 736 582 758 vero
601 724 643 758 de
663 731 775 758 morte
798 724 960 763 victoria,
980 724 1073 769 quod
1093 725 1184 757 Deus
1202 730 1323 757 natura
1342 736 1401 758 sua
1420 730 1524 762 esset,
1546 724 1798 760 demonstrans.

122 782 367 816 Verumtamen
387 794 457 816 non
476 782 626 816 alienum
650 783 798 815 cuiusvis
816 782 966 815 hominis
986 781 1154 827 templum
1173 780 1324 815 vivificat
1342 782 1403 815 Dei
1428 782 1534 826 patris
1551 781 1721 821 Verbum,
1743 783 1801 817 sed

123 851 223 873 suum
250 841 365 885 potius
389 850 533 885 corpus,
555 841 589 872 in
615 850 686 884 quo
712 845 855 885 propter
881 851 944 873 nos
970 846 1127 873 mortuus
1152 839 1306 872 Christus
1331 839 1476 877 dicitur,
1502 845 1540 872 ut
1565 840 1667 873 etiam
1693 851 1803 873 resur-

124 898 285 931 rectionis
310 896 442 930 bonum
467 903 610 942 propter
630 908 692 931 nos
711 908 830 942 reapse
848 898 1001 931 evenisse
1020 903 1298 942 cognosceretur.
1327 898 1413 931 Nam
1434 897 1603 942 generalis
1622 897 1802 931 hominum

123 960 241 988 natura
268 966 346 987 cum
371 954 433 987 illo
458 962 606 988 mortem
631 955 790 988 calcavit:
813 956 941 1000 quippe
959 956 1006 989 sic
1030 966 1108 989 cum
1126 966 1168 988 eo
1188 955 1378 1000 consepulti
1405 961 1437 988 et
1463 955 1612 988 suscitati
1635 954 1800 995 dicimur,

122 1017 155 1044 et
174 1012 209 1044 in
228 1011 328 1045 caelis
346 1022 485 1056 quoque
512 1013 715 1046 consessuri.
745 1013 862 1057 Itaque
882 1013 1106 1045 resurrexisse
1124 1013 1296 1046 Christum
1321 1012 1420 1050 dicit,
1443 1013 1490 1045 uti
1518 1013 1684 1057 scriptum
1710 1019 1799 1051 erat,

122 1074 156 1101 et
180 1070 303 1102 sanctis
330 1069 494 1115 apostolis
522 1071 736 1115 apparuisse,
766 1077 837 1103 tum
862 1070 1059 1115 singillatim
1086 1069 1226 1103 delectis
1247 1070 1394 1115 aliquot,
1416 1076 1490 1104 tum
1514 1071 1616 1104 etiam
1642 1071 1802 1104 universo

122 1128 246 1160 coetui.
271 1141 286 1158 «
308 1129 407 1161 Visus
432 1139 570 1173 quoque
597 1128 681 1161 mihi
700 1134 768 1166 est,
791 1135 964 1173 tamquam
984 1127 1142 1162 abortivo
1168 1129 1257 1162 inter
1283 1129 1474 1174 apostolos:
1500 1143 1515 1160 »
1537 1127 1663 1173 quibus
1687 1128 1802 1162 verbis

121 1183 222 1217 valde
250 1196 285 1218 se
312 1184 478 1218 humilem
506 1185 601 1223 facit,
632 1185 860 1230 adfirmatq-ue
890 1186 991 1219 etiam
1018 1185 1196 1219 ecclesiam
1213 1197 1293 1219 esse
1321 1192 1554 1231 persecutum:
1583 1198 1662 1219 mox
1688 1192 1802 1220 tamen

122 1240 243 1275 Christi
263 1242 533 1276 misericordiam
550 1243 728 1289 adeptum,
750 1250 851 1288 atque
873 1243 915 1276 ad
937 1243 1165 1289 apostolicum
1185 1254 1310 1277 munus
1327 1250 1504 1278 vocatum:
1527 1245 1639 1289 aitque
1658 1255 1694 1278 se
1710 1256 1803 1290 mag-

123 1311 206 1333 num
224 1301 482 1334 resurrectionis
502 1302 703 1345 mysterium
721 1301 970 1339 manifestasse,
989 1312 1198 1345 quamquam
1217 1300 1389 1334 veteribus
1409 1302 1531 1335 sanctis
1547 1302 1689 1335 minime
1706 1302 1801 1347 igno-

123 1362 195 1390 tum
217 1356 343 1401 (fuerat
369 1358 462 1390 cnim'
487 1358 737 1403 praedictum),
759 1369 869 1402 neque
895 1357 1036 1391 delectis
1056 1358 1098 1390 ad
1119 1358 1367 1403 apostolatum,
1388 1359 1448 1403 qui
1469 1364 1675 1404 spectatores
1700 1359 1802 1392 mini—-

121 1415 250 1460 strique
276 1413 373 1447 verbi
400 1414 507 1448 fuere.

257 1488 292 1510 Si
307 1490 412 1512 autem
428 1487 573 1511 christus
589 1489 807 1517 praedicatur,
823 1490 904 1516 quod
921 1496 939 1511 a
956 1490 1089 1512 mox-mis
1106 1491 1331 1518 resurrexerit,
1348 1491 1497 1517 quomodo
1513 1491 1596 1517 apud
1613 1497 1664 1513 vos

526 1533 673 1555 nonnulli
690 1536 808 1563 negant
824 1535 1019 1556 mortuorum
1036 1534 1104 1556 sore
1121 1534 1399 1557 resurrectionem}

215 1588 369 1633 Increpat
396 1588 601 1627 nonnullos,
629 1589 688 1634 qui
715 1589 829 1622 nescio
854 1588 1033 1633 quomodo
1052 1588 1155 1621 sacris
1175 1587 1367 1634 divinisque
1387 1588 1509 1623 litteris
1531 1589 1695 1623 volebant
1718 1602 1801 1624 con-

121 1645 306 1684 tradicere,
334 1645 574 1691 diversamque
590 1645 633 1680 ab
655 1646 707 1680 his
725 1647 928 1680 sententiam
954 1647 1049 1691 sequi
1076 1645 1260 1680 audebant.
1290 1647 1322 1679 Si
1347 1648 1438 1680 enim
1457 1654 1615 1681 mortuus
1638 1653 1688 1681 est
1705 1648 1800 1681 Chri-

119 1709 207 1743 stus,
237 1715 305 1737 non
332 1710 367 1737 ut
393 1705 561 1737 extinctus
582 1710 757 1742 maneret,
786 1703 846 1737 sed
870 1709 904 1737 ut
926 1704 1031 1737 morti
1058 1705 1342 1749 corruptionique
1368 1705 1526 1738 inventus
1545 1707 1719 1750 superior,
1748 1706 1801 1739 iia

120 1761 289 1805 quaedam
312 1767 343 1795 et
368 1768 469 1807 porta
494 1760 591 1795 fieret
616 1761 765 1795 hominis
790 1767 948 1800 naturae,
977 1768 1015 1795 ut.
1040 1763 1298 1807 corruptionem
1319 1762 1455 1796 vincere
1477 1769 1608 1807 posset,
1637 1769 1737 1807 atque
1758 1763 1801 1796 ad

121 1819 225 1851 vitam
255 1819 412 1863 regredi;
441 1831 502 1852 cur
534 1819 695 1852 suscitato
723 1820 789 1852 iam
818 1830 878 1856 eo,
907 1820 965 1864 qui
994 1831 1058 1864 pro
1085 1818 1186 1852 nobis
1215 1820 1304 1853 inter
1332 1826 1488 1854 mortuos
1516 1819 1645 1859 fuerat,
1672 1826 1710 1853 ut
1739 1831 1801 1853 nos

121 1887 259 1920 quoquc
287 1887 365 1909 cum
393 1877 467 1921 ipso
495 1876 537 1909 aal
564 1877 670 1909 vitam
697 1876 908 1914 rediremus,
937 1877 1039 1910 soluti
1068 1878 1189 1910 mortis
1215 1877 1360 1910 vinculis
1388 1877 1500 1911 adhuc
1526 1890 1590 1911 nos
1617 1877 1801 1923 ligantibus

120 1932 166 1966 ob
191 1945 279 1979 quos
299 1940 456 1967 mortuns
482 1935 729 1978 suscitatusque
749 1934 891 1972 dicitur,
920 1934 977 1967 ille
1001 1935 1059 1979 qui
1086 1940 1205 1968 natura
1227 1946 1286 1968 sua
1307 1936 1396 1969 Deus
1420 1942 1468 1969 est
1492 1936 1713 1975 Emmanuel,
1741 1947 1802 1969 cur

122 1992 259 2036 inquam
286 1992 434 2036 spoliare
453 1992 609 2025 nituntur
634 1992 825 2025 humanum
851 2003 957 2037 genus
983 1991 1083 2026 bonis
1103 1994 1355 2027 resurrectione
1374 1993 1611 2031 manantibus,
1639 2000 1671 2027 et
1692 1995 1801 2027 incar-

120 2050 267 2083 nationis
288 2060 393 2095 scopo
413 2050 618 2083 calumniam
638 2049 764 2083 faciunt
785 2050 856 2095 (2123
883 2051 914 2083 Si
941 2051 1033 2083 enim
1054 2050 1114 2084 fuit
1137 2050 1291 2084 Christus
1316 2052 1484 2096 primitiae
1504 2051 1751 2085 dormientium
1768 2058 1802 2085 et

120 2108 370 2152 primogenitus
392 2114 629 2145 mortuorum,
658 2114 820 2153 sequetur
845 2119 987 2153 prorsus
1012 2109 1178 2154 primitias
1196 2120 1272 2142 suas
1298 2109 1393 2153 quod
1412 2109 1611 2143 hominibus
1630 2109 1743 2148 deest,
1769 2115 1801 2142 ot

121 2164 377 2198 comitabuntur
400 2165 435 2198 hi
460 2166 534 2199 iure
558 2167 749 2211 meritoque
775 2167 806 2199 ei
824 2167 883 2210 qui
904 2165 1030 2199 dicitur
1057 2167 1319 2211 primogenitus.
1350 2169 1432 2201 Rem
1459 2166 1678 2201 confirmabit
1703 2166 1801 2200 divus

122 2222 245 2255 Paulus
269 2222 403 2256 dicens:
430 2237 446 2254 «
469 2235 548 2257 nam
569 2224 594 2256 si
615 2224 837 2270 complantati
861 2223 988 2257 fuimus
1010 2224 1225 2257 similitudini
1244 2225 1346 2258 morti
1368 2226 1457 2264 eius,
1484 2225 1695 2270 resurgendo
1712 2235 1800 2269 quo-

81 2296 84 2303 ·
121 2289 188 2322 que
212 2279 338 2312 similes
359 2281 498 2314 erimus.
527 2280 761 2321 Quamobrem
787 2282 809 2315 ii
834 2283 892 2326 qui
919 2281 1158 2315 adsentiuntur
1179 2282 1353 2316 Christum
1378 2283 1619 2319 resurrexisse.
1648 2293 1801 2315 resurre-
1850 2305 1855 2313 .

122 2336 243 2369 ctionis
276 2343 387 2370 tamen
418 2344 553 2372 nostrae
584 2350 601 2372 a
634 2341 779 2373 mortuis
806 2342 1008 2385 mysterium
1037 2352 1105 2374 non
1140 2340 1344 2381 admittunt,
1373 2342 1533 2386 ignorant
1557 2350 1801 2385 usquequaque

121 2393 363 2427 incarnationis
378 2395 548 2439 Unigeniti
566 2407 722 2442 scopum.
741 2396 894 2431 Verbum
914 2398 1005 2431 enim
1023 2398 1130 2432 homo
1149 2398 1276 2432 factum
1294 2405 1344 2432 est
1363 2410 1432 2432 non
1453 2405 1596 2444 propter
1614 2409 1648 2430 se
1668 2398 1797 2442 ipsum,

122 2449 182 2483 sed
201 2451 381 2496 proposito
399 2450 463 2485 sibi
490 2453 614 2497 gaudio
636 2466 771 2488 crucem
792 2455 952 2501 pertulit,
979 2456 1167 2501 ignominia
1191 2462 1398 2502 contempta.
1426 2457 1536 2496 Quam
1554 2467 1637 2489 vero
1655 2454 1701 2489 ol)
1721 2467 1801 2489 cau-

123 2519 194 2541 sam
207 2534 215 2547 ,
241 2508 377 2542 docebit
397 2508 448 2543 his
466 2510 581 2544 verbis
607 2513 875 2558 sapientissimus
894 2513 985 2547 idem
1005 2514 1130 2547 Paulus
1152 2515 1180 2547 ':
1207 2528 1222 2545 <c
1245 2514 1324 2559 quia
1344 2514 1441 2559 pueri
1460 2514 1798 2547 communicaverunt

220 2634 255 2664 (l)
275 2631 359 2658 Valde
378 2632 558 2665 arbitramur,
575 2633 665 2660 locum
679 2635 773 2670 Cyrilli
790 2636 807 2662 *a
827 2636 906 2663 nobis
925 2645 956 2664 ex
975 2645 1054 2672 opere
1073 2637 1162 2664 Severi
1183 2636 1340 2663 antiocheni
1359 2636 1502 2663 recitatum
1521 2636 1549 2662 in
1564 2636 1710 2671 Spicileszio
1731 2644 1797 2663 rom.

121 2675 153 2701 T.
167 2676 204 2702 X.
225 2684 251 2710 p.
268 2679 333 2708 200,
352 2680 495 2711 sumptum
514 2684 571 2704 esse
589 2686 619 2704 ex
639 2678 690 2704 hac
707 2679 904 2714 explanationis
923 2685 1012 2716 parte,
1034 2689 1201 2716 quamquain
1221 2681 1259 2708 ibi
1279 2680 1484 2716 aliquantulum
1504 2681 1603 2713 variat,
1621 2685 1668 2708 aut
1687 2680 1800 2708 fortasse

123 2728 137 2745 a
158 2720 254 2746 Severo
274 2720 464 2755 interpolatur.

219 2767 255 2797 (2)
274 2766 363 2792 Macte
382 2765 433 2792 hac
452 2769 521 2798 tota,
537 2774 606 2800 quae
625 2767 765 2801 sequitur,
783 2768 885 2802 prolixa
898 2773 924 2796 ct
936 2769 1024 2797 valida
1039 2770 1246 2796 resurrectionis
1267 2777 1413 2804 corporum
1429 2769 1566 2804 apologia!
1581 2769 1705 2797 Profecto
1719 2769 1795 2805 quic-

122 2808 188 2842 quid
207 2817 291 2837 novae
310 2810 480 2838 auctoritatis
500 2818 599 2845 niagno
618 2810 684 2838 huic
701 2810 822 2846 dogmati
842 2813 1030 2841 confirmando
1050 2813 1168 2847 accedit,
1189 2814 1251 2850 quis
1273 2822 1328 2841 non
1348 2814 1459 2849 plurimi
1478 2813 1576 2841 faciat?

1841 738 1915 764 G1up.
1932 740 1963 758 71.

1842 1144 1849 1158 1
1878 1143 1895 1158 s,

1840 1492 1896 1513 Car.
1912 1492 1959 1513 XV.
1976 1494 2007 1514 ¹2.

1839 2532 1845 2537 ’
1862 2529 1930 2550 Hebr.
1945 2529 1972 2551 Π.
1991 2533 2020 2551 11.
