2205 3177
688 153 721 176 IN
747 152 928 176 EPISTOLAM
954 151 997 174 AI)
1024 151 1176 174 ROMANOS
1203 152 1275 175 CAP.
1305 152 1364 174 vn.
1834 141 1874 174 13

182 225 301 254 rantur
322 218 357 252 in
382 216 484 251 nobis
505 218 616 251 carnis
637 219 828 263 passiones,
856 216 939 262 quid
966 216 1001 248 ni
1027 215 1219 261 intelligere
1238 222 1395 262 oportet,
1424 215 1555 250 fontem
1583 226 1655 249 esse
1680 216 1809 261 peccati
1829 215 1876 250 le-

180 277 281 323 gem?
298 275 394 316 Quid
419 287 503 309 vero
525 287 620 310 sacer
639 276 785 310 doctor?
804 275 914 320 Asper
932 274 1103 311 occurrit,
1127 280 1161 307 et
1182 281 1281 319 negat
1302 281 1479 320 parentem
1505 285 1577 308 esse
1595 274 1724 320 peccati
1744 273 1873 318 legem:

180 335 368 368 humanam
387 344 471 367 vero
491 340 651 368 naturam
668 334 815 370 incusat,
837 342 926 376 quae
944 330 991 363 ob
1012 342 1108 364 suam
1129 331 1419 369 imbecillitatem,
1444 330 1613 376 legalibus
1631 332 1751 377 poenis
1769 338 1875 365 semet

181 392 259 426 facit
282 391 482 426 obnoxiam.
505 391 638 425 Idcirco
664 391 726 424 ait:
755 388 839 435 quid
867 399 950 433 ergo
974 388 1150 422 dicemus?
1178 390 1244 422 Lex
1270 396 1320 423 est
1340 390 1540 435 peccatum?
1567 388 1683 427 Absit;
1711 388 1770 422 sed
1796 400 1877 434 pec-

179 456 294 483 catum
321 461 391 483 non
419 450 499 483 novi
526 450 589 483 nisi
616 460 678 494 per
704 448 830 492 legem.
859 446 1107 479 Animadverte
1132 446 1332 491 vigilantem
1359 447 1558 491 dictionem.
1588 449 1665 481 Non
1691 447 1782 480 enim
1809 447 1874 484 ait,

180 514 360 553 peccatum
386 519 457 541 non
484 506 588 541 habui
609 507 671 540 nisi
691 517 753 551 per
772 505 904 549 legem:
926 504 985 538 sed
1007 505 1051 537 ait
1073 504 1204 549 potius,
1227 515 1262 537 se
1282 505 1418 537 nonnisi
1438 499 1500 550 per
1518 505 1630 549 legem
1649 504 1737 539 illud
1760 516 1872 538 nosse.

179 566 256 598 Non
277 572 327 599 est
347 577 431 611 ergo
451 566 585 599 occasio
606 563 735 610 peccati
758 562 829 597 lex.
850 562 910 595 sed
930 562 1198 595 demonstratrix
1218 562 1334 607 potius
1355 563 1480 607 ipsius.
1502 562 1616 607 palam
1635 562 1671 595 id
1687 562 1811 596 faciens
1836 563 1876 595 iis

178 624 237 669 qui
265 623 300 656 id
328 622 552 668 ignorabant;
573 633 643 654 non
667 627 704 653 ut
728 631 770 653 eo
797 620 936 665 cognito
956 631 1036 653 mox
1055 626 1088 652 et
1112 625 1373 664 perpetrarent,
1395 620 1454 664 qui
1474 619 1581 652 immo
1601 619 1656 652 vel
1676 625 1754 653 ante
1772 630 1876 664 quam

179 686 422 726 agnoscerent,
442 679 478 713 id
502 680 617 725 ipsum
642 678 904 711 commiserant:
932 688 1001 710 non
1026 677 1117 710 enim
1143 682 1216 709 erat
1243 676 1366 721 aliquis
1392 676 1518 713 iustus,
1547 682 1582 709 ut
1609 676 1653 709 ait
1680 676 1874 721 psalmista:

179 738 239 772 sed
265 745 302 772 ut
323 744 465 784 peccato
488 736 643 782 cognito,
673 735 714 768 ad
743 734 888 768 meliora
914 741 1210 768 converterentur.
1235 734 1318 768 Mihi
1345 745 1425 767 sane
1447 733 1610 767 videntur
1636 734 1737 779 prisci
1765 734 1878 767 homi-

180 809 240 830 nes
259 797 294 830 in
317 808 374 835 ea,
391 807 496 842 quam
515 792 726 832 describam,
749 793 948 827 conditione
970 804 1032 839 per
1059 793 1186 838 Moysis
1207 792 1317 838 legem
1338 792 1442 826 fuisse
1466 792 1656 825 constituti.
1686 792 1734 824 Sit
1753 803 1877 837 nempe

179 865 295 888 coram
317 852 417 887 nobis
436 852 631 897 proposita,
655 850 752 884 verbi
774 851 899 896 gratia,
922 851 990 884 lata
1009 851 1063 884 via
1089 850 1132 883 ad
1153 856 1286 883 certum
1306 850 1493 883 terminum
1512 849 1654 885 ducens,
1677 849 1878 881 Proiiciatur

179 914 212 946 in
237 923 274 946 ea
302 911 432 945 multus
457 910 561 956 lapis,
582 909 637 943 vel
658 910 761 943 etiam
787 909 834 943 ibi
860 909 1071 943 effodiantur
1095 910 1121 942 si
1145 907 1242 942 lubet
1264 908 1395 942 foveae.
1423 909 1507 941 Tum
1531 908 1597 941 sint
1621 907 1764 952 quidam
1783 912 1877 940 tene-

149 990 154 993 ·
178 969 280 1003 brosa
301 975 401 1003 nocte
420 980 484 1015 per
507 980 582 1002 eam
609 969 674 1002 iter
698 974 896 1014 carpentes,
919 968 978 1012 qui
998 978 1099 1013 saepe
1123 973 1154 1000 et
1174 966 1323 1000 multum
1343 966 1377 999 in
1396 965 1499 999 obvia
1518 964 1726 999 offendicula
1749 964 1807 997 illa
1826 965 1878 997 in-

177 1033 337 1066 currant,
360 1026 414 1060 vel
436 1027 538 1060 etiam
564 1027 689 1060 incauti
710 1026 819 1060 foveis
840 1026 1097 1071 superveniant.
1120 1026 1234 1070 Atque
1260 1024 1312 1058 his
1331 1025 1375 1057 ita
1395 1036 1430 1057 se
1450 1022 1657 1057 habentibus
1670 1049 1677 1061 ,
1698 1022 1806 1056 facem
1825 1021 1880 1055 ali-

177 1086 255 1130 quis
280 1091 405 1119 statuat
432 1085 467 1118 in
491 1085 617 1122 triviis,
646 1096 734 1129 quae
761 1083 966 1117 intermedia
994 1083 1068 1116 loca
1090 1083 1282 1121 illuminet,
1304 1081 1396 1116 haud
1418 1093 1499 1115 sane
1518 1087 1556 1115 ut
1575 1081 1597 1113 ii
1624 1091 1744 1113 rursus
1763 1080 1879 1113 conci-

177 1143 278 1181 dant,
308 1143 368 1176 sed
397 1148 434 1176 ut
462 1142 718 1188 praetervolent
747 1142 862 1187 potius
888 1147 921 1175 et
947 1142 1055 1174 vitent
1084 1141 1327 1174 calamitatem.
1356 1141 1493 1184 Ergone
1519 1137 1729 1184 culpabilem
1757 1148 1792 1170 se
1820 1137 1877 1170 lux

177 1200 332 1234 exhibuit
345 1226 352 1238 ,
373 1211 461 1245 quae
482 1199 625 1245 periculi
645 1200 842 1233 admonitos
864 1199 964 1233 secit‘?
984 1200 1037 1232 An
1061 1199 1150 1231 illud
1168 1199 1284 1244 potius
1303 1197 1580 1240 adfirmandum.
1604 1196 1791 1241 plurimam
1810 1195 1879 1229 illis

179 1258 332 1292 attulisse
351 1258 552 1295 utilitatem,
574 1269 662 1303 quos
682 1257 835 1291 reddidit
857 1257 1069 1290 securiores?
1089 1258 1221 1301 Nempe
1241 1256 1307 1289 hoc
1329 1256 1458 1288 nemini
1484 1266 1554 1289 non
1577 1254 1794 1300 exploratum
1817 1255 1879 1287 cxi-

179 1317 294 1357 stimo.
316 1316 402 1356 Quia
427 1316 532 1360 igitur
557 1327 620 1348 nos
643 1321 841 1360 peccatores
862 1326 899 1348 ac
924 1315 956 1347 in
977 1314 1145 1359 plurimas
1166 1314 1284 1359 culpas
1305 1313 1462 1351 decidui,
1486 1325 1547 1359 per
1569 1313 1680 1358 legem
1699 1318 1877 1358 peccatum

178 1374 399 1418 agnovimus,
420 1384 492 1406 non
511 1372 640 1406 idcirco
660 1372 774 1417 legem
801 1373 931 1417 pcccati
958 1373 1064 1405 instar
1083 1371 1212 1405 habere
1237 1378 1294 1405 aut
1316 1372 1469 1405 vocitare
1492 1371 1587 1408 licet,
1611 1370 1646 1403 id
1667 1370 1764 1415 quod
1783 1371 1877 1403 omni

177 1430 320 1463 veritate
346 1435 457 1467 caret;
481 1429 541 1463 sed
567 1440 606 1463 ea
629 1430 777 1475 pcccati,
804 1435 843 1462 ut
865 1430 953 1468 dixi,
978 1429 1229 1463 demonstratix
1255 1436 1318 1463 est.

660 1494 737 1517 Sine
754 1495 823 1524 lege
840 1495 940 1522 enim,
957 1496 1118 1522 peecatum
1135 1497 1295 1518 mortuum
1312 1497 1392 1518 erat.

272 1545 343 1579 Nisi
368 1545 572 1583 constituta,
596 1545 724 1591 inquit,
747 1544 866 1578 fuisset
885 1545 1056 1590 iniquitati
1084 1545 1325 1590 coarguendae
1345 1545 1420 1583 lex,
1442 1545 1598 1579 inefficax
1616 1545 1747 1579 malum
1770 1550 1875 1578 esset:

175 1614 326 1649 namque.
351 1603 419 1637 hoc
438 1603 529 1637 vires
551 1603 815 1649 quodammodo
843 1614 861 1636 a
879 1602 955 1649 lege
973 1604 1091 1637 sumit.
1119 1604 1161 1638 Et
1181 1614 1262 1637 sane
1285 1603 1465 1637 nonnullis
1488 1602 1638 1637 debilior
1659 1602 1758 1637 fieret
1776 1602 1879 1636 volu-

176 1661 279 1707 ptatis
298 1661 477 1700 stimulus,
499 1661 526 1694 si
548 1672 653 1695 nemo
679 1666 828 1694 vetaret:
853 1661 963 1694 immo
983 1672 1067 1694 vero
1086 1661 1114 1694 is
1133 1661 1391 1707 propemodum
1411 1660 1638 1701 obtunditur,
1660 1661 1686 1694 si
1712 1660 1779 1693 lata
1802 1671 1879 1705 pec-

176 1719 277 1752 candi
296 1718 432 1753 licentia
455 1719 513 1752 sit:
537 1730 686 1764 namque
708 1717 768 1752 uhi
793 1718 878 1752 nihil
904 1719 1049 1757 resistit,
1070 1718 1119 1752 ibi
1140 1719 1349 1765 plerumque
1368 1719 1521 1753 studium
1547 1719 1760 1764 infringitur.
1788 1719 1880 1751 Mor-

177 1784 276 1811 tuum
296 1777 402 1822 igitur
420 1783 599 1822 peccatum
619 1782 688 1815 est,
711 1777 787 1822 lege
806 1776 891 1821 quid
916 1776 1090 1822 agendum
1116 1777 1159 1810 sit
1182 1789 1252 1810 non
1273 1777 1318 1823 (l)
1339 1777 1569 1811 discernente.
1598 1777 1722 1821 Utique
1742 1787 1776 1809 se
1795 1776 1879 1809 olim

178 1835 250 1867 sine
269 1834 345 1879 lege
369 1835 492 1867 vixisse
518 1835 564 1867 ait
588 1834 729 1868 doctor:
757 1834 838 1868 dein
862 1834 937 1879 lege
957 1836 1241 1880 superveniente,
1265 1836 1430 1869 revixisse
1453 1841 1650 1881 peccatum,
1677 1833 1741 1868 sibi
1765 1840 1880 1867 autem

179 1891 268 1924 mori
288 1891 471 1936 contigisse
490 1891 637 1925 adserit:
661 1904 812 1937 namque
830 1892 865 1925 in
885 1892 938 1926 his
953 1904 998 1926 ex
1018 1905 1166 1938 persona
1187 1894 1331 1939 propria
1350 1893 1429 1927 facit
1449 1904 1660 1927 sermonem.
1684 1892 1798 1937 Atque
1817 1903 1881 1937 ego
1899 1928 1903 1932 .

178 1948 321 1992 quidem
345 1950 521 1985 existimo,
545 1961 625 1983 eum
651 1950 780 1995 aliquid
801 1950 999 1985 huiusmodi
1019 1951 1110 1985 velle
1129 1951 1340 1997 signiticaret
1362 1963 1488 1998 nempe
1507 1953 1580 1985 sine
1599 1950 1708 1985 dubio
1731 1952 1759 1984 is
1778 1951 1880 1984 etiam

170 2006 237 2050 -qui
257 2007 456 2054 ignoranter
474 2014 609 2053 peccat,
631 2020 711 2042 reus
730 2014 799 2047 est;
826 2010 945 2042 scienti
965 2015 1078 2043 tamen
1101 2011 1298 2055 graviorem
1318 2021 1466 2055 poenam
1486 2021 1559 2043 esse
1579 2016 1734 2054 paratam
1747 2035 1754 2047 ,
1777 2014 1879 2041 testa-

181 2069 237 2097 tur
260 2065 420 2098 Servator
445 2064 564 2099 dicens
583 2066 612 2099 ἐ
639 2067 698 2111 qui
719 2067 855 2100 sciverit
874 2067 1090 2101 voluntatem
1110 2068 1243 2101 domini
1269 2069 1338 2105 sui,
1361 2080 1424 2102 nec
1442 2068 1578 2106 fecerit,
1600 2068 1719 2101 multis
1737 2067 1878 2113 vapula-

181 2120 249 2160 bit;
270 2122 329 2167 qui
350 2128 462 2156 autem
483 2124 684 2162 nesciverit,
706 2135 768 2157 nec
789 2124 923 2163 fecerit,
947 2126 1064 2171 paucis
1085 2127 1261 2171 punietur.
1290 2127 1384 2160 Patet
1402 2127 1508 2172 igitur
1526 2126 1638 2159 multo
1663 2126 1772 2160 levius
1789 2126 1881 2170 igno-

180 2186 314 2213 rantem
336 2192 495 2226 peccare,
517 2193 621 2227 quam
640 2183 700 2227 qui
722 2182 833 2227 legem
853 2184 1028 2228 cognovit.
1057 2184 1128 2217 Iam
1149 2185 1175 2217 si
1200 2185 1279 2230 quis
1297 2184 1341 2218 ad
1360 2184 1446 2229 legis
1465 2185 1585 2229 iugum
1605 2183 1799 2220 accesserit,
1820 2183 1879 2227 qui

180 2244 259 2272 ante
285 2238 357 2272 sine
382 2239 456 2284 lege
482 2239 664 2285 deguerat,
687 2246 720 2274 et
744 2240 969 2275 nihilominus
994 2242 1162 2287 imperata
1190 2242 1300 2276 facere
1325 2242 1589 2280 detractaverit,
1611 2242 1739 2287 peccati
1764 2240 1880 2274 crimi-

181 2296 357 2329 nationem
382 2297 553 2337 incurret,
577 2309 778 2344 poenaeque
802 2310 883 2333 reus
902 2298 971 2333 fiet.
1000 2301 1094 2333 Tunc
1120 2301 1147 2333 is
1165 2299 1212 2334 ob
1236 2301 1409 2345 ignaviam
1434 2312 1531 2333 suam
1554 2300 1693 2337 dolens,
1715 2298 1880 2332 adversus

180 2352 265 2399 legis
283 2355 500 2388 severitatem
518 2354 626 2390 ferme
644 2356 812 2391 exclamat
831 2357 968 2391 dicens:
989 2369 1053 2404 ego
1073 2359 1145 2392 sine
1165 2358 1239 2403 lege
1260 2358 1397 2404 pridem
1415 2357 1593 2397 vivebam;
1617 2357 1880 2402 superveniente

180 2411 261 2444 dein
288 2418 490 2458 praecepto,
513 2420 691 2458 peccatum
710 2415 789 2448 vixit
803 2441 810 2453 ‚
838 2426 903 2461 ego
922 2416 1021 2461 perii.
1045 2417 1131 2450 Nam
1152 2417 1179 2449 si
1199 2423 1378 2450 mortuum
1403 2428 1523 2449 revera
1544 2422 1594 2449 est
1620 2415 1692 2448 sine
1711 2414 1786 2459 lege
1806 2425 1880 2459 pec-

179 2475 313 2508 catum,
335 2469 421 2515 quid
444 2471 478 2504 ni
503 2470 668 2505 credibile
687 2478 737 2506 est
756 2473 862 2507 vitam
881 2474 1145 2519 quodammodo
1171 2486 1189 2508 a
1214 2474 1289 2520 lege
1310 2475 1480 2520 accepisse
1500 2479 1696 2519 peccatum,
1718 2471 1797 2517 quia
1817 2483 1878 2517 per

180 2526 276 2560 illam
302 2528 469 2567 innotuit,
492 2534 525 2562 et
550 2529 683 2574 spirans
709 2529 815 2564 veluti
840 2531 1003 2566 effectum
1028 2533 1102 2566 est?
1124 2543 1337 2577 quamquam
1366 2538 1464 2565 antea
1490 2542 1560 2564 non
1584 2535 1655 2563 erat
1683 2529 1876 2575 cognitum,

179 2585 240 2618 etsi
259 2586 293 2619 in
313 2585 414 2619 nobis
433 2597 552 2632 reapse
571 2586 756 2626 existebam
777 2599 849 2622 non
868 2590 959 2622 enim
979 2590 1057 2623 iusti
1078 2601 1232 2627 eramus;
1254 2590 1315 2623 sed
1335 2595 1475 2623 mortuo
1494 2587 1600 2621 veluti
1620 2593 1778 2633 peccato,
1798 2587 1878 2632 quia

180 2653 250 2676 non
270 2642 389 2677 aderat
407 2643 575 2678 damnans
595 2644 667 2683 lex,
689 2644 890 2680 vivebamus
909 2658 971 2680 nos
990 2647 1158 2682 decorum
1178 2648 1330 2681 inscitiae
1350 2652 1567 2692 praetextum
1588 2644 1765 2679 habentes.
1782 2646 1879 2678 Nam-

177 2711 246 2745 que
273 2699 333 2735 ubi
360 2712 431 2735 non
451 2707 501 2736 est
520 2702 595 2742 lex,
617 2702 665 2736 ibi
691 2705 916 2749 transgressio
943 2706 1058 2746 nulla,
1080 2713 1117 2740 ut
1145 2707 1291 2751 ipsemet
1315 2705 1410 2738 dicit.
1433 2705 1486 2738 Sic
1504 2704 1754 2738 interveniente
1780 2714 1877 2749 prae-

273 2831 312 2862 (1)
331 2830 415 2858 Deest
433 2839 487 2858 non
506 2831 536 2858 in
556 2839 652 2867 graeco
672 2835 761 2865 textu,
783 2840 854 2868 quae
874 2836 966 2861 tamen
986 2834 1119 2869 particula
1140 2832 1248 2861 videtur
1266 2832 1429 2860 necessaria.

1917 573 1955 593 Gr,
1970 579 1993 599 μ.
2010 575 2032 594 17

1916 1502 1971 1522 Cir.
1988 1501 2037 1522 Vlt.
2054 1505 2071 1521 s

1921 2081 1926 2088 ·
1944 2079 1998 2099 Luc.
2014 2078 2063 2099 ΧΙΙ,
2080 2081 2111 2099 47,

1919 2137 1956 2158 Gr.
1971 2143 1994 2163 p.
2012 2140 2042 2158 13Δ
