2205 3177
128 368 136 376 '
151 367 217 387 chr.
233 367 283 387 Nlll
304 370 313 385 Τ

128 395 136 402 “
148 393 217 413 [Ji-vll
236 393 273 413 λλ
291 397 321 413 :Cu

245 1128 263 1141 x.
284 1125 311 1142 ll.

107 2734 112 2740 ·
126 2731 296 2752 mer.xvt.1·.

371 180 432 212 {5²³
872 193 899 214 s.
929 193 1054 214 (trium
1081 193 1302 216 ALExAxnmm
1330 194 1534 217 ExPLANATto

396 205 432 213 1-

363 268 400 290 ex
430 256 606 301 prophetis
635 255 849 301 promulgata
878 256 960 291 fuit.
982 256 1040 289 sed
1068 256 1110 290 ab
1137 257 1212 302 ipso
1237 259 1391 291 omnium
1419 259 1578 292 Domino.
1608 259 1738 292 Deinde
1765 259 1850 293 lianc
1877 261 2041 294 immacu-

363 314 462 346 latam
492 319 678 357 nuncupat.
708 314 792 345 Nam
814 313 937 356 ,iliosis
965 311 1017 346 lex
1044 321 1203 348 nouerat
1231 315 1421 360 inculpata.
1443 322 1479 348 ut
1507 315 1695 349 admodum
1720 317 1935 351 venerandus
1954 319 2039 351 Pau·
2078 323 2081 325 ’

364 371 416 403 lu>
442 369 555 403 scribit
580 370 607 404 “,
631 370 801 403 neminem
829 371 918 403 enim
947 370 1158 415 perficiebat.
1188 373 1240 404 Ait
1270 384 1351 405 xero
1377 371 1500 405 alicubi
1529 373 1629 406 etiam
1649 374 1738 406 Deus
1759 374 1786 406 ':
1807 385 1872 418 ego
1891 374 1969 407 dedi
1989 375 2038 408 eis

361 434 539 472 praecepta
568 427 687 470 legalia
715 440 784 460 non
813 426 921 461 bona.
946 434 974 460 et
1002 428 1257 463 iustificationes
1277 431 1308 463 in
1330 429 1455 474 quibu>=
1482 441 1550 463 non
1576 431 1703 464 vix-om.
1729 432 1813 464 Nam
1834 431 1918 465 facta
1942 443 2035 466 com-

360 485 536 529 paratione
557 496 634 517 cum
661 496 694 517 cx
704 485 864 529 angelicis
885 486 1070 522 mandatis.
1094 486 1183 520 liautl
1210 486 1299 520 bona
1321 493 1367 520 est
1390 488 1454 520 lex.
1478 487 1696 521 Immaculata
1720 499 1802 521 vero
1821 488 1943 523 Christi
1971 489 2035 524 do-

358 543 463 574 ctriua
477 568 484 575 .
506 552 593 585 quae
613 542 714 574 ctiam
734 543 864 575 animas
883 554 900 575 a
922 544 1010 575 vitiis
1029 543 1071 576 acl
1091 545 1253 577 xirtutem
1272 556 1352 577 coni
1362 545 1456 582 ertit,
1479 556 1517 577 ex
1538 556 1656 577 errore
1679 545 1816 578 ethnico
1840 545 1882 579 ad
1908 553 2034 580 rectam

358 600 535 643 pietatem.
561 610 599 630 ex
622 599 749 631 inscitia
770 605 800 631 et
823 598 971 632 tenebris
992 600 1033 633 ad
1055 600 1165 634 lucem
1193 607 1295 645 atque
1320 602 1532 646 sapientiam.
1564 603 1670 634 Porro
1691 607 1722 634 et
1744 612 1778 634 ex
1788 602 1958 647 angelium
1981 603 2034 636 di-

356 656 444 687 citur
472 655 523 688 lex
537 681 544 690 .
566 655 644 699 quia
672 655 887 699 singulorum
916 656 1106 690 actionibus
1131 658 1226 702 quod
1250 669 1330 690 com
1340 659 1606 691 enientissinmm
1627 658 1726 691 suerit
1746 658 1917 695 decernit.
1939 671 2034 693 com-

357 712 613 746 memlatiouem
639 712 756 748 bonis.
779 725 907 759 poenas
933 714 1241 759 (vntemptoribuS.

706 778 813 801 Timor
832 779 957 801 Domini
975 782 1117 806 sam-ms,
1134 786 1318 806 permanens
1336 781 1367 802 in
1386 780 1542 802 saeculum
1559 780 1685 803 saeculi.

452 829 560 861 Nemo
588 829 736 862 mundus
761 829 878 864 sorde.
901 830 1030 862 etiamsi
1059 841 1125 862 una
1151 830 1206 861 ‹lie
1233 830 1351 863 xixcrit
1379 841 1483 874 super
1509 836 1646 863 terram.
1670 831 1910 864 Verumtamen
1935 832 2031 865 sicuti

354 885 443 918 aiunt
473 884 616 918 herbam
642 898 713 919 esse
739 886 923 930 quamdam
952 887 1185 931 purgatoriam
1211 886 1367 919 sordium
1388 887 1686 925 iestimeutorum,
1710 888 1752 920 ita
1772 888 1875 920 timor
1893 888 2030 922 Domini

354 949 507 978 sam-tus.
532 943 565 975 id
593 949 640 975 est
668 942 899 981 sanctificans,
921 944 947 975 si
975 944 1008 976 in
1034 950 1183 976 mentem
1211 944 1370 977 ceciderit
1396 944 1599 981 humanam,
1622 955 1758 977 omnem
1778 945 1850 977 eius
1869 944 2031 991 abstergit

352 1000 531 1033 maculam.
563 1001 672 1033 lmmo
698 1007 727 1033 ct
757 1006 893 1033 aeterna
920 1001 952 1032 in
983 1001 1047 1034 xita
1075 1001 1251 1034 hominem
1278 999 1506 1034 conservabit.
1536 1002 1620 1034 Nam
1647 1002 1704 1046 qui
1727 1008 1840 1035 sancte
1866 1002 1952 1036 hanc
1980 1003 2031 1035 vi-

353 1064 419 1090 tani
448 1058 620 1101 transigit.
648 1059 674 1090 is
700 1057 822 1091 codem
849 1057 956 1091 modo
982 1069 1017 1091 se
1043 1057 1183 1091 habebit
1210 1059 1311 1091 etiam
1338 1058 1372 1091 in
1400 1058 1526 1091 futura.

798 1123 918 1145 ludicii:
937 1123 1063 1146 Domini
1082 1130 1168 1151 vera,
1185 1123 1354 1146 iustificata
1372 1124 1405 1145 in
1423 1124 1455 1145 inl
1473 1124 1584 1150 ipsum.

445 1173 567 1205 lutlicia
590 1184 707 1205 rursus
727 1172 873 1217 appellat
895 1172 1028 1205 divinas
1048 1173 1090 1206 (lc
1113 1184 1323 1218 unoquoque
1343 1178 1418 1205 actu
1438 1173 1620 1205 sententias
1647 1178 1747 1217 atque
1767 1172 1915 1206 decreta.
1936 1174 2028 1208 Haec

349 1235 462 1262 autem
489 1241 566 1262 vera
595 1236 670 1262 sunt
699 1235 729 1262 et
758 1231 844 1263 iusta
865 1231 898 1262 in
919 1229 952 1262 id
974 1231 1103 1275 ipsum,
1125 1230 1284 1263 videlicet
1305 1229 1396 1263 haud
1416 1229 1646 1263 discordantia
1673 1241 1783 1274 neque
1809 1230 1859 1262 inx
1870 1231 1955 1263 icem
1975 1242 2029 1264 re—

351 1288 554 1332 pusmantia.
578 1293 720 1331 cognata
749 1288 862 1332 potius
888 1293 919 1320 et
947 1288 1035 1320 inter
1061 1299 1096 1320 se
1122 1288 1370 1320 convenientia.
1400 1287 1500 1320 Nulla
1527 1288 1617 1320 enim
1643 1286 1868 1320 contradictio
1893 1288 1925 1320 in
1951 1288 2029 1321 Ser-

349 1345 475 1378 vatoris
501 1343 634 1389 legibus
661 1346 884 1390 comperitur.
913 1345 1102 1390 Dupliciter
1121 1356 1204 1378 xero
1224 1345 1312 1378 Deus
1331 1344 1476 1383 iudicat,
1499 1351 1553 1377 aut
1574 1344 1759 1378 clementer
1778 1351 1835 1378 aut
1854 1345 2025 1385 districte;

349 1402 566 1446 indulgenter
591 1402 749 1446 quidem,
772 1403 876 1436 veluti
903 1414 981 1436 cum
1008 1402 1138 1435 bomini
1167 1403 1253 1435 circa
1282 1402 1497 1435 undecimam
1524 1402 1646 1434 horam
1664 1408 1785 1437 vocato
1810 1403 1845 1435 in
1871 1403 2024 1442 vineam,

348 1471 463 1504 parem
490 1460 684 1493 mercedem
705 1458 821 1493 tribuit
843 1472 921 1493 cum
941 1460 1008 1493 illis
1026 1461 1084 1504 qui
1105 1466 1183 1493 ante
1209 1458 1351 1493 labmav
1355 1466 1463 1492 erant.
1492 1460 1649 1492 Dis-triete
1668 1465 1800 1498 autem,
1822 1460 1927 1494 xeluti
1948 1472 2025 1494 cum

347 1516 558 1550 adstantibus
584 1528 622 1561 ag
621 1519 679 1549 nis
698 1523 729 1549 et
750 1517 868 1551 haedis
888 1517 977 1551 dicet
1004 1516 1071 1550 illis
1096 1517 1258 1562 quidem,
1282 1517 1411 1555 xenite,
1434 1516 1604 1583 possidete
1630 1528 1797 1562 regnum;
1819 1516 1870 1551 his
1889 1523 2022 1556 autem,

346 1574 509 1608 ‹lisctdite
535 1586 553 1608 a
580 1586 634 1608 me
661 1575 832 1609 maledicti
860 1576 894 1608 in
922 1576 1035 1620 ignem
1062 1581 1252 1608 aeter1.1um

583 1649 617 1671 S}
636 1650 713 1672 mihi
730 1650 884 1672 dominati
903 1656 964 1671 nou
982 1650 1120 1676 fuerint,
1137 1654 1211 1671 tune
1229 1649 1448 1672 immaculatus
1463 1655 1530 1676 ero,
1546 1650 1575 1672 et
1593 1649 1784 1672 emundabor

1027 1700 1046 1716 a
1063 1694 1179 1716 delicto
1197 1694 1340 1715 maximo.

440 1747 621 1781 Confessus
641 1749 705 1781 iam
728 1748 914 1793 propheta.
931 1753 1127 1781 accuratum
1145 1758 1283 1791 quoque
1303 1746 1385 1790 legis
1403 1745 1659 1779 observatorem
1679 1746 1787 1779 multa
1807 1746 1941 1791 fugere,
1957 1748 2019 1780 ait:

344 1817 365 1838 o
392 1805 554 1839 Domine.
577 1805 709 1837 occulta
739 1805 906 1849 {delicta}
934 1811 965 1837 et
993 1804 1092 1837 alieni
1122 1803 1277 1837 homines
1304 1815 1346 1836 ne
1372 1803 1456 1836 mihi
1482 1803 1722 1841 dominentur,
1744 1810 1776 1836 te
1799 1803 1911 1837 iudice
1929 1804 2021 1838 haud

343 1872 379 1894 ea
408 1861 489 1893 milii
516 1860 719 1898 obiiciente,
743 1874 852 1906 neque
872 1863 905 1894 in
925 1868 1102 1907 peccatum
1129 1861 1327 1906 reputante!
1355 1862 1441 1907 Aut:
1464 1872 1505 1894 ne
1529 1872 1651 1905 pravae
1679 1861 1916 1905 cogitationes,
1937 1872 2023 1906 quas

342 1917 501 1951 diabolus
528 1920 630 1951 menti
658 1920 760 1952 iniicit
778 1945 785 1955 ,
815 1920 862 1952 sic
887 1919 1110 1952 dominentur
1136 1918 1239 1956 milii,
1269 1924 1305 1951 ut
1331 1919 1379 1951 eis
1404 1918 1596 1951 adsentiar!
1622 1919 1714 1951 Tunc
1739 1919 1831 1951 enim
1856 1918 2022 1952 immacu—-

343 1976 430 2009 latus
457 1977 574 2013 suero,
596 1983 627 2009 et
657 1983 794 2022 peccato
822 1976 943 2010 actuali
970 1977 1152 2014 immunis,
1174 1976 1269 2020 quod
1296 1987 1458 2020 magnum
1477 1982 1638 2013 vocatur,
1659 1974 1706 2008 ob
1729 1976 2020 2021 comparationem

340 2045 419 2066 cuzn
446 2034 507 2066 illo
526 2034 619 2077 quod
642 2035 673 2066 in
695 2040 808 2066 mente
835 2039 967 2067 tantum
995 2039 1148 2066 versatur
1171 2034 1229 2077 (t).
1259 2033 1459 2077 Prophetice
1477 2043 1615 2076 quoque
1635 2033 1792 2065 universa
1812 2038 1933 2066 natura
1952 2033 2020 2066 cla-

341 2098 406 2124 mat
436 2092 476 2124 a‹l
507 2092 630 2123 Deum:
655 2092 707 2124 lex
733 2091 896 2136 quidem.
919 2092 1081 2128 Domine,
1104 2102 1230 2135 corpus
1258 2089 1497 2123 tantummodo
1516 2089 1763 2123 momentaneis
1788 2088 2033 2131 sanctificabat

340 2147 593 2181 ablutionibus:
617 2155 649 2180 tu
678 2160 760 2181 xero
787 2147 829 2181 ab
855 2148 999 2181 occultis
1019 2149 1120 2181 etiam
1142 2147 1269 2181 munda
1288 2159 1344 2180 me
1364 2158 1425 2192 per
1450 2146 1675 2192 baptismum,
1696 2153 1729 2179 et
1752 2158 1915 2191 praecave
1933 2147 2018 2182 mihi

340 2205 382 2238 ab
402 2206 520 2238 alienis
539 2205 784 2239 daemonibus:
807 2207 832 2239 si
860 2207 950 2239 enim
978 2206 1012 2238 hi
1041 2206 1123 2238 mibi
1151 2217 1220 2239 non
1248 2205 1371 2238 fuerint
1398 2204 1583 2242 dominati,
1606 2210 1686 2243 tunc
1711 2216 1794 2238 vero
1819 2205 1891 2238 sine
1916 2204 2016 2250 culpa

339 2276 420 2298 ero.
449 2270 481 2296 et
513 2263 751 2296 incredulitate
778 2263 996 2300 mundabor.
1025 2263 1077 2296 vel
1105 2264 1207 2296 etiam
1234 2263 1524 2307 transgressione,
1552 2261 1646 2306 quod
1673 2267 1723 2295 est
1748 2273 1910 2306 magnum
1936 2273 2016 2307 pec-

339 2327 463 2353 eatum.
494 2340 516 2345 —
544 2321 720 2353 Peccatum
746 2331 907 2365 magnum
935 2320 1107 2365 appellat,
1136 2319 1221 2352 illud
1248 2319 1344 2365 quod
1370 2325 1445 2353 actu
1473 2318 1532 2356 fit,
1562 2318 1664 2363 idque
1689 2318 1905 2352 occultorum
1931 2329 2015 2364 pur-

335 2378 473 2422 gatione
499 2377 645 2410 inhiberi
673 2378 730 2411 ait.

992 2474 1221 2512 PSALMUS
1250 2474 1358 2511 XIX.

808 2559 965 2582 Exaudiat
983 2562 1012 2581 te
1030 2559 1181 2582 ”ominus
1197 2559 1230 2580 in
1247 2559 1298 2580 die
1315 2557 1546 2580 tribulationis,

432 2609 570 2654 Semper
598 2616 794 2643 sanctorum
825 2610 1015 2644 intenditur
1046 2610 1086 2643 ad
1115 2611 1223 2643 Deum
1254 2620 1378 2654 scopus
1395 2635 1402 2645 ,
1431 2609 1473 2642 ad
1499 2620 1601 2654 quem
1633 2619 1740 2642 unum
1767 2607 2008 2653 respicientes,

337 2676 437 2709 opem
465 2667 535 2698 eiu<
562 2668 768 2712 implorant,
792 2668 960 2712 siquando
987 2667 1110 2712 aliquis
1135 2673 1372 2700 commovetur
1393 2666 1534 2703 fluctus,
1556 2672 1590 2699 et
1615 2676 1732 2710 aspera
1760 2676 1777 2698 a
1803 2664 2010 2698 daemonum

336 2721 468 2753 insidiis
487 2728 667 2768 tempestas
686 2725 863 2758 excitatur.
887 2726 944 2758 Rei
965 2736 1091 2770 gnarus
1109 2724 1210 2757 etiam
1231 2724 1419 2756 Hieremias
1439 2722 1548 2756 aiebat
1569 2723 1599 2755 ἐ
1621 2723 1766 2756 Domine
1784 2722 1892 2754 xirtus
1913 2731 2006 2758 mea,

439 2806 470 2834 t)
491 2804 530 2829 En
550 2805 727 2832 confirmatur
744 2814 759 2833 a
779 2806 881 2842 cyrillo
900 2805 974 2841 quod
993 2807 1047 2833 iam
1068 2805 1186 2832 diximus
1206 2812 1230 2839 p.
1252 2808 1295 2832 98.
1316 2804 1408 2832 adnot.
1427 2807 1459 2838 2,
1479 2812 1575 2838 nempe
1593 2803 1627 2831 de
1647 2803 1745 2831 mentis
1763 2809 1872 2838 quoque
1891 2801 2008 2837 puritate

335 2846 489 2874 necessario
509 2848 705 2875 conservanda.
