<?xml version="1.0" encoding="UTF-8"?>
<!DOCTYPE html PUBLIC "-//W3C//DTD XHTML 1.0 Transitional//EN"
    "http://www.w3.org/TR/xhtml1/DTD/xhtml1-transitional.dtd">
<html xmlns="http://www.w3.org/1999/xhtml" xml:lang="en" lang="en">
 <head>
  <title>
</title>
<meta http-equiv="Content-Type" content="text/html;charset=utf-8" />
  <meta name='ocr-system' content='tesseract 3.04.00' />
  <meta name='ocr-capabilities' content='ocr_page ocr_carea ocr_par ocr_line ocrx_word'/>
</head>
<body>
  <div class='ocr_page' id='page_1' title='image "./novaepatrumbibli03maiauoft/novaepatrumbibli03maiauoft_0761.png"; bbox 0 0 2205 3177; ppageno 0'>
   <div class='ocr_carea' id='block_1_1' title="bbox 944 152 1894 186">
    <p class='ocr_par' dir='ltr' id='par_1_1' title="bbox 944 152 1894 186">
     <span class='ocr_line' id='line_1_1' title="bbox 944 152 1894 186; baseline 0.004 -4"><span class='ocrx_word' id='word_1_1' title='bbox 944 161 1152 184; x_wconf 66' lang='lat' dir='ltr'>FRAGMENTA.</span> <span class='ocrx_word' id='word_1_2' title='bbox 1826 152 1894 186; x_wconf 65' lang='lat'>2533</span> 
     </span>
    </p>
   </div>
   <div class='ocr_carea' id='block_1_2' title="bbox 201 224 1898 2394">
    <p class='ocr_par' dir='ltr' id='par_1_2' title="bbox 201 224 1898 947">
     <span class='ocr_line' id='line_1_2' title="bbox 201 224 1898 272; baseline 0.001 -13"><span class='ocrx_word' id='word_1_3' title='bbox 201 227 235 259; x_wconf 87' lang='lat' dir='ltr'>in</span> <span class='ocrx_word' id='word_1_4' title='bbox 256 224 342 259; x_wconf 83' lang='lat' dir='ltr'>urbe</span> <span class='ocrx_word' id='word_1_5' title='bbox 362 231 514 262; x_wconf 83' lang='lat' dir='ltr'>struere,</span> <span class='ocrx_word' id='word_1_6' title='bbox 536 224 832 258; x_wconf 82' lang='lat' dir='ltr'>circumcisionem</span> <span class='ocrx_word' id='word_1_7' title='bbox 852 225 1050 269; x_wconf 71' lang='lat' dir='ltr'>antiquare,</span> <span class='ocrx_word' id='word_1_8' title='bbox 1073 230 1175 270; x_wconf 87' lang='lat' dir='ltr'>atque</span> <span class='ocrx_word' id='word_1_9' title='bbox 1193 225 1337 258; x_wconf 85' lang='lat' dir='ltr'>omnino</span> <span class='ocrx_word' id='word_1_10' title='bbox 1356 225 1442 269; x_wconf 71' lang='lat' dir='ltr'>legis</span> <span class='ocrx_word' id='word_1_11' title='bbox 1461 225 1547 258; x_wconf 74' lang='lat' dir='ltr'>ritus</span> <span class='ocrx_word' id='word_1_12' title='bbox 1573 224 1713 259; x_wconf 83' lang='lat' dir='ltr'>abolere</span> <span class='ocrx_word' id='word_1_13' title='bbox 1736 225 1800 259; x_wconf 81' lang='lat' dir='ltr'>sibi</span> <span class='ocrx_word' id='word_1_14' title='bbox 1820 238 1898 272; x_wconf 77' lang='lat' dir='ltr'>per-</span> 
     </span>
     <span class='ocr_line' id='line_1_3' title="bbox 203 281 1898 331; baseline -0.001 -15"><span class='ocrx_word' id='word_1_15' title='bbox 203 283 406 316; x_wconf 75' lang='lat' dir='ltr'>mitteretur.</span> <span class='ocrx_word' id='word_1_16' title='bbox 436 282 497 315; x_wconf 75' lang='lat' dir='ltr'>His</span> <span class='ocrx_word' id='word_1_17' title='bbox 524 283 700 331; x_wconf 70' lang='lat' dir='ltr'>promissis</span> <span class='ocrx_word' id='word_1_18' title='bbox 728 293 910 327; x_wconf 81' lang='lat' dir='ltr'>persuasus</span> <span class='ocrx_word' id='word_1_19' title='bbox 936 282 1144 320; x_wconf 70' lang='lat' dir='ltr'>Antiochus,</span> <span class='ocrx_word' id='word_1_20' title='bbox 1169 282 1371 327; x_wconf 73' lang='lat' dir='ltr'>dignitatem</span> <span class='ocrx_word' id='word_1_21' title='bbox 1398 281 1448 315; x_wconf 89' lang='lat' dir='ltr'>illi</span> <span class='ocrx_word' id='word_1_22' title='bbox 1476 282 1633 316; x_wconf 87' lang='lat' dir='ltr'>contulit.</span> <span class='ocrx_word' id='word_1_23' title='bbox 1664 283 1772 327; x_wconf 76' lang='lat' dir='ltr'>Igitur</span> <span class='ocrx_word' id='word_1_24' title='bbox 1795 284 1898 317; x_wconf 85' lang='lat' dir='ltr'>Onias</span> 
     </span>
     <span class='ocr_line' id='line_1_4' title="bbox 203 339 1897 385; baseline 0.001 -12"><span class='ocrx_word' id='word_1_25' title='bbox 203 340 344 385; x_wconf 84' lang='lat' dir='ltr'>quidem</span> <span class='ocrx_word' id='word_1_26' title='bbox 372 339 650 385; x_wconf 76' lang='lat' dir='ltr'>religiosissimus</span> <span class='ocrx_word' id='word_1_27' title='bbox 676 351 715 373; x_wconf 88' lang='lat' dir='ltr'>ac</span> <span class='ocrx_word' id='word_1_28' title='bbox 740 340 944 373; x_wconf 83' lang='lat' dir='ltr'>iustissimus</span> <span class='ocrx_word' id='word_1_29' title='bbox 970 340 1042 377; x_wconf 64' lang='lat' dir='ltr'>vir,</span> <span class='ocrx_word' id='word_1_30' title='bbox 1067 346 1307 373; x_wconf 75' lang='lat' dir='ltr'>exauctoratus</span> <span class='ocrx_word' id='word_1_31' title='bbox 1334 339 1536 385; x_wconf 81' lang='lat' dir='ltr'>pontificatu</span> <span class='ocrx_word' id='word_1_32' title='bbox 1563 346 1633 377; x_wconf 73' lang='lat' dir='ltr'>cst:</span> <span class='ocrx_word' id='word_1_33' title='bbox 1658 341 1755 374; x_wconf 82' lang='lat' dir='ltr'>lason</span> <span class='ocrx_word' id='word_1_34' title='bbox 1783 347 1897 375; x_wconf 86' lang='lat' dir='ltr'>autem</span> 
     </span>
     <span class='ocr_line' id='line_1_5' title="bbox 202 396 1898 443; baseline 0.001 -12"><span class='ocrx_word' id='word_1_35' title='bbox 202 397 396 432; x_wconf 84' lang='lat' dir='ltr'>sacerdotio</span> <span class='ocrx_word' id='word_1_36' title='bbox 415 397 517 430; x_wconf 85' lang='lat' dir='ltr'>simul</span> <span class='ocrx_word' id='word_1_37' title='bbox 538 403 571 431; x_wconf 78' lang='lat' dir='ltr'>et</span> <span class='ocrx_word' id='word_1_38' title='bbox 590 398 783 443; x_wconf 86' lang='lat' dir='ltr'>principatu</span> <span class='ocrx_word' id='word_1_39' title='bbox 811 397 957 441; x_wconf 88' lang='lat' dir='ltr'>potitus,</span> <span class='ocrx_word' id='word_1_40' title='bbox 982 398 1096 430; x_wconf 81' lang='lat' dir='ltr'>statim</span> <span class='ocrx_word' id='word_1_41' title='bbox 1117 396 1159 429; x_wconf 90' lang='lat' dir='ltr'>ad</span> <span class='ocrx_word' id='word_1_42' title='bbox 1178 397 1335 430; x_wconf 81' lang='lat' dir='ltr'>ethnicos</span> <span class='ocrx_word' id='word_1_43' title='bbox 1354 408 1469 430; x_wconf 89' lang='lat' dir='ltr'>mores</span> <span class='ocrx_word' id='word_1_44' title='bbox 1488 409 1668 442; x_wconf 74' lang='lat' dir='ltr'>aggressus</span> <span class='ocrx_word' id='word_1_45' title='bbox 1686 405 1735 431; x_wconf 85' lang='lat' dir='ltr'>est</span> <span class='ocrx_word' id='word_1_46' title='bbox 1754 398 1898 432; x_wconf 78' lang='lat' dir='ltr'>ludaeos</span> 
     </span>
     <span class='ocr_line' id='line_1_6' title="bbox 205 453 1897 500; baseline 0.001 -12"><span class='ocrx_word' id='word_1_47' title='bbox 205 456 404 490; x_wconf 81' lang='lat' dir='ltr'>traducere,</span> <span class='ocrx_word' id='word_1_48' title='bbox 425 461 459 488; x_wconf 88' lang='lat' dir='ltr'>et</span> <span class='ocrx_word' id='word_1_49' title='bbox 485 455 702 500; x_wconf 60' lang='lat' dir='ltr'>gymnasium</span> <span class='ocrx_word' id='word_1_50' title='bbox 730 459 866 499; x_wconf 80' lang='lat' dir='ltr'>praeter</span> <span class='ocrx_word' id='word_1_51' title='bbox 892 453 1061 487; x_wconf 75' lang='lat' dir='ltr'>iudaicam</span> <span class='ocrx_word' id='word_1_52' title='bbox 1090 454 1375 487; x_wconf 77' lang='lat' dir='ltr'>consuetudinem</span> <span class='ocrx_word' id='word_1_53' title='bbox 1404 454 1614 488; x_wconf 61' lang='lat' dir='ltr'>aedificarit:</span> <span class='ocrx_word' id='word_1_54' title='bbox 1639 460 1671 488; x_wconf 82' lang='lat' dir='ltr'>et</span> <span class='ocrx_word' id='word_1_55' title='bbox 1698 455 1806 500; x_wconf 77' lang='lat' dir='ltr'>legem</span> <span class='ocrx_word' id='word_1_56' title='bbox 1834 456 1897 489; x_wconf 88' lang='lat' dir='ltr'>im-</span> 
     </span>
     <span class='ocr_line' id='line_1_7' title="bbox 204 511 1897 558; baseline 0 -12"><span class='ocrx_word' id='word_1_57' title='bbox 204 519 337 546; x_wconf 86' lang='lat' dir='ltr'>mutare</span> <span class='ocrx_word' id='word_1_58' title='bbox 364 523 528 558; x_wconf 76' lang='lat' dir='ltr'>pergens,</span> <span class='ocrx_word' id='word_1_59' title='bbox 552 512 683 546; x_wconf 80' lang='lat' dir='ltr'>cunctis</span> <span class='ocrx_word' id='word_1_60' title='bbox 702 523 719 544; x_wconf 84' lang='lat' dir='ltr'>a</span> <span class='ocrx_word' id='word_1_61' title='bbox 738 512 799 544; x_wconf 86' lang='lat' dir='ltr'>Dei</span> <span class='ocrx_word' id='word_1_62' title='bbox 820 511 915 544; x_wconf 85' lang='lat' dir='ltr'>cultu</span> <span class='ocrx_word' id='word_1_63' title='bbox 937 512 1196 556; x_wconf 64' lang='lat' dir='ltr'>praeceptisque</span> <span class='ocrx_word' id='word_1_64' title='bbox 1223 511 1391 555; x_wconf 75' lang='lat' dir='ltr'>legalibus</span> <span class='ocrx_word' id='word_1_65' title='bbox 1411 511 1571 545; x_wconf 75' lang='lat' dir='ltr'>recedere</span> <span class='ocrx_word' id='word_1_66' title='bbox 1591 511 1774 547; x_wconf 82' lang='lat' dir='ltr'>suadebat,</span> <span class='ocrx_word' id='word_1_67' title='bbox 1797 519 1897 558; x_wconf 73' lang='lat' dir='ltr'>atquc</span> 
     </span>
     <span class='ocr_line' id='line_1_8' title="bbox 202 568 1893 614; baseline 0 -11"><span class='ocrx_word' id='word_1_68' title='bbox 202 570 421 604; x_wconf 82' lang='lat' dir='ltr'>ethnicorum</span> <span class='ocrx_word' id='word_1_69' title='bbox 450 581 563 602; x_wconf 85' lang='lat' dir='ltr'>mores</span> <span class='ocrx_word' id='word_1_70' title='bbox 589 569 761 614; x_wconf 78' lang='lat' dir='ltr'>suscipere</span> <span class='ocrx_word' id='word_1_71' title='bbox 777 594 784 606; x_wconf 84' lang='lat'>,</span> <span class='ocrx_word' id='word_1_72' title='bbox 814 569 991 613; x_wconf 72' lang='lat' dir='ltr'>gymnasia</span> <span class='ocrx_word' id='word_1_73' title='bbox 1009 594 1016 606; x_wconf 80' lang='grc'>,</span> <span class='ocrx_word' id='word_1_74' title='bbox 1046 568 1233 614; x_wconf 75' lang='lat' dir='ltr'>palaestras</span> <span class='ocrx_word' id='word_1_75' title='bbox 1250 594 1257 605; x_wconf 85' lang='grc'>,</span> <span class='ocrx_word' id='word_1_76' title='bbox 1287 575 1319 601; x_wconf 85' lang='lat' dir='ltr'>ct</span> <span class='ocrx_word' id='word_1_77' title='bbox 1346 568 1411 602; x_wconf 88' lang='lat' dir='ltr'>alia</span> <span class='ocrx_word' id='word_1_78' title='bbox 1437 568 1635 602; x_wconf 73' lang='lat' dir='ltr'>huiusmodi</span> <span class='ocrx_word' id='word_1_79' title='bbox 1662 569 1893 614; x_wconf 75' lang='lat' dir='ltr'>frequentare.</span> 
     </span>
     <span class='ocr_line' id='line_1_9' title="bbox 205 624 1896 673; baseline 0 -12"><span class='ocrx_word' id='word_1_80' title='bbox 205 629 345 673; x_wconf 85' lang='lat' dir='ltr'>lamque</span> <span class='ocrx_word' id='word_1_81' title='bbox 364 625 588 661; x_wconf 75' lang='lat' dir='ltr'>omittebatur</span> <span class='ocrx_word' id='word_1_82' title='bbox 608 627 841 664; x_wconf 80' lang='lat' dir='ltr'>circumcisio,</span> <span class='ocrx_word' id='word_1_83' title='bbox 864 625 1090 659; x_wconf 75' lang='lat' dir='ltr'>sabbatorum</span> <span class='ocrx_word' id='word_1_84' title='bbox 1115 624 1334 659; x_wconf 69' lang='lat' dir='ltr'>observantia</span> <span class='ocrx_word' id='word_1_85' title='bbox 1362 625 1617 671; x_wconf 73' lang='lat' dir='ltr'>negligebatur,</span> <span class='ocrx_word' id='word_1_86' title='bbox 1640 629 1896 672; x_wconf 77' lang='lat' dir='ltr'>generatimque</span> 
     </span>
     <span class='ocr_line' id='line_1_10' title="bbox 203 682 1897 729; baseline 0 -11"><span class='ocrx_word' id='word_1_87' title='bbox 203 685 375 719; x_wconf 83' lang='lat' dir='ltr'>ethnicam</span> <span class='ocrx_word' id='word_1_88' title='bbox 394 684 542 718; x_wconf 78' lang='lat' dir='ltr'>somnam</span> <span class='ocrx_word' id='word_1_89' title='bbox 562 683 679 716; x_wconf 61' lang='lat' dir='ltr'>civitas</span> <span class='ocrx_word' id='word_1_90' title='bbox 699 682 877 716; x_wconf 87' lang='lat' dir='ltr'>induebat.</span> <span class='ocrx_word' id='word_1_91' title='bbox 902 684 992 717; x_wconf 84' lang='lat' dir='ltr'>Haec</span> <span class='ocrx_word' id='word_1_92' title='bbox 1011 682 1134 717; x_wconf 60' lang='lat' dir='ltr'>videns</span> <span class='ocrx_word' id='word_1_93' title='bbox 1155 682 1275 716; x_wconf 76' lang='lat' dir='ltr'>beatus</span> <span class='ocrx_word' id='word_1_94' title='bbox 1294 684 1397 716; x_wconf 84' lang='lat' dir='ltr'>Onias</span> <span class='ocrx_word' id='word_1_95' title='bbox 1417 683 1476 716; x_wconf 88' lang='lat' dir='ltr'>diu</span> <span class='ocrx_word' id='word_1_96' title='bbox 1496 683 1570 717; x_wconf 79' lang='lat' dir='ltr'>fieri</span> <span class='ocrx_word' id='word_1_97' title='bbox 1583 709 1591 719; x_wconf 87' lang='lat'>,</span> <span class='ocrx_word' id='word_1_98' title='bbox 1616 683 1805 729; x_wconf 76' lang='lat' dir='ltr'>angebatur</span> <span class='ocrx_word' id='word_1_99' title='bbox 1824 686 1897 718; x_wconf 89' lang='lat' dir='ltr'>ani-</span> 
     </span>
     <span class='ocr_line' id='line_1_11' title="bbox 205 740 1898 786; baseline -0.001 -10"><span class='ocrx_word' id='word_1_100' title='bbox 205 754 280 780; x_wconf 89' lang='lat' dir='ltr'>mo,</span> <span class='ocrx_word' id='word_1_101' title='bbox 301 741 431 776; x_wconf 87' lang='lat' dir='ltr'>ferebat</span> <span class='ocrx_word' id='word_1_102' title='bbox 451 741 660 785; x_wconf 76' lang='lat' dir='ltr'>aegerrime,</span> <span class='ocrx_word' id='word_1_103' title='bbox 683 752 720 774; x_wconf 83' lang='lat' dir='ltr'>ac</span> <span class='ocrx_word' id='word_1_104' title='bbox 739 740 958 786; x_wconf 80' lang='lat' dir='ltr'>deplorabat.</span> <span class='ocrx_word' id='word_1_105' title='bbox 980 740 1072 773; x_wconf 85' lang='lat' dir='ltr'>Malo</span> <span class='ocrx_word' id='word_1_106' title='bbox 1092 747 1206 774; x_wconf 78' lang='lat' dir='ltr'>autem</span> <span class='ocrx_word' id='word_1_107' title='bbox 1226 740 1382 785; x_wconf 73' lang='lat' dir='ltr'>quotidie</span> <span class='ocrx_word' id='word_1_108' title='bbox 1401 742 1677 786; x_wconf 64' lang='lat' dir='ltr'>ingravescente,</span> <span class='ocrx_word' id='word_1_109' title='bbox 1702 741 1825 775; x_wconf 86' lang='lat' dir='ltr'>urbem</span> <span class='ocrx_word' id='word_1_110' title='bbox 1844 742 1898 775; x_wconf 88' lang='lat' dir='ltr'>de-</span> 
     </span>
     <span class='ocr_line' id='line_1_12' title="bbox 204 797 1897 845; baseline 0.001 -13"><span class='ocrx_word' id='word_1_111' title='bbox 204 799 361 844; x_wconf 86' lang='lat' dir='ltr'>reliquit,</span> <span class='ocrx_word' id='word_1_112' title='bbox 384 804 485 843; x_wconf 86' lang='lat' dir='ltr'>atque</span> <span class='ocrx_word' id='word_1_113' title='bbox 505 799 539 831; x_wconf 86' lang='lat' dir='ltr'>in</span> <span class='ocrx_word' id='word_1_114' title='bbox 558 800 755 844; x_wconf 66' lang='lat' dir='ltr'>Aegyptum</span> <span class='ocrx_word' id='word_1_115' title='bbox 776 797 951 844; x_wconf 75' lang='lat' dir='ltr'>profectus</span> <span class='ocrx_word' id='word_1_116' title='bbox 971 798 1077 831; x_wconf 84' lang='lat' dir='ltr'>altare</span> <span class='ocrx_word' id='word_1_117' title='bbox 1098 797 1143 831; x_wconf 80' lang='lat' dir='ltr'>ibi</span> <span class='ocrx_word' id='word_1_118' title='bbox 1163 799 1288 835; x_wconf 59' lang='lat' dir='ltr'>erexit,</span> <span class='ocrx_word' id='word_1_119' title='bbox 1313 799 1481 844; x_wconf 80' lang='lat' dir='ltr'>templum</span> <span class='ocrx_word' id='word_1_120' title='bbox 1501 798 1699 837; x_wconf 62' lang='lat' dir='ltr'>adornavit,</span> <span class='ocrx_word' id='word_1_121' title='bbox 1721 799 1897 845; x_wconf 60' lang='lat' dir='ltr'>divinique</span> 
     </span>
     <span class='ocr_line' id='line_1_13' title="bbox 205 855 1898 901; baseline 0.001 -12"><span class='ocrx_word' id='word_1_122' title='bbox 205 855 253 889; x_wconf 89' lang='lat' dir='ltr'>ibi</span> <span class='ocrx_word' id='word_1_123' title='bbox 279 856 390 890; x_wconf 87' lang='lat' dir='ltr'>cultus</span> <span class='ocrx_word' id='word_1_124' title='bbox 417 866 534 889; x_wconf 87' lang='lat' dir='ltr'>curam</span> <span class='ocrx_word' id='word_1_125' title='bbox 561 856 682 901; x_wconf 84' lang='lat' dir='ltr'>gessit,</span> <span class='ocrx_word' id='word_1_126' title='bbox 707 856 840 890; x_wconf 87' lang='lat' dir='ltr'>Iudaeis</span> <span class='ocrx_word' id='word_1_127' title='bbox 866 855 1036 901; x_wconf 79' lang='lat' dir='ltr'>indigenis</span> <span class='ocrx_word' id='word_1_128' title='bbox 1062 856 1095 888; x_wconf 89' lang='lat' dir='ltr'>in</span> <span class='ocrx_word' id='word_1_129' title='bbox 1125 855 1176 888; x_wconf 61' lang='lat' dir='ltr'>tiis</span> <span class='ocrx_word' id='word_1_130' title='bbox 1202 867 1289 900; x_wconf 82' lang='lat' dir='ltr'>quae</span> <span class='ocrx_word' id='word_1_131' title='bbox 1308 855 1350 888; x_wconf 87' lang='lat' dir='ltr'>ad</span> <span class='ocrx_word' id='word_1_132' title='bbox 1371 855 1572 901; x_wconf 78' lang='lat' dir='ltr'>religionem</span> <span class='ocrx_word' id='word_1_133' title='bbox 1598 856 1767 900; x_wconf 81' lang='lat' dir='ltr'>pertinent</span> <span class='ocrx_word' id='word_1_134' title='bbox 1797 858 1898 890; x_wconf 81' lang='lat' dir='ltr'>mini-</span> 
     </span>
     <span class='ocr_line' id='line_1_14' title="bbox 204 912 739 947; baseline 0 -1"><span class='ocrx_word' id='word_1_135' title='bbox 204 913 347 947; x_wconf 87' lang='lat' dir='ltr'>sterium</span> <span class='ocrx_word' id='word_1_136' title='bbox 374 924 475 946; x_wconf 88' lang='lat' dir='ltr'>suum</span> <span class='ocrx_word' id='word_1_137' title='bbox 501 912 739 946; x_wconf 87' lang='lat' dir='ltr'>commodans.</span> 
     </span>
    </p>

    <p class='ocr_par' dir='ltr' id='par_1_3' title="bbox 203 963 1898 2394">
     <span class='ocr_line' id='line_1_15' title="bbox 299 963 1897 1016; baseline 0.001 -12"><span class='ocrx_word' id='word_1_138' title='bbox 299 971 392 1004; x_wconf 88' lang='lat' dir='ltr'>Haec</span> <span class='ocrx_word' id='word_1_139' title='bbox 418 969 538 1004; x_wconf 87' lang='lat' dir='ltr'>beatus</span> <span class='ocrx_word' id='word_1_140' title='bbox 557 970 667 1003; x_wconf 71' lang='lat' dir='ltr'>David</span> <span class='ocrx_word' id='word_1_141' title='bbox 693 963 876 1016; x_wconf 28' lang='lat' dir='ltr'>praesente*</span> <span class='ocrx_word' id='word_1_142' title='bbox 894 970 1029 1015; x_wconf 88' lang='lat' dir='ltr'>psalmo</span> <span class='ocrx_word' id='word_1_143' title='bbox 1048 970 1273 1008; x_wconf 56' lang='lat' dir='ltr'>vaticinatum</span> <span class='ocrx_word' id='word_1_144' title='bbox 1295 970 1544 1015; x_wconf 68' lang='lat' dir='ltr'>adsumptaque</span> <span class='ocrx_word' id='word_1_145' title='bbox 1564 971 1669 1004; x_wconf 86' lang='lat' dir='ltr'>Oniae</span> <span class='ocrx_word' id='word_1_146' title='bbox 1689 982 1835 1016; x_wconf 66' lang='lat' dir='ltr'>persona</span> <span class='ocrx_word' id='word_1_147' title='bbox 1859 983 1897 1006; x_wconf 88' lang='lat' dir='ltr'>ea</span> 
     </span>
     <span class='ocr_line' id='line_1_16' title="bbox 203 1027 1898 1074; baseline 0.001 -13"><span class='ocrx_word' id='word_1_148' title='bbox 203 1028 305 1066; x_wconf 87' lang='lat' dir='ltr'>dicit,</span> <span class='ocrx_word' id='word_1_149' title='bbox 327 1039 417 1074; x_wconf 85' lang='lat' dir='ltr'>quae</span> <span class='ocrx_word' id='word_1_150' title='bbox 442 1028 508 1061; x_wconf 88' lang='lat' dir='ltr'>dici</span> <span class='ocrx_word' id='word_1_151' title='bbox 538 1027 581 1061; x_wconf 91' lang='lat' dir='ltr'>ab</span> <span class='ocrx_word' id='word_1_152' title='bbox 601 1028 663 1061; x_wconf 88' lang='lat' dir='ltr'>illo</span> <span class='ocrx_word' id='word_1_153' title='bbox 683 1027 868 1073; x_wconf 85' lang='lat' dir='ltr'>oportebat</span> <span class='ocrx_word' id='word_1_154' title='bbox 893 1029 952 1072; x_wconf 85' lang='lat' dir='ltr'>qui</span> <span class='ocrx_word' id='word_1_155' title='bbox 979 1027 1119 1061; x_wconf 73' lang='lat' dir='ltr'>insidias</span> <span class='ocrx_word' id='word_1_156' title='bbox 1146 1039 1162 1061; x_wconf 90' lang='lat' dir='ltr'>a</span> <span class='ocrx_word' id='word_1_157' title='bbox 1183 1029 1252 1061; x_wconf 82' lang='lat' dir='ltr'>suis</span> <span class='ocrx_word' id='word_1_158' title='bbox 1278 1039 1397 1073; x_wconf 73' lang='lat' dir='ltr'>passus</span> <span class='ocrx_word' id='word_1_159' title='bbox 1423 1034 1513 1065; x_wconf 82' lang='lat' dir='ltr'>erat,</span> <span class='ocrx_word' id='word_1_160' title='bbox 1536 1034 1569 1061; x_wconf 89' lang='lat' dir='ltr'>et</span> <span class='ocrx_word' id='word_1_161' title='bbox 1595 1027 1639 1061; x_wconf 89' lang='lat' dir='ltr'>ab</span> <span class='ocrx_word' id='word_1_162' title='bbox 1658 1028 1817 1062; x_wconf 71' lang='lat' dir='ltr'>Antiochi</span> <span class='ocrx_word' id='word_1_163' title='bbox 1845 1041 1898 1062; x_wconf 80' lang='lat' dir='ltr'>sa-</span> 
     </span>
     <span class='ocr_line' id='line_1_17' title="bbox 205 1084 1897 1131; baseline 0.001 -14"><span class='ocrx_word' id='word_1_164' title='bbox 205 1084 373 1118; x_wconf 84' lang='lat' dir='ltr'>tellitibus</span> <span class='ocrx_word' id='word_1_165' title='bbox 399 1085 592 1119; x_wconf 81' lang='lat' dir='ltr'>sacerdotio</span> <span class='ocrx_word' id='word_1_166' title='bbox 618 1085 788 1123; x_wconf 85' lang='lat' dir='ltr'>deiectus,</span> <span class='ocrx_word' id='word_1_167' title='bbox 809 1090 841 1118; x_wconf 85' lang='lat' dir='ltr'>et</span> <span class='ocrx_word' id='word_1_168' title='bbox 867 1085 926 1130; x_wconf 80' lang='lat' dir='ltr'>qui</span> <span class='ocrx_word' id='word_1_169' title='bbox 946 1084 993 1118; x_wconf 89' lang='lat' dir='ltr'>ob</span> <span class='ocrx_word' id='word_1_170' title='bbox 1012 1084 1204 1118; x_wconf 74' lang='lat' dir='ltr'>incolarum</span> <span class='ocrx_word' id='word_1_171' title='bbox 1233 1084 1329 1118; x_wconf 78' lang='lat' dir='ltr'>urbis</span> <span class='ocrx_word' id='word_1_172' title='bbox 1355 1086 1563 1129; x_wconf 75' lang='lat' dir='ltr'>nequitiam,</span> <span class='ocrx_word' id='word_1_173' title='bbox 1586 1092 1831 1131; x_wconf 76' lang='lat' dir='ltr'>postremoque</span> <span class='ocrx_word' id='word_1_174' title='bbox 1850 1086 1897 1120; x_wconf 88' lang='lat' dir='ltr'>ob</span> 
     </span>
     <span class='ocr_line' id='line_1_18' title="bbox 204 1141 1898 1188; baseline 0.001 -13"><span class='ocrx_word' id='word_1_175' title='bbox 204 1142 479 1187; x_wconf 83' lang='lat' dir='ltr'>irreligiosorum</span> <span class='ocrx_word' id='word_1_176' title='bbox 504 1142 631 1177; x_wconf 70' lang='lat' dir='ltr'>civium</span> <span class='ocrx_word' id='word_1_177' title='bbox 658 1142 956 1188; x_wconf 83' lang='lat' dir='ltr'>praepotentiam,</span> <span class='ocrx_word' id='word_1_178' title='bbox 985 1141 1147 1187; x_wconf 79' lang='lat' dir='ltr'>legalium</span> <span class='ocrx_word' id='word_1_179' title='bbox 1175 1142 1305 1175; x_wconf 79' lang='lat' dir='ltr'>rituum</span> <span class='ocrx_word' id='word_1_180' title='bbox 1332 1141 1577 1180; x_wconf 77' lang='lat' dir='ltr'>abolitionem,</span> <span class='ocrx_word' id='word_1_181' title='bbox 1605 1154 1811 1188; x_wconf 83' lang='lat' dir='ltr'>semperque</span> <span class='ocrx_word' id='word_1_182' title='bbox 1837 1155 1898 1177; x_wconf 89' lang='lat' dir='ltr'>au-</span> 
     </span>
     <span class='ocr_line' id='line_1_19' title="bbox 205 1199 1896 1245; baseline 0.001 -12"><span class='ocrx_word' id='word_1_183' title='bbox 205 1206 295 1234; x_wconf 85' lang='lat' dir='ltr'>ctam</span> <span class='ocrx_word' id='word_1_184' title='bbox 320 1200 496 1233; x_wconf 77' lang='lat' dir='ltr'>malorum</span> <span class='ocrx_word' id='word_1_185' title='bbox 521 1199 670 1237; x_wconf 88' lang='lat' dir='ltr'>molem,</span> <span class='ocrx_word' id='word_1_186' title='bbox 697 1211 732 1232; x_wconf 88' lang='lat' dir='ltr'>se</span> <span class='ocrx_word' id='word_1_187' title='bbox 759 1200 793 1232; x_wconf 91' lang='lat' dir='ltr'>in</span> <span class='ocrx_word' id='word_1_188' title='bbox 822 1199 927 1244; x_wconf 82' lang='lat' dir='ltr'>pedes</span> <span class='ocrx_word' id='word_1_189' title='bbox 953 1199 1108 1233; x_wconf 87' lang='lat' dir='ltr'>dederat.</span> <span class='ocrx_word' id='word_1_190' title='bbox 1138 1199 1320 1244; x_wconf 82' lang='lat' dir='ltr'>Ceteroqui</span> <span class='ocrx_word' id='word_1_191' title='bbox 1348 1200 1439 1233; x_wconf 77' lang='lat' dir='ltr'>hunc</span> <span class='ocrx_word' id='word_1_192' title='bbox 1466 1200 1638 1245; x_wconf 77' lang='lat' dir='ltr'>psalmum</span> <span class='ocrx_word' id='word_1_193' title='bbox 1663 1201 1772 1234; x_wconf 64' lang='lat' dir='ltr'>David</span> <span class='ocrx_word' id='word_1_194' title='bbox 1798 1201 1896 1235; x_wconf 85' lang='lat' dir='ltr'>Saule</span> 
     </span>
     <span class='ocr_line' id='line_1_20' title="bbox 206 1256 1897 1302; baseline 0.001 -13"><span class='ocrx_word' id='word_1_195' title='bbox 206 1257 391 1291; x_wconf 87' lang='lat' dir='ltr'>insectante</span> <span class='ocrx_word' id='word_1_196' title='bbox 417 1257 631 1302; x_wconf 84' lang='lat' dir='ltr'>composuit,</span> <span class='ocrx_word' id='word_1_197' title='bbox 654 1268 763 1302; x_wconf 88' lang='lat' dir='ltr'>quum</span> <span class='ocrx_word' id='word_1_198' title='bbox 789 1256 867 1290; x_wconf 73' lang='lat' dir='ltr'>exul</span> <span class='ocrx_word' id='word_1_199' title='bbox 895 1263 981 1290; x_wconf 81' lang='lat' dir='ltr'>esset</span> <span class='ocrx_word' id='word_1_200' title='bbox 1001 1263 1035 1290; x_wconf 85' lang='lat' dir='ltr'>et</span> <span class='ocrx_word' id='word_1_201' title='bbox 1055 1256 1189 1290; x_wconf 84' lang='lat' dir='ltr'>deserta</span> <span class='ocrx_word' id='word_1_202' title='bbox 1210 1257 1284 1290; x_wconf 83' lang='lat' dir='ltr'>loca</span> <span class='ocrx_word' id='word_1_203' title='bbox 1307 1257 1459 1290; x_wconf 76' lang='lat' dir='ltr'>incolere</span> <span class='ocrx_word' id='word_1_204' title='bbox 1484 1264 1633 1290; x_wconf 79' lang='lat' dir='ltr'>coactus.</span> <span class='ocrx_word' id='word_1_205' title='bbox 1662 1258 1829 1291; x_wconf 82' lang='lat' dir='ltr'>Praedicit</span> <span class='ocrx_word' id='word_1_206' title='bbox 1854 1259 1897 1291; x_wconf 84' lang='lat' dir='ltr'>si·</span> 
     </span>
     <span class='ocr_line' id='line_1_21' title="bbox 207 1313 1897 1361; baseline 0.001 -13"><span class='ocrx_word' id='word_1_207' title='bbox 207 1315 279 1348; x_wconf 87' lang='lat' dir='ltr'>mul</span> <span class='ocrx_word' id='word_1_208' title='bbox 299 1314 507 1348; x_wconf 87' lang='lat' dir='ltr'>ludaeorum</span> <span class='ocrx_word' id='word_1_209' title='bbox 533 1325 674 1359; x_wconf 83' lang='lat' dir='ltr'>quoque</span> <span class='ocrx_word' id='word_1_210' title='bbox 700 1314 866 1347; x_wconf 70' lang='lat' dir='ltr'>adversus</span> <span class='ocrx_word' id='word_1_211' title='bbox 890 1315 1109 1347; x_wconf 75' lang='lat' dir='ltr'>Servatorem</span> <span class='ocrx_word' id='word_1_212' title='bbox 1135 1313 1294 1351; x_wconf 78' lang='lat' dir='ltr'>insidias,</span> <span class='ocrx_word' id='word_1_213' title='bbox 1317 1321 1420 1359; x_wconf 82' lang='lat' dir='ltr'>atque</span> <span class='ocrx_word' id='word_1_214' title='bbox 1445 1315 1480 1347; x_wconf 87' lang='lat' dir='ltr'>in</span> <span class='ocrx_word' id='word_1_215' title='bbox 1507 1327 1542 1348; x_wconf 83' lang='lat' dir='ltr'>se</span> <span class='ocrx_word' id='word_1_216' title='bbox 1568 1316 1644 1360; x_wconf 78' lang='lat' dir='ltr'>ipso</span> <span class='ocrx_word' id='word_1_217' title='bbox 1662 1316 1799 1349; x_wconf 76' lang='lat' dir='ltr'>Domini</span> <span class='ocrx_word' id='word_1_218' title='bbox 1820 1328 1897 1361; x_wconf 86' lang='lat' dir='ltr'>pas-</span> 
     </span>
     <span class='ocr_line' id='line_1_22' title="bbox 206 1370 1897 1417; baseline 0.002 -13"><span class='ocrx_word' id='word_1_219' title='bbox 206 1373 338 1405; x_wconf 83' lang='lat' dir='ltr'>sionem</span> <span class='ocrx_word' id='word_1_220' title='bbox 359 1378 437 1406; x_wconf 86' lang='lat' dir='ltr'>ante</span> <span class='ocrx_word' id='word_1_221' title='bbox 457 1378 593 1416; x_wconf 83' lang='lat' dir='ltr'>tempus</span> <span class='ocrx_word' id='word_1_222' title='bbox 611 1370 789 1404; x_wconf 79' lang='lat' dir='ltr'>describit.</span> <span class='ocrx_word' id='word_1_223' title='bbox 818 1371 894 1416; x_wconf 86' lang='lat' dir='ltr'>Ipse</span> <span class='ocrx_word' id='word_1_224' title='bbox 920 1371 1011 1404; x_wconf 89' lang='lat' dir='ltr'>enim</span> <span class='ocrx_word' id='word_1_225' title='bbox 1032 1382 1050 1404; x_wconf 86' lang='lat' dir='ltr'>a</span> <span class='ocrx_word' id='word_1_226' title='bbox 1070 1371 1188 1409; x_wconf 81' lang='lat' dir='ltr'>Saule,</span> <span class='ocrx_word' id='word_1_227' title='bbox 1213 1372 1267 1404; x_wconf 87' lang='lat' dir='ltr'>cui</span> <span class='ocrx_word' id='word_1_228' title='bbox 1287 1370 1374 1404; x_wconf 88' lang='lat' dir='ltr'>bene</span> <span class='ocrx_word' id='word_1_229' title='bbox 1395 1371 1540 1409; x_wconf 70' lang='lat' dir='ltr'>fecerat,</span> <span class='ocrx_word' id='word_1_230' title='bbox 1563 1373 1771 1417; x_wconf 68' lang='lat' dir='ltr'>esagitatuS,</span> <span class='ocrx_word' id='word_1_231' title='bbox 1794 1379 1827 1406; x_wconf 84' lang='lat' dir='ltr'>et</span> <span class='ocrx_word' id='word_1_232' title='bbox 1854 1373 1897 1407; x_wconf 87' lang='lat' dir='ltr'>ab</span> 
     </span>
     <span class='ocr_line' id='line_1_23' title="bbox 206 1426 1897 1475; baseline 0.001 -13"><span class='ocrx_word' id='word_1_233' title='bbox 206 1429 339 1474; x_wconf 89' lang='lat' dir='ltr'>aliquot</span> <span class='ocrx_word' id='word_1_234' title='bbox 358 1428 584 1462; x_wconf 84' lang='lat' dir='ltr'>familiaribus</span> <span class='ocrx_word' id='word_1_235' title='bbox 604 1427 782 1473; x_wconf 84' lang='lat' dir='ltr'>proditus,</span> <span class='ocrx_word' id='word_1_236' title='bbox 806 1428 994 1461; x_wconf 86' lang='lat' dir='ltr'>Dominum</span> <span class='ocrx_word' id='word_1_237' title='bbox 1015 1426 1228 1473; x_wconf 80' lang='lat' dir='ltr'>spiritalibus</span> <span class='ocrx_word' id='word_1_238' title='bbox 1246 1428 1356 1462; x_wconf 89' lang='lat' dir='ltr'>oculis</span> <span class='ocrx_word' id='word_1_239' title='bbox 1383 1428 1604 1474; x_wconf 63' lang='lat' dir='ltr'>praexidebat</span> <span class='ocrx_word' id='word_1_240' title='bbox 1631 1429 1752 1463; x_wconf 87' lang='lat' dir='ltr'>eadem</span> <span class='ocrx_word' id='word_1_241' title='bbox 1779 1441 1897 1475; x_wconf 80' lang='lat' dir='ltr'>passu-</span> 
     </span>
     <span class='ocr_line' id='line_1_24' title="bbox 206 1484 1894 1532; baseline 0.001 -13"><span class='ocrx_word' id='word_1_242' title='bbox 206 1498 296 1520; x_wconf 89' lang='lat' dir='ltr'>rum.</span> <span class='ocrx_word' id='word_1_243' title='bbox 326 1487 511 1532; x_wconf 87' lang='lat' dir='ltr'>Propterea</span> <span class='ocrx_word' id='word_1_244' title='bbox 537 1486 641 1519; x_wconf 90' lang='lat' dir='ltr'>etiam</span> <span class='ocrx_word' id='word_1_245' title='bbox 668 1486 845 1531; x_wconf 84' lang='lat' dir='ltr'>inscriptio</span> <span class='ocrx_word' id='word_1_246' title='bbox 868 1499 882 1515; x_wconf 87' lang='lat'>«</span> <span class='ocrx_word' id='word_1_247' title='bbox 906 1485 941 1518; x_wconf 90' lang='lat' dir='ltr'>in</span> <span class='ocrx_word' id='word_1_248' title='bbox 967 1484 1073 1519; x_wconf 81' lang='lat' dir='ltr'>finem</span> <span class='ocrx_word' id='word_1_249' title='bbox 1096 1500 1111 1516; x_wconf 89' lang='lat'>»</span> <span class='ocrx_word' id='word_1_250' title='bbox 1134 1485 1176 1519; x_wconf 79' lang='lat' dir='ltr'>ad</span> <span class='ocrx_word' id='word_1_251' title='bbox 1204 1497 1258 1519; x_wconf 85' lang='lat' dir='ltr'>res</span> <span class='ocrx_word' id='word_1_252' title='bbox 1279 1486 1469 1531; x_wconf 85' lang='lat' dir='ltr'>praedictas</span> <span class='ocrx_word' id='word_1_253' title='bbox 1493 1486 1657 1521; x_wconf 78' lang='lat' dir='ltr'>lectorem</span> <span class='ocrx_word' id='word_1_254' title='bbox 1678 1489 1894 1525; x_wconf 81' lang='lat' dir='ltr'>transmittit,</span> 
     </span>
     <span class='ocr_line' id='line_1_25' title="bbox 204 1542 1897 1589; baseline 0.001 -12"><span class='ocrx_word' id='word_1_255' title='bbox 204 1544 446 1589; x_wconf 84' lang='lat' dir='ltr'>sapienterque</span> <span class='ocrx_word' id='word_1_256' title='bbox 465 1543 565 1576; x_wconf 85' lang='lat' dir='ltr'>dictis</span> <span class='ocrx_word' id='word_1_257' title='bbox 584 1542 763 1576; x_wconf 88' lang='lat' dir='ltr'>attendere</span> <span class='ocrx_word' id='word_1_258' title='bbox 782 1549 917 1580; x_wconf 85' lang='lat' dir='ltr'>monet,</span> <span class='ocrx_word' id='word_1_259' title='bbox 939 1554 1000 1576; x_wconf 90' lang='lat' dir='ltr'>ceu</span> <span class='ocrx_word' id='word_1_260' title='bbox 1026 1542 1232 1588; x_wconf 85' lang='lat' dir='ltr'>prophetico</span> <span class='ocrx_word' id='word_1_261' title='bbox 1258 1554 1361 1577; x_wconf 85' lang='lat' dir='ltr'>sensu</span> <span class='ocrx_word' id='word_1_262' title='bbox 1381 1543 1451 1577; x_wconf 86' lang='lat' dir='ltr'>illic</span> <span class='ocrx_word' id='word_1_263' title='bbox 1471 1544 1613 1582; x_wconf 84' lang='lat' dir='ltr'>latente,</span> <span class='ocrx_word' id='word_1_264' title='bbox 1635 1545 1695 1589; x_wconf 85' lang='lat' dir='ltr'>qui</span> <span class='ocrx_word' id='word_1_265' title='bbox 1721 1556 1784 1579; x_wconf 89' lang='lat' dir='ltr'>suo</span> <span class='ocrx_word' id='word_1_266' title='bbox 1810 1552 1897 1579; x_wconf 87' lang='lat' dir='ltr'>tem-</span> 
     </span>
     <span class='ocr_line' id='line_1_26' title="bbox 205 1600 1898 1648; baseline 0.002 -14"><span class='ocrx_word' id='word_1_267' title='bbox 205 1612 291 1646; x_wconf 86' lang='lat' dir='ltr'>pore</span> <span class='ocrx_word' id='word_1_268' title='bbox 317 1601 360 1634; x_wconf 89' lang='lat' dir='ltr'>ad</span> <span class='ocrx_word' id='word_1_269' title='bbox 387 1600 491 1634; x_wconf 83' lang='lat' dir='ltr'>finem</span> <span class='ocrx_word' id='word_1_270' title='bbox 517 1600 743 1634; x_wconf 86' lang='lat' dir='ltr'>deducendus</span> <span class='ocrx_word' id='word_1_271' title='bbox 768 1606 854 1634; x_wconf 88' lang='lat' dir='ltr'>erat.</span> <span class='ocrx_word' id='word_1_272' title='bbox 884 1601 1029 1646; x_wconf 81' lang='lat' dir='ltr'>insuper</span> <span class='ocrx_word' id='word_1_273' title='bbox 1060 1601 1115 1634; x_wconf 91' lang='lat' dir='ltr'>hic</span> <span class='ocrx_word' id='word_1_274' title='bbox 1142 1601 1294 1646; x_wconf 85' lang='lat' dir='ltr'>psalmus</span> <span class='ocrx_word' id='word_1_275' title='bbox 1320 1602 1408 1635; x_wconf 80' lang='lat' dir='ltr'>inter</span> <span class='ocrx_word' id='word_1_276' title='bbox 1435 1602 1585 1646; x_wconf 54' lang='lat' dir='ltr'>hymnos</span> <span class='ocrx_word' id='word_1_277' title='bbox 1609 1614 1750 1648; x_wconf 84' lang='lat' dir='ltr'>quoque</span> <span class='ocrx_word' id='word_1_278' title='bbox 1775 1615 1898 1637; x_wconf 86' lang='lat' dir='ltr'>nume-</span> 
     </span>
     <span class='ocr_line' id='line_1_27' title="bbox 205 1658 1897 1706; baseline 0.002 -14"><span class='ocrx_word' id='word_1_279' title='bbox 205 1665 319 1697; x_wconf 82' lang='lat' dir='ltr'>ratur,</span> <span class='ocrx_word' id='word_1_280' title='bbox 340 1659 420 1704; x_wconf 84' lang='lat' dir='ltr'>quia</span> <span class='ocrx_word' id='word_1_281' title='bbox 440 1659 608 1704; x_wconf 84' lang='lat' dir='ltr'>passionis</span> <span class='ocrx_word' id='word_1_282' title='bbox 627 1659 821 1692; x_wconf 81' lang='lat' dir='ltr'>dominicae</span> <span class='ocrx_word' id='word_1_283' title='bbox 841 1659 993 1693; x_wconf 89' lang='lat' dir='ltr'>continet</span> <span class='ocrx_word' id='word_1_284' title='bbox 1013 1658 1327 1693; x_wconf 83' lang='lat' dir='ltr'>adumbrationem.</span> <span class='ocrx_word' id='word_1_285' title='bbox 1356 1661 1479 1694; x_wconf 78' lang='lat' dir='ltr'>Merito</span> <span class='ocrx_word' id='word_1_286' title='bbox 1498 1661 1589 1694; x_wconf 87' lang='lat' dir='ltr'>enim</span> <span class='ocrx_word' id='word_1_287' title='bbox 1609 1661 1667 1694; x_wconf 81' lang='lat' dir='ltr'>ille</span> <span class='ocrx_word' id='word_1_288' title='bbox 1686 1660 1825 1706; x_wconf 73' lang='lat' dir='ltr'>hymnis</span> <span class='ocrx_word' id='word_1_289' title='bbox 1844 1673 1897 1696; x_wconf 85' lang='lat' dir='ltr'>ce—</span> 
     </span>
     <span class='ocr_line' id='line_1_28' title="bbox 206 1715 1897 1763; baseline 0.002 -14"><span class='ocrx_word' id='word_1_290' title='bbox 206 1715 395 1750; x_wconf 83' lang='lat' dir='ltr'>lebrandus</span> <span class='ocrx_word' id='word_1_291' title='bbox 421 1723 491 1755; x_wconf 83' lang='lat' dir='ltr'>est,</span> <span class='ocrx_word' id='word_1_292' title='bbox 513 1717 573 1762; x_wconf 90' lang='lat' dir='ltr'>qui</span> <span class='ocrx_word' id='word_1_293' title='bbox 601 1717 680 1750; x_wconf 88' lang='lat' dir='ltr'>talia</span> <span class='ocrx_word' id='word_1_294' title='bbox 700 1728 765 1762; x_wconf 80' lang='lat' dir='ltr'>pro</span> <span class='ocrx_word' id='word_1_295' title='bbox 785 1717 967 1751; x_wconf 88' lang='lat' dir='ltr'>hominum</span> <span class='ocrx_word' id='word_1_296' title='bbox 994 1717 1102 1750; x_wconf 80' lang='lat' dir='ltr'>salute</span> <span class='ocrx_word' id='word_1_297' title='bbox 1126 1719 1195 1763; x_wconf 80' lang='lat' dir='ltr'>pati</span> <span class='ocrx_word' id='word_1_298' title='bbox 1216 1718 1378 1751; x_wconf 57' lang='lat' dir='ltr'>ioluerit.</span> <span class='ocrx_word' id='word_1_299' title='bbox 1409 1719 1479 1751; x_wconf 81' lang='lat' dir='ltr'>lam</span> <span class='ocrx_word' id='word_1_300' title='bbox 1500 1730 1602 1751; x_wconf 85' lang='lat' dir='ltr'>nerno</span> <span class='ocrx_word' id='word_1_301' title='bbox 1622 1718 1812 1753; x_wconf 79' lang='lat' dir='ltr'>dictionum</span> <span class='ocrx_word' id='word_1_302' title='bbox 1834 1719 1897 1753; x_wconf 78' lang='lat' dir='ltr'>liu—</span> 
     </span>
     <span class='ocr_line' id='line_1_29' title="bbox 206 1773 1894 1822; baseline 0.003 -16"><span class='ocrx_word' id='word_1_303' title='bbox 206 1773 385 1807; x_wconf 77' lang='lat' dir='ltr'>militatem</span> <span class='ocrx_word' id='word_1_304' title='bbox 413 1773 655 1813; x_wconf 84' lang='lat' dir='ltr'>considerans,</span> <span class='ocrx_word' id='word_1_305' title='bbox 684 1774 843 1819; x_wconf 77' lang='lat' dir='ltr'>indignas</span> <span class='ocrx_word' id='word_1_306' title='bbox 869 1774 929 1808; x_wconf 69' lang='lat' dir='ltr'>lias</span> <span class='ocrx_word' id='word_1_307' title='bbox 955 1781 1130 1808; x_wconf 73' lang='lat' dir='ltr'>servatore</span> <span class='ocrx_word' id='word_1_308' title='bbox 1161 1775 1296 1809; x_wconf 79' lang='lat' dir='ltr'>Christo</span> <span class='ocrx_word' id='word_1_309' title='bbox 1323 1775 1508 1809; x_wconf 73' lang='lat' dir='ltr'>existimet:</span> <span class='ocrx_word' id='word_1_310' title='bbox 1538 1775 1732 1810; x_wconf 67' lang='lat' dir='ltr'>consideret</span> <span class='ocrx_word' id='word_1_311' title='bbox 1759 1778 1894 1822; x_wconf 68' lang='lat' dir='ltr'>potius.</span> 
     </span>
     <span class='ocr_line' id='line_1_30' title="bbox 206 1830 1896 1876; baseline 0.002 -13"><span class='ocrx_word' id='word_1_312' title='bbox 206 1842 286 1863; x_wconf 89' lang='lat' dir='ltr'>eum</span> <span class='ocrx_word' id='word_1_313' title='bbox 312 1832 370 1875; x_wconf 86' lang='lat' dir='ltr'>qui</span> <span class='ocrx_word' id='word_1_314' title='bbox 391 1830 435 1864; x_wconf 85' lang='lat' dir='ltr'>fel</span> <span class='ocrx_word' id='word_1_315' title='bbox 463 1837 667 1876; x_wconf 88' lang='lat' dir='ltr'>acetumque</span> <span class='ocrx_word' id='word_1_316' title='bbox 693 1837 724 1865; x_wconf 84' lang='lat' dir='ltr'>et</span> <span class='ocrx_word' id='word_1_317' title='bbox 752 1832 815 1865; x_wconf 92' lang='lat' dir='ltr'>alia</span> <span class='ocrx_word' id='word_1_318' title='bbox 843 1832 1081 1865; x_wconf 85' lang='lat' dir='ltr'>huiuscemodi</span> <span class='ocrx_word' id='word_1_319' title='bbox 1108 1832 1326 1870; x_wconf 66' lang='lat' dir='ltr'>toleraxerit,</span> <span class='ocrx_word' id='word_1_320' title='bbox 1351 1832 1500 1866; x_wconf 82' lang='lat' dir='ltr'>eundem</span> <span class='ocrx_word' id='word_1_321' title='bbox 1528 1832 1687 1866; x_wconf 54' lang='lat' dir='ltr'>facilene</span> <span class='ocrx_word' id='word_1_322' title='bbox 1706 1833 1896 1868; x_wconf 50' lang='lat' dir='ltr'>dictionum</span> 
     </span>
     <span class='ocr_line' id='line_1_31' title="bbox 206 1887 1893 1932; baseline 0.002 -12"><span class='ocrx_word' id='word_1_323' title='bbox 206 1887 347 1932; x_wconf 85' lang='lat' dir='ltr'>quidem</span> <span class='ocrx_word' id='word_1_324' title='bbox 375 1888 604 1922; x_wconf 88' lang='lat' dir='ltr'>humilitatem</span> <span class='ocrx_word' id='word_1_325' title='bbox 637 1890 857 1923; x_wconf 73' lang='lat' dir='ltr'>recusavisse.</span> <span class='ocrx_word' id='word_1_326' title='bbox 887 1890 1023 1923; x_wconf 82' lang='lat' dir='ltr'>Etenim</span> <span class='ocrx_word' id='word_1_327' title='bbox 1048 1889 1154 1923; x_wconf 63' lang='lat' dir='ltr'>verba</span> <span class='ocrx_word' id='word_1_328' title='bbox 1185 1901 1376 1924; x_wconf 70' lang='lat' dir='ltr'>consonare</span> <span class='ocrx_word' id='word_1_329' title='bbox 1406 1889 1503 1923; x_wconf 86' lang='lat' dir='ltr'>factis</span> <span class='ocrx_word' id='word_1_330' title='bbox 1533 1897 1800 1924; x_wconf 83' lang='lat' dir='ltr'>consentaneum</span> <span class='ocrx_word' id='word_1_331' title='bbox 1831 1898 1893 1924; x_wconf 78' lang='lat' dir='ltr'>est.</span> 
     </span>
     <span class='ocr_line' id='line_1_32' title="bbox 206 1946 1897 1992; baseline 0.002 -14"><span class='ocrx_word' id='word_1_332' title='bbox 206 1946 292 1978; x_wconf 79' lang='lat' dir='ltr'>Nam</span> <span class='ocrx_word' id='word_1_333' title='bbox 318 1952 353 1979; x_wconf 91' lang='lat' dir='ltr'>et</span> <span class='ocrx_word' id='word_1_334' title='bbox 377 1946 483 1991; x_wconf 80' lang='lat' dir='ltr'>ipsius</span> <span class='ocrx_word' id='word_1_335' title='bbox 508 1957 576 1980; x_wconf 71' lang='lat' dir='ltr'>vox</span> <span class='ocrx_word' id='word_1_336' title='bbox 602 1952 669 1980; x_wconf 88' lang='lat' dir='ltr'>est:</span> <span class='ocrx_word' id='word_1_337' title='bbox 692 1946 811 1980; x_wconf 88' lang='lat' dir='ltr'>discite</span> <span class='ocrx_word' id='word_1_338' title='bbox 837 1958 855 1980; x_wconf 92' lang='lat' dir='ltr'>a</span> <span class='ocrx_word' id='word_1_339' title='bbox 880 1958 936 1980; x_wconf 89' lang='lat' dir='ltr'>me</span> <span class='ocrx_word' id='word_1_340' title='bbox 962 1947 1041 1992; x_wconf 82' lang='lat' dir='ltr'>quia</span> <span class='ocrx_word' id='word_1_341' title='bbox 1069 1948 1160 1981; x_wconf 77' lang='lat' dir='ltr'>mitis</span> <span class='ocrx_word' id='word_1_342' title='bbox 1186 1959 1261 1981; x_wconf 86' lang='lat' dir='ltr'>sum</span> <span class='ocrx_word' id='word_1_343' title='bbox 1288 1954 1321 1981; x_wconf 88' lang='lat' dir='ltr'>et</span> <span class='ocrx_word' id='word_1_344' title='bbox 1347 1947 1487 1982; x_wconf 84' lang='lat' dir='ltr'>humilis</span> <span class='ocrx_word' id='word_1_345' title='bbox 1513 1948 1638 1986; x_wconf 83' lang='lat' dir='ltr'>corde,</span> <span class='ocrx_word' id='word_1_346' title='bbox 1659 1954 1691 1981; x_wconf 92' lang='lat' dir='ltr'>et</span> <span class='ocrx_word' id='word_1_347' title='bbox 1718 1949 1897 1982; x_wconf 70' lang='lat' dir='ltr'>invenietis</span> 
     </span>
     <span class='ocr_line' id='line_1_33' title="bbox 207 2002 1893 2050; baseline 0.002 -14"><span class='ocrx_word' id='word_1_348' title='bbox 207 2003 362 2048; x_wconf 88' lang='lat' dir='ltr'>requiem</span> <span class='ocrx_word' id='word_1_349' title='bbox 381 2002 562 2037; x_wconf 88' lang='lat' dir='ltr'>animabus</span> <span class='ocrx_word' id='word_1_350' title='bbox 581 2004 715 2037; x_wconf 76' lang='lat' dir='ltr'>vestris.</span> <span class='ocrx_word' id='word_1_351' title='bbox 744 2005 786 2037; x_wconf 87' lang='lat' dir='ltr'>Et</span> <span class='ocrx_word' id='word_1_352' title='bbox 806 2016 937 2038; x_wconf 87' lang='lat' dir='ltr'>rursus.</span> <span class='ocrx_word' id='word_1_353' title='bbox 966 2004 1165 2038; x_wconf 77' lang='lat' dir='ltr'>Mandatum</span> <span class='ocrx_word' id='word_1_354' title='bbox 1187 2006 1300 2050; x_wconf 76' lang='lat' dir='ltr'>accepi</span> <span class='ocrx_word' id='word_1_355' title='bbox 1313 2031 1321 2043; x_wconf 92' lang='lat'>,</span> <span class='ocrx_word' id='word_1_356' title='bbox 1342 2005 1424 2050; x_wconf 81' lang='lat' dir='ltr'>quid</span> <span class='ocrx_word' id='word_1_357' title='bbox 1446 2005 1558 2039; x_wconf 85' lang='lat' dir='ltr'>dicam</span> <span class='ocrx_word' id='word_1_358' title='bbox 1577 2012 1609 2038; x_wconf 88' lang='lat' dir='ltr'>et</span> <span class='ocrx_word' id='word_1_359' title='bbox 1628 2006 1711 2050; x_wconf 83' lang='lat' dir='ltr'>quid</span> <span class='ocrx_word' id='word_1_360' title='bbox 1731 2006 1893 2050; x_wconf 78' lang='lat' dir='ltr'>eloquar,</span> 
     </span>
     <span class='ocr_line' id='line_1_34' title="bbox 207 2060 1898 2107; baseline 0.002 -13"><span class='ocrx_word' id='word_1_361' title='bbox 207 2067 240 2094; x_wconf 88' lang='lat' dir='ltr'>et</span> <span class='ocrx_word' id='word_1_362' title='bbox 265 2060 350 2094; x_wconf 90' lang='lat' dir='ltr'>nihil</span> <span class='ocrx_word' id='word_1_363' title='bbox 371 2071 390 2094; x_wconf 88' lang='lat' dir='ltr'>a</span> <span class='ocrx_word' id='word_1_364' title='bbox 409 2072 464 2094; x_wconf 88' lang='lat' dir='ltr'>me</span> <span class='ocrx_word' id='word_1_365' title='bbox 489 2061 565 2106; x_wconf 90' lang='lat' dir='ltr'>ipso</span> <span class='ocrx_word' id='word_1_366' title='bbox 592 2060 691 2095; x_wconf 87' lang='lat' dir='ltr'>facio.</span> <span class='ocrx_word' id='word_1_367' title='bbox 721 2062 780 2100; x_wconf 84' lang='lat' dir='ltr'>Et,</span> <span class='ocrx_word' id='word_1_368' title='bbox 800 2062 891 2095; x_wconf 89' lang='lat' dir='ltr'>Deus</span> <span class='ocrx_word' id='word_1_369' title='bbox 909 2073 1023 2099; x_wconf 89' lang='lat' dir='ltr'>meus,</span> <span class='ocrx_word' id='word_1_370' title='bbox 1048 2062 1138 2095; x_wconf 89' lang='lat' dir='ltr'>Deus</span> <span class='ocrx_word' id='word_1_371' title='bbox 1156 2073 1271 2099; x_wconf 79' lang='lat' dir='ltr'>meus,</span> <span class='ocrx_word' id='word_1_372' title='bbox 1293 2073 1400 2107; x_wconf 84' lang='lat' dir='ltr'>quare</span> <span class='ocrx_word' id='word_1_373' title='bbox 1419 2062 1632 2107; x_wconf 75' lang='lat' dir='ltr'>dereliquisti</span> <span class='ocrx_word' id='word_1_374' title='bbox 1651 2063 1729 2096; x_wconf 76' lang='lat' dir='ltr'>me?</span> <span class='ocrx_word' id='word_1_375' title='bbox 1755 2063 1846 2097; x_wconf 88' lang='lat' dir='ltr'>Haec</span> <span class='ocrx_word' id='word_1_376' title='bbox 1865 2070 1898 2097; x_wconf 82' lang='lat' dir='ltr'>et</span> 
     </span>
     <span class='ocr_line' id='line_1_35' title="bbox 208 2117 1894 2164; baseline 0.002 -13"><span class='ocrx_word' id='word_1_377' title='bbox 208 2118 309 2152; x_wconf 83' lang='lat' dir='ltr'>huius</span> <span class='ocrx_word' id='word_1_378' title='bbox 334 2119 469 2164; x_wconf 84' lang='lat' dir='ltr'>generis</span> <span class='ocrx_word' id='word_1_379' title='bbox 488 2118 554 2152; x_wconf 87' lang='lat' dir='ltr'>alia</span> <span class='ocrx_word' id='word_1_380' title='bbox 573 2118 727 2152; x_wconf 88' lang='lat' dir='ltr'>humano</span> <span class='ocrx_word' id='word_1_381' title='bbox 745 2130 844 2153; x_wconf 88' lang='lat' dir='ltr'>more</span> <span class='ocrx_word' id='word_1_382' title='bbox 863 2117 1091 2164; x_wconf 86' lang='lat' dir='ltr'>loquebatur,</span> <span class='ocrx_word' id='word_1_383' title='bbox 1114 2125 1148 2152; x_wconf 88' lang='lat' dir='ltr'>ut</span> <span class='ocrx_word' id='word_1_384' title='bbox 1177 2119 1364 2153; x_wconf 81' lang='lat' dir='ltr'>humanam</span> <span class='ocrx_word' id='word_1_385' title='bbox 1385 2131 1481 2153; x_wconf 83' lang='lat' dir='ltr'>suam</span> <span class='ocrx_word' id='word_1_386' title='bbox 1500 2127 1657 2154; x_wconf 71' lang='lat' dir='ltr'>naturrun</span> <span class='ocrx_word' id='word_1_387' title='bbox 1679 2120 1874 2155; x_wconf 85' lang='lat' dir='ltr'>ostenderet</span> <span class='ocrx_word' id='word_1_388' title='bbox 1887 2148 1894 2158; x_wconf 82' lang='lat'>.</span> 
     </span>
     <span class='ocr_line' id='line_1_36' title="bbox 207 2174 1897 2220; baseline 0.002 -12"><span class='ocrx_word' id='word_1_389' title='bbox 207 2180 310 2220; x_wconf 87' lang='lat' dir='ltr'>atque</span> <span class='ocrx_word' id='word_1_390' title='bbox 335 2181 373 2209; x_wconf 89' lang='lat' dir='ltr'>ut</span> <span class='ocrx_word' id='word_1_391' title='bbox 398 2187 434 2210; x_wconf 83' lang='lat' dir='ltr'>se</span> <span class='ocrx_word' id='word_1_392' title='bbox 459 2175 670 2209; x_wconf 90' lang='lat' dir='ltr'>Iudaeorum</span> <span class='ocrx_word' id='word_1_393' title='bbox 695 2174 888 2210; x_wconf 89' lang='lat' dir='ltr'>infirmitati</span> <span class='ocrx_word' id='word_1_394' title='bbox 920 2176 1210 2211; x_wconf 82' lang='lat' dir='ltr'>accommodaret.</span> <span class='ocrx_word' id='word_1_395' title='bbox 1240 2178 1315 2210; x_wconf 80' lang='lat' dir='ltr'>Hoc</span> <span class='ocrx_word' id='word_1_396' title='bbox 1341 2183 1431 2210; x_wconf 82' lang='lat' dir='ltr'>certe</span> <span class='ocrx_word' id='word_1_397' title='bbox 1458 2176 1536 2211; x_wconf 84' lang='lat' dir='ltr'>loco</span> <span class='ocrx_word' id='word_1_398' title='bbox 1562 2177 1669 2211; x_wconf 63' lang='lat' dir='ltr'>David</span> <span class='ocrx_word' id='word_1_399' title='bbox 1697 2184 1729 2211; x_wconf 79' lang='lat' dir='ltr'>et</span> <span class='ocrx_word' id='word_1_400' title='bbox 1756 2179 1897 2212; x_wconf 82' lang='lat' dir='ltr'>iniurias</span> 
     </span>
     <span class='ocr_line' id='line_1_37' title="bbox 207 2231 1897 2279; baseline 0.003 -14"><span class='ocrx_word' id='word_1_401' title='bbox 207 2231 271 2266; x_wconf 85' lang='lat' dir='ltr'>sibi</span> <span class='ocrx_word' id='word_1_402' title='bbox 297 2232 410 2266; x_wconf 85' lang='lat' dir='ltr'>illatas</span> <span class='ocrx_word' id='word_1_403' title='bbox 435 2233 561 2271; x_wconf 83' lang='lat' dir='ltr'>docet,</span> <span class='ocrx_word' id='word_1_404' title='bbox 589 2239 623 2267; x_wconf 91' lang='lat' dir='ltr'>et</span> <span class='ocrx_word' id='word_1_405' title='bbox 649 2233 752 2267; x_wconf 87' lang='lat' dir='ltr'>simul</span> <span class='ocrx_word' id='word_1_406' title='bbox 777 2234 928 2267; x_wconf 88' lang='lat' dir='ltr'>Domino</span> <span class='ocrx_word' id='word_1_407' title='bbox 953 2240 1134 2267; x_wconf 61' lang='lat' dir='ltr'>eventuras</span> <span class='ocrx_word' id='word_1_408' title='bbox 1160 2234 1353 2279; x_wconf 83' lang='lat' dir='ltr'>praedicit;</span> <span class='ocrx_word' id='word_1_409' title='bbox 1382 2233 1428 2268; x_wconf 91' lang='lat' dir='ltr'>ob</span> <span class='ocrx_word' id='word_1_410' title='bbox 1455 2235 1654 2279; x_wconf 80' lang='lat' dir='ltr'>passionum</span> <span class='ocrx_word' id='word_1_411' title='bbox 1681 2237 1897 2270; x_wconf 78' lang='lat' dir='ltr'>communio-</span> 
     </span>
     <span class='ocr_line' id='line_1_38' title="bbox 208 2290 1896 2337; baseline 0.002 -14"><span class='ocrx_word' id='word_1_412' title='bbox 208 2301 286 2324; x_wconf 90' lang='lat' dir='ltr'>nem</span> <span class='ocrx_word' id='word_1_413' title='bbox 313 2290 482 2335; x_wconf 90' lang='lat' dir='ltr'>plaudens</span> <span class='ocrx_word' id='word_1_414' title='bbox 501 2290 583 2330; x_wconf 83' lang='lat' dir='ltr'>sibi,</span> <span class='ocrx_word' id='word_1_415' title='bbox 604 2302 642 2324; x_wconf 88' lang='lat' dir='ltr'>ac</span> <span class='ocrx_word' id='word_1_416' title='bbox 661 2291 919 2336; x_wconf 87' lang='lat' dir='ltr'>propemodum</span> <span class='ocrx_word' id='word_1_417' title='bbox 945 2303 1024 2325; x_wconf 81' lang='lat' dir='ltr'>cum</span> <span class='ocrx_word' id='word_1_418' title='bbox 1042 2290 1150 2325; x_wconf 86' lang='lat' dir='ltr'>Paulo</span> <span class='ocrx_word' id='word_1_419' title='bbox 1175 2291 1386 2325; x_wconf 75' lang='lat' dir='ltr'>exclamans:</span> <span class='ocrx_word' id='word_1_420' title='bbox 1408 2303 1473 2336; x_wconf 83' lang='lat' dir='ltr'>ego</span> <span class='ocrx_word' id='word_1_421' title='bbox 1493 2293 1648 2337; x_wconf 75' lang='lat' dir='ltr'>stigmata</span> <span class='ocrx_word' id='word_1_422' title='bbox 1669 2292 1801 2326; x_wconf 85' lang='lat' dir='ltr'>domini</span> <span class='ocrx_word' id='word_1_423' title='bbox 1820 2294 1896 2327; x_wconf 84' lang='lat' dir='ltr'>lesu</span> 
     </span>
     <span class='ocr_line' id='line_1_39' title="bbox 209 2349 665 2394; baseline 0.002 -13"><span class='ocrx_word' id='word_1_424' title='bbox 209 2349 243 2381; x_wconf 93' lang='lat' dir='ltr'>in</span> <span class='ocrx_word' id='word_1_425' title='bbox 270 2359 418 2394; x_wconf 84' lang='lat' dir='ltr'>corpore</span> <span class='ocrx_word' id='word_1_426' title='bbox 443 2359 523 2382; x_wconf 87' lang='lat' dir='ltr'>meo</span> <span class='ocrx_word' id='word_1_427' title='bbox 548 2355 665 2394; x_wconf 87' lang='lat' dir='ltr'>porto.</span> 
     </span>
    </p>
   </div>
   <div class='ocr_carea' id='block_1_3' title="bbox 529 2436 1571 2489">
    <p class='ocr_par' dir='ltr' id='par_1_4' title="bbox 529 2436 1571 2489">
     <span class='ocr_line' id='line_1_40' title="bbox 529 2436 1571 2489; baseline 0.001 -19"><span class='ocrx_word' id='word_1_428' title='bbox 529 2437 590 2470; x_wconf 72' lang='lat' dir='ltr'>Ex</span> <span class='ocrx_word' id='word_1_429' title='bbox 615 2437 736 2471; x_wconf 84' lang='lat' dir='ltr'>eodem</span> <span class='ocrx_word' id='word_1_430' title='bbox 765 2436 960 2475; x_wconf 72' lang='lat' dir='ltr'>Theodoro,</span> <span class='ocrx_word' id='word_1_431' title='bbox 984 2446 1236 2485; x_wconf 73' lang='lat' dir='ltr'>argumentum</span> <span class='ocrx_word' id='word_1_432' title='bbox 1258 2438 1398 2489; x_wconf 55' lang='lat' dir='ltr'>psalmr</span> <span class='ocrx_word' id='word_1_433' title='bbox 1418 2439 1571 2472; x_wconf 62' lang='lat' dir='ltr'>A‘n‘lt&#39;.</span> 
     </span>
    </p>
   </div>
   <div class='ocr_carea' id='block_1_4' title="bbox 207 2521 1898 2856">
    <p class='ocr_par' dir='ltr' id='par_1_5' title="bbox 207 2521 1898 2856">
     <span class='ocr_line' id='line_1_41' title="bbox 304 2521 1896 2569; baseline 0.003 -15"><span class='ocrx_word' id='word_1_434' title='bbox 304 2521 380 2555; x_wconf 89' lang='lat' dir='ltr'>Hoc</span> <span class='ocrx_word' id='word_1_435' title='bbox 404 2521 439 2554; x_wconf 91' lang='lat' dir='ltr'>in</span> <span class='ocrx_word' id='word_1_436' title='bbox 465 2521 600 2566; x_wconf 83' lang='lat' dir='ltr'>psalmo</span> <span class='ocrx_word' id='word_1_437' title='bbox 626 2533 680 2555; x_wconf 88' lang='lat' dir='ltr'>res</span> <span class='ocrx_word' id='word_1_438' title='bbox 707 2521 828 2556; x_wconf 84' lang='lat' dir='ltr'>beatus</span> <span class='ocrx_word' id='word_1_439' title='bbox 845 2522 954 2556; x_wconf 62' lang='lat' dir='ltr'>David</span> <span class='ocrx_word' id='word_1_440' title='bbox 973 2521 1038 2556; x_wconf 87' lang='lat' dir='ltr'>sub</span> <span class='ocrx_word' id='word_1_441' title='bbox 1058 2523 1230 2556; x_wconf 83' lang='lat' dir='ltr'>Hieremia</span> <span class='ocrx_word' id='word_1_442' title='bbox 1250 2528 1360 2566; x_wconf 63' lang='lat' dir='ltr'>gestas</span> <span class='ocrx_word' id='word_1_443' title='bbox 1383 2522 1568 2568; x_wconf 86' lang='lat' dir='ltr'>praedicit,</span> <span class='ocrx_word' id='word_1_444' title='bbox 1593 2524 1689 2556; x_wconf 73' lang='lat' dir='ltr'>cuius</span> <span class='ocrx_word' id='word_1_445' title='bbox 1715 2523 1896 2569; x_wconf 80' lang='lat' dir='ltr'>adsumpta</span> 
     </span>
     <span class='ocr_line' id='line_1_42' title="bbox 208 2578 1898 2627; baseline 0.002 -15"><span class='ocrx_word' id='word_1_446' title='bbox 208 2589 354 2623; x_wconf 88' lang='lat' dir='ltr'>persona</span> <span class='ocrx_word' id='word_1_447' title='bbox 371 2605 379 2618; x_wconf 89' lang='lat'><strong><em>‚</em></strong></span> <span class='ocrx_word' id='word_1_448' title='bbox 406 2589 445 2612; x_wconf 87' lang='lat' dir='ltr'>ea</span> <span class='ocrx_word' id='word_1_449' title='bbox 471 2578 627 2624; x_wconf 88' lang='lat' dir='ltr'>loquitur</span> <span class='ocrx_word' id='word_1_450' title='bbox 651 2590 740 2624; x_wconf 86' lang='lat' dir='ltr'>quae</span> <span class='ocrx_word' id='word_1_451' title='bbox 768 2579 901 2614; x_wconf 90' lang='lat' dir='ltr'>homini</span> <span class='ocrx_word' id='word_1_452' title='bbox 933 2581 1145 2613; x_wconf 64' lang='lat' dir='ltr'>conveniunt</span> <span class='ocrx_word' id='word_1_453' title='bbox 1171 2580 1204 2613; x_wconf 91' lang='lat' dir='ltr'>in</span> <span class='ocrx_word' id='word_1_454' title='bbox 1231 2579 1353 2613; x_wconf 87' lang='lat' dir='ltr'>cadem</span> <span class='ocrx_word' id='word_1_455' title='bbox 1384 2580 1582 2613; x_wconf 85' lang='lat' dir='ltr'>conditione</span> <span class='ocrx_word' id='word_1_456' title='bbox 1608 2587 1764 2618; x_wconf 63' lang='lat' dir='ltr'>versato:</span> <span class='ocrx_word' id='word_1_457' title='bbox 1793 2588 1898 2627; x_wconf 81' lang='lat' dir='ltr'>prout</span> 
     </span>
     <span class='ocr_line' id='line_1_43' title="bbox 209 2635 1897 2684; baseline 0.002 -15"><span class='ocrx_word' id='word_1_458' title='bbox 209 2636 314 2681; x_wconf 87' lang='lat' dir='ltr'>ipsius</span> <span class='ocrx_word' id='word_1_459' title='bbox 339 2635 516 2670; x_wconf 86' lang='lat' dir='ltr'>sollemnis</span> <span class='ocrx_word' id='word_1_460' title='bbox 541 2636 756 2670; x_wconf 84' lang='lat' dir='ltr'>consuetudo</span> <span class='ocrx_word' id='word_1_461' title='bbox 775 2643 843 2677; x_wconf 89' lang='lat' dir='ltr'>est,</span> <span class='ocrx_word' id='word_1_462' title='bbox 864 2637 1001 2671; x_wconf 89' lang='lat' dir='ltr'>dicendi</span> <span class='ocrx_word' id='word_1_463' title='bbox 1028 2637 1192 2671; x_wconf 87' lang='lat' dir='ltr'>nimirum</span> <span class='ocrx_word' id='word_1_464' title='bbox 1217 2637 1276 2671; x_wconf 89' lang='lat' dir='ltr'>illa</span> <span class='ocrx_word' id='word_1_465' title='bbox 1301 2648 1390 2681; x_wconf 87' lang='lat' dir='ltr'>quae</span> <span class='ocrx_word' id='word_1_466' title='bbox 1415 2638 1455 2670; x_wconf 91' lang='lat' dir='ltr'>iis</span> <span class='ocrx_word' id='word_1_467' title='bbox 1481 2638 1689 2671; x_wconf 55' lang='lat' dir='ltr'>conveniunt</span> <span class='ocrx_word' id='word_1_468' title='bbox 1709 2638 1752 2671; x_wconf 86' lang='lat' dir='ltr'>de</span> <span class='ocrx_word' id='word_1_469' title='bbox 1770 2638 1897 2684; x_wconf 77' lang='lat' dir='ltr'>quibus</span> 
     </span>
     <span class='ocr_line' id='line_1_44' title="bbox 208 2692 1897 2742; baseline 0.002 -17"><span class='ocrx_word' id='word_1_470' title='bbox 208 2693 426 2728; x_wconf 72' lang='lat' dir='ltr'>vaticinatur.</span> <span class='ocrx_word' id='word_1_471' title='bbox 453 2694 523 2727; x_wconf 90' lang='lat' dir='ltr'>Iam</span> <span class='ocrx_word' id='word_1_472' title='bbox 551 2692 606 2727; x_wconf 85' lang='lat' dir='ltr'>hic</span> <span class='ocrx_word' id='word_1_473' title='bbox 631 2693 803 2739; x_wconf 90' lang='lat' dir='ltr'>psalmus,</span> <span class='ocrx_word' id='word_1_474' title='bbox 826 2700 956 2728; x_wconf 86' lang='lat' dir='ltr'>mutata</span> <span class='ocrx_word' id='word_1_475' title='bbox 982 2699 1116 2727; x_wconf 87' lang='lat' dir='ltr'>tantum</span> <span class='ocrx_word' id='word_1_476' title='bbox 1142 2705 1289 2740; x_wconf 88' lang='lat' dir='ltr'>persona</span> <span class='ocrx_word' id='word_1_477' title='bbox 1313 2694 1427 2728; x_wconf 79' lang='lat' dir='ltr'>differt</span> <span class='ocrx_word' id='word_1_478' title='bbox 1448 2693 1491 2727; x_wconf 87' lang='lat' dir='ltr'>ab</span> <span class='ocrx_word' id='word_1_479' title='bbox 1510 2694 1578 2727; x_wconf 82' lang='lat' dir='ltr'>illis</span> <span class='ocrx_word' id='word_1_480' title='bbox 1599 2695 1658 2739; x_wconf 83' lang='lat' dir='ltr'>qni</span> <span class='ocrx_word' id='word_1_481' title='bbox 1685 2695 1728 2729; x_wconf 87' lang='lat' dir='ltr'>de</span> <span class='ocrx_word' id='word_1_482' title='bbox 1755 2697 1897 2742; x_wconf 68' lang='lat' dir='ltr'>captivis</span> 
     </span>
     <span class='ocr_line' id='line_1_45' title="bbox 209 2750 1893 2799; baseline 0.002 -14"><span class='ocrx_word' id='word_1_483' title='bbox 209 2750 301 2797; x_wconf 89' lang='lat' dir='ltr'>apud</span> <span class='ocrx_word' id='word_1_484' title='bbox 326 2750 540 2797; x_wconf 80' lang='lat' dir='ltr'>Babylonem</span> <span class='ocrx_word' id='word_1_485' title='bbox 566 2751 712 2785; x_wconf 88' lang='lat' dir='ltr'>detentis</span> <span class='ocrx_word' id='word_1_486' title='bbox 738 2757 865 2785; x_wconf 82' lang='lat' dir='ltr'>extant.</span> <span class='ocrx_word' id='word_1_487' title='bbox 894 2752 971 2785; x_wconf 86' lang='lat' dir='ltr'>Fuit</span> <span class='ocrx_word' id='word_1_488' title='bbox 997 2751 1088 2785; x_wconf 90' lang='lat' dir='ltr'>enim</span> <span class='ocrx_word' id='word_1_489' title='bbox 1108 2752 1300 2786; x_wconf 83' lang='lat' dir='ltr'>Hieremias</span> <span class='ocrx_word' id='word_1_490' title='bbox 1318 2753 1407 2785; x_wconf 83' lang='lat' dir='ltr'>circa</span> <span class='ocrx_word' id='word_1_491' title='bbox 1434 2750 1521 2785; x_wconf 82' lang='lat' dir='ltr'>illud</span> <span class='ocrx_word' id='word_1_492' title='bbox 1542 2759 1677 2798; x_wconf 84' lang='lat' dir='ltr'>tempus</span> <span class='ocrx_word' id='word_1_493' title='bbox 1703 2754 1893 2799; x_wconf 72' lang='lat' dir='ltr'>propheta.</span> 
     </span>
     <span class='ocr_line' id='line_1_46' title="bbox 207 2808 1896 2856; baseline 0.001 -14"><span class='ocrx_word' id='word_1_494' title='bbox 207 2808 399 2855; x_wconf 85' lang='lat' dir='ltr'>eademqne</span> <span class='ocrx_word' id='word_1_495' title='bbox 425 2809 604 2854; x_wconf 77' lang='lat' dir='ltr'>proximus</span> <span class='ocrx_word' id='word_1_496' title='bbox 628 2808 732 2847; x_wconf 86' lang='lat' dir='ltr'>dicit,</span> <span class='ocrx_word' id='word_1_497' title='bbox 756 2820 844 2854; x_wconf 89' lang='lat' dir='ltr'>quae</span> <span class='ocrx_word' id='word_1_498' title='bbox 870 2808 925 2842; x_wconf 87' lang='lat' dir='ltr'>alii</span> <span class='ocrx_word' id='word_1_499' title='bbox 954 2808 1064 2842; x_wconf 86' lang='lat' dir='ltr'>multo</span> <span class='ocrx_word' id='word_1_500' title='bbox 1090 2815 1168 2842; x_wconf 89' lang='lat' dir='ltr'>ante</span> <span class='ocrx_word' id='word_1_501' title='bbox 1193 2810 1406 2848; x_wconf 89' lang='lat' dir='ltr'>cecinerant;</span> <span class='ocrx_word' id='word_1_502' title='bbox 1432 2809 1580 2855; x_wconf 89' lang='lat' dir='ltr'>ideoque</span> <span class='ocrx_word' id='word_1_503' title='bbox 1606 2822 1623 2844; x_wconf 89' lang='lat' dir='ltr'>a</span> <span class='ocrx_word' id='word_1_504' title='bbox 1650 2811 1782 2856; x_wconf 83' lang='lat' dir='ltr'>populo</span> <span class='ocrx_word' id='word_1_505' title='bbox 1808 2823 1896 2856; x_wconf 82' lang='lat' dir='ltr'>quae</span> 
     </span>
    </p>
   </div>
  </div>
 </body>
</html>
