2205 3177
682 176 714 198 IN
740 173 892 198 PSALMUM
917 173 991 195 xm.
1021 173 1092 194 xw.
1122 172 1161 194 ET
1187 171 1244 194 xV.
1737 157 1804 190 123

127 243 306 290 propheta.
335 242 417 282 Quis
443 241 527 274 mihi
554 239 698 277 tribuet,
721 245 758 272 ut
783 239 997 271 Servatorem
1024 235 1066 269 de
1092 246 1239 281 superna
1258 235 1358 268 Sione
1381 234 1544 278 caeloque
1563 232 1804 266 advenientem

126 301 277 338 videam,
300 306 357 333 aut
383 310 422 332 ex
449 298 610 332 inferiore
637 297 736 330 Sione
762 305 824 341 per
849 294 1058 327 nativitatem
1086 294 1119 325 in
1146 304 1247 326 carne
1273 290 1539 338 procedentem?

777 388 1006 428 PSALMUS
1034 389 1140 425 XIV.

549 477 626 503 Quis
644 474 882 498 tabernaculum
898 475 990 500 ponet
1009 473 1042 495 in
1060 474 1163 494 monte
1180 473 1286 494 saneto
1304 473 1374 494 1uo2

218 531 315 563 Mons
342 535 476 562 sanctus
502 534 552 561 est
578 526 683 560 futuri
710 524 835 558 saeculi
855 535 1019 568 regnum:
1041 533 1158 559 mons,
1181 521 1226 554 ob
1253 521 1490 555 celsitudinem
1509 528 1538 554 et
1560 522 1800 557 eminentiam:

124 594 278 626 sanctus,
300 587 378 632 quia
398 585 446 619 ibi
466 597 535 618 non
563 582 691 617 habitat
718 583 886 628 impurus.
915 578 979 621 Qui
1006 590 1090 624 ergo
1108 579 1142 611 in
1163 578 1227 612 lioc
1246 578 1378 611 mundo
1405 577 1552 616 habitat,
1574 584 1607 611 ct
1625 584 1803 624 praesente

123 647 192 679 vita
218 651 393 689 tamquam
413 642 535 677 umbra
554 648 588 674 et
607 640 710 674 foeno
730 645 946 672 transeunter
969 638 1094 675 utitur,
1118 637 1171 669 liic
1196 635 1455 669 tabernaculum
1474 647 1603 681 ponere
1621 636 1655 669 id
1675 643 1725 670 est
1743 636 1804 670 lia-

123 703 233 738 bitare
259 703 377 736 futuro
396 702 431 734 in
451 711 558 745 regno
577 699 715 745 poterit.
745 698 909 738 Quisnam
935 707 1018 730 vero
1038 695 1093 729 liic
1111 695 1218 728 homo
1244 695 1302 732 sit,
1326 700 1359 727 et
1385 705 1451 739 qua
1479 695 1610 727 ratione
1628 695 1733 728 vitam
1752 695 1804 728 in-

121 763 254 799 stituat,
278 762 312 793 in
339 756 624 803 subsequentibus
651 755 773 801 psalmi
800 753 955 800 partibus
980 753 1152 799 proditur.

534 823 573 845 Et
591 823 795 850 opprobrium
814 827 874 843 non
892 821 1009 847 accepi!
1028 826 1120 846 super
1138 819 1294 845 proximos
1310 825 1389 841 suos.

218 875 327 909 Habet
353 872 539 919 quamdam
560 871 614 905 liic
633 882 746 905 sermo
766 869 1024 904 obscuritatem.
1054 869 1227 901 Incertum
1247 874 1295 901 est
1322 868 1431 906 enim,
1452 873 1570 900 utrum
1589 868 1662 912 ipse
1680 878 1698 900 a
1718 878 1806 900 non·-

123 934 227 968 nullis
252 932 417 979 proximis
442 928 673 975 opprobrium
699 939 769 962 non
796 927 984 973 acceperitz
1005 938 1047 960 an
1074 927 1145 972 ipse
1171 937 1189 958 e
1216 925 1389 959 contrario
1414 924 1646 970 opprobrium
1666 925 1807 958 nonin-

123 991 251 1026 tulerit.
280 989 445 1022 Existimo
464 999 527 1032 ego
546 987 695 1021 iustitiae
715 985 876 1020 studiosis
895 991 1081 1029 utrumque
1099 984 1209 1017 inesse
1231 983 1365 1017 decere.
1387 984 1546 1016 Summae
1565 983 1656 1016 enim
1677 982 1806 1016 fructus

122 1048 255 1095 pietatis
280 1053 346 1084 est,
373 1037 459 1079 adeo
485 1043 719 1079 venerabilem
744 1043 851 1076 vitam
876 1042 1019 1087 degere,
1046 1047 1081 1074 ut
1109 1053 1211 1075 nemo
1238 1040 1338 1074 nobis
1364 1039 1575 1086 exprobrare
1600 1046 1702 1085 queat
1728 1040 1807 1086 pul-

120 1102 281 1137 cherrimi
313 1102 461 1135 cuiusvis
491 1102 606 1147 operis
639 1100 905 1149 negligentiam;
932 1099 1151 1144 vicissimque
1177 1098 1312 1131 nullum
1346 1098 1419 1131 aliis
1451 1098 1644 1132 convicium
1670 1097 1802 1136 facere,

121 1160 253 1194 etiamsi
279 1159 465 1205 aliquando
492 1159 577 1204 lapsi
604 1158 731 1192 fuerint
757 1164 814 1191 aut
840 1156 1033 1191 titubarint.
1063 1157 1175 1201 Aegra
1194 1162 1243 1189 est
1263 1156 1354 1189 enim
1380 1155 1530 1189 hominis
1549 1162 1690 1193 natura,
1712 1161 1745 1189 et
1770 1156 1806 1189 in

121 1218 260 1264 culpam
288 1217 385 1251 facile
410 1217 568 1250 incurrit.
597 1236 619 1241 -
645 1216 868 1262 Contemptus
893 1214 1098 1259 intelligitur
1123 1225 1193 1247 non
1219 1225 1259 1247 ex
1285 1214 1410 1247 mentis
1437 1212 1615 1258 superbia,
1638 1213 1697 1247 sed
1723 1213 1805 1247 odio

124 1276 237 1321 potius
262 1275 344 1308 mali
370 1281 403 1308 et
430 1273 696 1308 abominatione.

786 1368 1018 1407 PSALMUS
1046 1368 1132 1406 XV.

561 1454 716 1478 Conserva
733 1460 781 1476 me
798 1453 944 1481 nomine,
962 1454 1111 1480 quoniam
1128 1454 1161 1475 in
1180 1455 1210 1475 te
1226 1453 1360 1480 speravi.

216 1508 344 1541 Rursus
369 1512 402 1539 et
428 1504 494 1539 hoc
519 1504 633 1538 servili
662 1503 833 1549 (Christi)
862 1503 993 1537 formae
1019 1514 1230 1548 congruens;
1252 1502 1424 1548 simulque
1442 1503 1682 1537 demonstrans
1707 1504 1804 1538 iusti-

120 1563 314 1599 ficationem
339 1564 374 1596 in
401 1562 469 1596 fide
494 1574 557 1608 per
582 1562 847 1596 confessionem.
876 1581 899 1586 —
926 1561 1010 1594 Heic
1036 1572 1257 1594 communem
1287 1560 1393 1594 xeluti
1417 1560 1558 1594 humani
1588 1562 1724 1606 generis
1752 1562 1806 1595 in-

118 1622 229 1656 duens
254 1632 438 1667 personam
464 1621 644 1658 Servator‚
667 1630 746 1652 cum
771 1619 844 1652 Deo
870 1624 968 1664 patre
995 1618 1149 1664 loquitur
1175 1629 1245 1652 non
1271 1624 1341 1651 tam
1367 1630 1431 1664 pro
1457 1630 1511 1657 se,
1532 1630 1637 1664 quam
1663 1625 1806 1665 propter

119 1691 182 1714 nos
200 1685 302 1725 atque
321 1690 386 1724 pro
405 1676 522 1716 nobis,
540 1683 717 1723 tamquam
738 1688 825 1710 unus
845 1688 886 1710 ex
905 1675 1018 1710 nobis.
1036 1677 1223 1710 Dominum
1241 1677 1355 1721 itaque
1375 1676 1527 1722 appellat
1545 1682 1695 1723 patrem,
1713 1684 1806 1723 post-

118 1748 222 1782 quam
240 1738 312 1782 ipse
331 1736 420 1770 servi
440 1735 589 1769 formam
609 1734 803 1779 assumpsit.
824 1734 1027 1768 Conservari
1047 1740 1161 1767 autem
1181 1745 1215 1767 se
1235 1734 1319 1779 petit
1338 1740 1482 1779 propter
1500 1733 1696 1774 ecclesiam,
1716 1745 1804 1780 quae

118 1801 168 1828 est
193 1795 265 1828 eius
291 1804 384 1828 caro.
412 1794 500 1826 Nam
526 1803 646 1826 revera
673 1791 814 1825 ecclesia
841 1803 921 1825 caro
947 1792 1019 1825 eius
1045 1797 1112 1825 est:
1135 1792 1331 1825 conservari
1358 1798 1472 1825 autem
1498 1792 1611 1829 illam,
1634 1792 1707 1825 iure
1733 1803 1805 1826 me-

118 1853 254 1898 ritoque
271 1852 372 1898 petit:
395 1858 495 1896 atque
515 1851 558 1884 ad
577 1851 649 1884 eius
676 1861 858 1896 personam
880 1856 973 1884 recte
992 1850 1141 1884 refertur
1160 1857 1233 1884 tum
1254 1848 1393 1884 ecclesia
1415 1856 1486 1883 tum
1507 1851 1721 1884 conservatio
1742 1850 1802 1895 (1).

118 1911 261 1945 Causam
287 1921 427 1954 quoque
454 1910 570 1954 ponit,
592 1907 638 1941 ob
665 1919 769 1953 quam
795 1908 1051 1942 conservandus
1078 1909 1136 1942 sit:
1158 1914 1341 1954 propterea
1367 1909 1476 1945 enim,
1499 1919 1520 1941 o
1540 1914 1651 1953 pater,
1674 1908 1801 1953 inquit,

117 1980 135 2002 a
162 1975 195 2002 te
220 1967 416 2002 conservari
443 1973 542 2012 peto,
564 1966 644 2011 quia
669 1967 704 1999 in
732 1972 763 1999 te
789 1967 940 2011 speravi:
964 1978 999 1999 se
1024 1967 1137 2011 ipsum
1163 1977 1247 2000 vero
1273 1977 1351 2000 cum
1378 1966 1477 2004 dicit,
1504 1966 1679 2000 ecclesiam
1706 1966 1800 1999 dicit.

321 2033 396 2056 Dixi
414 2033 562 2069 Domino,
578 2032 723 2055 dominus
739 2038 824 2054 meus
841 2038 872 2054 es
890 2033 939 2059 tu,
955 2032 1105 2058 quoniam
1122 2033 1273 2054 bonorum
1289 2038 1428 2054 meorum
1446 2039 1506 2054 non
1523 2039 1604 2062 eges-

214 2084 251 2117 ln
278 2082 456 2128 exangelio
483 2092 622 2126 quoque
649 2080 783 2114 dicebat
808 2080 837 2113 ':
866 2080 1014 2114 ascendo
1041 2081 1083 2114 ad
1110 2087 1244 2126 patrem
1269 2092 1385 2115 meum
1412 2088 1443 2114 et
1470 2088 1603 2126 patrem
1630 2088 1800 2120 vestrum,

117 2142 226 2174 Deum
246 2151 361 2173 meum
380 2145 413 2172 et
430 2140 539 2172 Deum
557 2144 727 2172 vestrum:
749 2144 781 2171 et
800 2149 891 2171 nunc
910 2144 1032 2172 natura
1052 2138 1159 2172 factus
1181 2138 1304 2176 homo,
1327 2138 1507 2171 dominum
1526 2150 1627 2172 suum
1652 2138 1801 2184 appellat

116 2205 261 2245 patrem.
293 2197 431 2231 Addens
454 2203 567 2230 autem
591 2210 605 2227 «
628 2196 792 2241 quoniam
812 2195 986 2230 bonorum
1005 2208 1164 2230 meorum
1182 2208 1251 2230 non
1271 2208 1349 2241 eges
1372 2210 1386 2227 »
1409 2196 1528 2242 legalis
1551 2196 1662 2230 cultus
1686 2203 1801 2230 osten-

116 2257 165 2291 dit
192 2256 425 2290 inutilitatem.
449 2256 536 2288 Nam
558 2253 649 2287 bona
669 2253 744 2288 heic
762 2255 971 2300 nuncupavit
992 2253 1125 2288 oblatas
1144 2255 1291 2290 hostias,
1313 2266 1398 2299 quas
1415 2266 1631 2300 nequaquam
1653 2256 1719 2288 iam
1743 2266 1800 2288 cx-

116 2314 230 2361 cipere
257 2319 414 2359 apparet:
442 2324 522 2346 nam
548 2311 628 2345 fidei
656 2312 812 2346 doctrina
839 2312 915 2346 illas
940 2311 1068 2346 abolet.
1097 2313 1188 2346 Num
1215 2312 1435 2346 manducabo
1459 2307 1585 2346 carnes
1604 2319 1798 2349 taurorum,

117 2379 174 2406 aut
194 2372 371 2405 hircorum
397 2371 597 2415 sanguinem
616 2369 733 2403 bibam
754 2369 790 2403 ⁹?
816 2371 857 2403 Et
875 2381 1011 2404 rursus:
1034 2369 1239 2404 sacrificium
1258 2376 1291 2403 et
1310 2370 1521 2404 oblationem
1544 2370 1701 2407 noluisti,
1724 2381 1801 2403 cor—

116 2440 180 2475 pus
207 2434 320 2462 autem
347 2428 590 2473 coagmentasti
608 2427 692 2460 mihi
712 2427 737 2460 '.
767 2428 874 2461 Porro
899 2426 1044 2461 observa
1064 2428 1124 2461 Dei
1145 2439 1217 2461 esse
1236 2427 1342 2461 solius
1366 2429 1565 2474 proprium,
1588 2433 1625 2460 ut
1649 2427 1746 2466 nulla,
1763 2438 1800 2460 re

116 2492 232 2531 egeat:
255 2492 305 2519 ast
332 2485 407 2523 alii,
429 2485 488 2529 qui
515 2485 678 2518 dicuntur
703 2484 852 2524 domini,
878 2484 1095 2519 oblationum
1122 2497 1140 2519 a
1167 2485 1313 2519 subditis
1338 2497 1457 2519 revera
1485 2485 1656 2530 indigent.
1680 2496 1802 2530 nempe

115 2554 295 2592 servorum
308 2569 315 2581 ‚
336 2542 583 2587 agricolarum,
600 2547 632 2576 et
652 2541 849 2581 fabrorum,
872 2543 1090 2589 aliorumque
1112 2543 1323 2577 huiusmodi.
1348 2544 1422 2576 Hoc
1442 2542 1556 2588 itaque
1579 2543 1732 2576 Christus
1751 2549 1801 2576 et-

115 2603 184 2636 iam
211 2600 374 2634 indicium
401 2600 534 2637 statuit,
558 2605 689 2645 patrem
716 2611 815 2634 suum
841 2612 922 2634 vere
947 2612 1019 2634 esse
1045 2601 1246 2638 dominum,
1268 2601 1431 2645 quoniam
1459 2599 1632 2633 bonorum
1650 2611 1721 2633 non
1745 2601 1798 2633 in-

115 2659 228 2705 digeat
255 2658 298 2698 ab
325 2670 360 2692 se
386 2658 415 2691 ei
441 2657 658 2697 oblatorum,
687 2658 723 2691 id
753 2664 804 2692 est
830 2670 847 2691 a
873 2670 975 2693 carne
1001 2670 1061 2692 sua
1091 2671 1150 2692 seu
1181 2658 1334 2692 ecclesia.
1363 2658 1531 2703 Equidem
1561 2659 1693 2692 etiamsi
1723 2664 1799 2692 oret

214 2802 250 2831 (1)
269 2799 426 2834 Fragmenti
449 2798 530 2826 huius
553 2802 657 2834 partem
678 2798 755 2826 video
774 2799 925 2827 Athanasio
947 2800 981 2827 ab
1000 2799 1062 2827 aliis
1083 2799 1230 2831 tribtitan1;
1250 2798 1298 2826 sed
1319 2798 1435 2831 frustra,
1455 2803 1486 2826 ut
1506 2807 1556 2834 ego
1576 2799 1668 2827 iudico
1687 2800 1799 2828 Nicetae

116 2844 278 2872 auctoritate
301 2843 395 2871 fretus.
605 2840 607 2842 ’

1841 1461 1863 1477 v.
1881 1460 1898 1477 t.

1843 1482 1881 1504 Gr.
1895 1488 1918 1509 p.
1937 1485 1980 1505 193.

1842 2040 1862 2055 V.
1878 2039 1897 2055 ·.¹.

1845 2094 1850 2101 ’
1866 2092 1915 2113 Ioh.
1931 2093 1978 2114 XX.
1996 2096 2027 2114 17.

1842 2385 1848 2391 ’
1864 2382 1900 2403 Ps.
1911 2382 1989 2404 XLIX.
2002 2386 2032 2403 13.

1843 2424 1849 2433 ¹¹
1858 2422 1893 2443 Ps.
1902 2422 2004 2443 XXXIX.
2013 2425 2032 2443 7.

1840 2450 1861 2469 ct
1877 2448 1945 2470 Hebr.
1962 2450 1989 2470 X.
2006 2453 2016 2469 Γ,
