2205 3177
258 562 293 580 l.=l.
320 561 344 579 xl
377 564 402 578 Η,

229 950 233 954 ·
253 947 311 965 iti-i,
330 945 407 966 λλλὶ.

223 1070 227 1074 ”
242 1067 285 1086 11.(
298 1072 330 1085 nr.
344 1066 371 1086 lll
392 1070 400 1085 .'

236 1581 240 1585 '
257 1578 320 1597 (tuit,
338 1577 363 1597 11.
381 1579 411 1597 14.

435 189 503 220 200
936 193 962 215 s.
991 193 1115 215 crana]
1144 193 1361 215 Arsxmnnixi
1389 192 1592 214 EXPLANATlo

437 263 470 294 in
499 262 570 304 ipso
596 264 694 291 sunt:
723 257 816 301 quod
843 256 980 301 quidem
1008 262 1122 289 nostra
1149 268 1286 301 quoque
1313 256 1427 301 lingua
1453 255 1554 290 facit.
1582 265 1668 299 quae
1695 254 1841 288 latebant
1870 255 1903 288 in
1929 260 2041 288 mente
2067 261 2100 288 et

438 317 557 350 corde.
583 321 674 347 extra
702 313 869 345 deserens.
900 314 935 345 Et
964 313 1125 346 wlocitoi·
1151 313 1328 346 scribentis
1355 313 1522 346 calamum
1550 311 1629 345 dicit
1655 312 1784 356 ipsum.
1810 323 1956 356 namque
1983 312 2101 344 liuius—

438 373 529 406 modi
551 372 698 405 calamus
716 370 878 403 wlocitcr
899 370 1028 414 paginis
1046 371 1208 414 imprimit
1228 369 1463 415 quorumlibet
1482 380 1595 402 x‘oces.
1621 369 1688 401 lam
1707 379 1790 401 vero
1810 369 2020 413 unigenitum
2040 369 2100 401 Dei

439 428 587 462 Verbum
609 427 642 460 id
660 429 770 472 ipsum
790 427 1002 472 exsequitur.
1024 427 1234 460 credentium
1254 426 1415 460 cordibus
1434 425 1708 459 intellectualiter
1726 426 1924 469 imprimens
1941 437 2098 469 magnam

364 515 367 522 ‚
391 509 401 521 .,
441 486 625 530 sapientem
645 494 828 527 veramque
847 484 952 528 patris
970 483 1193 517 xoluntatem.
1214 484 1387 523 Quaenam
1407 494 1489 516 vero
1508 483 1547 515 sit
1568 482 1673 527 patris
1690 481 1864 519 voluntas,
1887 482 1996 526 ipsum
2015 483 2100 515 Ver-

442 542 522 576 bum
551 543 582 574 in
609 540 790 585 evangeliis
816 539 963 573 declarat
990 540 1105 573 dicens
1125 542 1154 572 ⁹:
1180 555 1194 570 «
1219 546 1252 573 ut
1273 551 1374 572 omne
1392 539 1487 584 quod
1510 539 1603 572 dedit
1629 538 1711 571 mihi
1738 544 1849 583 pater.
1870 549 1938 570 non
1957 539 2099 583 perdam

441 611 479 632 cx
499 610 557 632 co.
579 597 638 631 sed
657 597 852 630 resuscitem
878 596 964 630 illud
984 598 1017 629 in
1038 597 1222 630 novissimo
1242 595 1308 629 die.
1335 610 1350 626 »
1373 595 1437 629 Sed
1457 601 1489 629 et
1512 596 1579 629 alio
1605 594 1710 628 modo
1728 593 1844 627 scribit
1863 595 1895 627 in
1915 593 2013 627 nobis
2038 605 2101 627 vo-

441 656 604 688 luntatem
630 654 735 699 patris
760 653 887 686 bonam
913 660 944 686 et
970 652 1057 686 bene
1083 653 1286 698 placentem.
1315 653 1369 685 Est
1399 653 1500 697 igitur
1525 652 1624 685 velox
1650 662 1855 696 magnopere
1884 652 1988 695 patris
2012 651 2102 684 cala-

440 724 527 745 mus.
556 713 641 744 Nam
659 711 784 754 Moysis
803 716 893 743 certe
920 710 972 744 lex
1000 710 1103 754 longo
1129 711 1271 743 circuitu
1296 709 1482 754 multisque
1500 709 1732 742 molestiarum
1752 706 1968 753 ambagibus,
1990 707 2102 741 littera

441 770 579 813 inquam
605 769 744 803 creatis.
767 767 899 801 exiliter
924 773 955 800 et
982 768 1035 799 xix
1063 778 1149 811 quae
1176 766 1263 811 frugi
1289 772 1387 800 erant
1412 765 1683 799 demonstrabat:
1705 764 1904 798 universalis
1922 775 2004 797 vero
2027 764 2103 798 Ser-

442 832 539 859 xator
563 832 595 859 et
621 825 799 861 dominus,
822 825 894 858 sine
919 824 992 857 ullo
1018 823 1168 861 ambitu,
1192 830 1342 856 actutum
1370 821 1469 856 nobis
1494 823 1656 856 revelax‘it
1675 822 1778 867 patris
1795 821 2018 855 voluntatem.
2046 821 2104 854 Est

444 884 533 916 enim
561 883 673 926 magni
700 881 831 915 consilii
858 881 1010 926 angelus.
1040 880 1172 914 Alicubi
1199 881 1299 914 etiam
1326 891 1388 925 per
1414 885 1565 913 sanctum
1591 879 1794 927 prophetam
1812 877 1995 923 quemdam
2020 877 2105 911 dixit

446 941 489 974 de
515 942 640 974 vocatis
666 940 706 973 ad
734 939 837 972 {idem
859 940 886 971 ⁹:
913 952 927 969 ι(
949 938 1070 972 diebus
1094 938 1178 975 illis,
1200 939 1245 971 ait
1263 938 1448 975 Dominus,
1469 936 1560 970 dabo
1584 936 1675 981 leges
1699 947 1790 969 meas
1815 936 1849 968 in
1874 942 2022 969 mentem
2048 946 2105 969 eo-

447 1009 542 1033 rum.
564 1004 595 1030 et
617 998 650 1029 in
676 995 876 1029 eorumdem
897 994 1058 1029 cordibus
1077 994 1222 1028 scribam
1241 996 1341 1040 ipsas.
1368 1008 1383 1025 »
1405 993 1527 1027 Scribit
1546 1005 1629 1027 vero
1649 993 1690 1026 ad
1710 992 1846 1026 eosdem
1866 999 2003 1026 vocatos
2020 993 2108 1025 Pau-

449 1055 500 1087 lus
525 1065 663 1098 qnoque
688 1053 952 1098 sapientissimus
972 1053 1001 1085 ⁸:
1027 1067 1041 1082 «
1064 1052 1205 1097 epistola
1232 1057 1348 1085 nostra
1374 1062 1435 1084 vos
1460 1051 1556 1089 estis,
1578 1050 1686 1095 agnita
1714 1055 1745 1083 et
1771 1049 1855 1083 lecta
1881 1049 1923 1083 ab
1946 1047 2106 1082 omnibus

446 1109 661 1145 bominibus:
683 1109 885 1143 manifestati
911 1109 1005 1153 quod
1025 1108 1168 1154 epistola
1186 1109 1265 1141 estis
1284 1108 1427 1145 Christi,
1449 1108 1635 1140 ministrata
1662 1118 1680 1140 a
1706 1105 1823 1144 nobis,
1844 1111 1876 1139 et
1895 1106 2016 1151 scripta
2035 1117 2105 1139 non

446 1174 652 1204 atramento,
675 1167 733 1200 sed
753 1167 873 1212 spiritu
891 1167 953 1199 Dei
971 1167 1052 1199 vivi.
1078 1180 1093 1196 n
1116 1167 1186 1210 Age
1203 1176 1286 1198 vero
1305 1165 1360 1198 bic
1379 1165 1544 1202 calamus,
1565 1170 1700 1209 praeter
1717 1174 1819 1208 quam
1837 1162 1930 1208 quod
1949 1163 2038 1196 celer
2056 1168 2107 1196 est

446 1231 476 1258 et
498 1225 594 1257 velox
610 1250 617 1261 ,
639 1224 773 1257 excellit
793 1225 893 1256 etiam
917 1222 1173 1268 pulchritudine
1200 1232 1280 1267 prae
1299 1221 1378 1254 filiis
1397 1221 1589 1254 hominum.
1618 1220 1849 1265 Promulgavit
1874 1219 2012 1264 quidem
2037 1219 2108 1264 pri-

446 1282 509 1315 scis
528 1280 726 1314 hominibus
744 1280 844 1313 dirus
869 1281 1000 1324 Moyses
1019 1279 1129 1323 legem
1156 1290 1216 1324 per
1235 1278 1374 1323 angelos
1393 1279 1636 1311 ministratam:
1656 1282 1837 1310 narrarunt
1863 1276 1982 1309 iisdem
2007 1277 2107 1309 etiam

448 1337 634 1382 prophetae
652 1337 878 1371 revelationes
894 1338 971 1370 Dei:
989 1348 1109 1370 verum
1128 1337 1303 1369 enimuero
1322 1334 1464 1380 pulcher
1481 1334 1621 1368 demum
1638 1334 1699 1367 fuit
1718 1345 1799 1378 prae
1816 1332 1894 1365 filiis
1911 1332 2087 1366 hominum
2098 1357 2106 1370 ‚

448 1396 552 1440 patris
578 1395 739 1428 calamus.
768 1396 853 1428 Nam
873 1395 948 1439 quis
968 1400 1162 1428 sanctorum
1181 1392 1436 1438 comparabitur
1454 1392 1610 1425 Christo?
1628 1402 1731 1425 nemo
1755 1391 1908 1424 omnino.
1937 1391 2044 1431 Quam
2062 1389 2109 1424 oh

448 1463 520 1485 rem
546 1452 603 1485 illa
629 1453 731 1485 etiam
749 1453 783 1485 in
802 1452 934 1485 cantico
960 1452 1170 1485 canticorum
1195 1450 1389 1483 introducta
1415 1460 1557 1494 sponsa,
1579 1449 1738 1482 ecclesiae
1764 1459 1944 1494 personam
1969 1458 2106 1493 gerens,

448 1520 655 1553 quamquam
682 1510 711 1542 ei
739 1507 860 1542 licebat
887 1508 1123 1553 sapientissimi
1148 1508 1272 1552 Moysis
1297 1513 1329 1540 et
1355 1512 1549 1540 sanctorum
1576 1506 1822 1551 prophetarum
1849 1505 1941 1538 adire
1966 1505 2111 1550 scriptu-

452 1577 521 1601 ras,
543 1565 766 1600 nibilominus
791 1566 914 1599 Christi
940 1564 1045 1598 verba
1072 1563 1268 1609 adpetebat,
1290 1562 1467 1608 aiebatque
1487 1563 1515 1595 ἐ
1541 1575 1556 1593 «
1578 1562 1718 1596 ostende
1743 1562 1826 1595 mihi
1852 1562 1971 1595 faciem
1996 1567 2109 1600 tuam,

452 1621 567 1655 audire
587 1633 641 1655 me
667 1622 719 1655 sac
744 1633 864 1655 vocem
890 1628 1001 1660 tuam;
1022 1622 1101 1666 quia
1126 1633 1191 1654 vox
1220 1626 1274 1654 tua
1300 1620 1428 1658 dulcis,
1450 1626 1483 1653 et
1502 1619 1602 1653 facies
1623 1626 1679 1652 tua
1705 1619 1840 1653 decora.
1866 1633 1880 1649 »
1903 1618 2047 1657 Similia,
2069 1618 2115 1652 ad-

451 1679 653 1712 sententiam
679 1679 773 1723 quod
800 1679 946 1718 adtinet,
969 1679 1049 1712 dicit
1068 1679 1102 1712 in
1128 1677 1275 1712 secunda
1301 1689 1360 1711 sua
1379 1678 1589 1722 expositione
1611 1675 1775 1710 Eusebius
1800 1676 2030 1714 caesariensis,
2051 1676 2113 1709 etsi

374 1750 377 1753 ·
403 1754 412 1766 -.
452 1735 543 1768 haud
570 1737 670 1769 tantis
696 1737 943 1781 scripturarum
970 1736 1170 1769 testimoniis
1195 1741 1303 1768 utens.
1333 1754 1356 1759 —
1382 1734 1598 1779 Cognitiones
1625 1732 1741 1766 scribit
1765 1733 1800 1765 in
1826 1732 1925 1766 nobis
1949 1733 2111 1777 Spiritus,

452 1803 515 1837 pro
541 1793 723 1838 capacitate
750 1805 807 1826 seu
835 1793 1014 1827 latitudine
1040 1793 1154 1826 cordis
1179 1792 1305 1830 nostri,
1327 1791 1443 1837 plures
1468 1791 1522 1825 vel
1547 1792 1716 1828 minorem
1737 1790 1931 1836 perspicuas
1956 1788 2117 1823 omnibus

452 1849 504 1882 vel
533 1848 767 1888 obscuriores,
789 1861 853 1895 pro
879 1850 1034 1895 puritatis
1060 1856 1195 1883 nostrae
1222 1850 1360 1895 praevio
1385 1855 1485 1882 statu.

964 1914 1124 1942 speciosus
1142 1916 1242 1937 forma
1259 1921 1334 1941 prae
1350 1914 1426 1937 filiis
1442 1915 1611 1937 hominum.

547 1966 660 2004 Quum
685 1966 774 1998 Deus
800 1965 833 1998 in
860 1964 1095 2010 superioribus
1120 1965 1295 1998 versiculis
1320 1965 1446 2010 primas
1472 1970 1582 2010 partes
1607 1964 1733 2009 egerit,
1759 1962 1905 1996 vindicat
1931 1961 1995 1996 sibi
2020 1973 2117 1996 reve-

454 2021 615 2054 lationem
642 2021 767 2055 cliorus
793 2022 1059 2067 prophetarum.
1088 2022 1286 2067 plauditque
1312 2021 1570 2066 quodammodo
1596 2021 1700 2066 patris
1725 2018 1962 2057 sermonibus,
1990 2030 2118 2064 suaque

455 2077 703 2123 adprobatione
730 2080 930 2123 mysterium
950 2079 1183 2115 commendat.
1205 2085 1237 2112 et
1257 2079 1362 2112 dix‘ini
1382 2080 1507 2112 amoris
1525 2079 1557 2111 vi
1578 2078 1725 2123 percitus
1750 2077 1932 2111 exclamat:
1954 2076 2118 2122 quoniam

455 2133 515 2167 tibi
543 2135 628 2168 inest
655 2136 848 2169 tormositas
874 2147 954 2181 prae
981 2136 1120 2181 reliquis
1147 2136 1224 2169 filiis
1249 2136 1446 2172 hominum.
1467 2134 1671 2169 confitemur
1696 2134 1854 2167 diffusam
1879 2145 1951 2167 esse
1976 2134 2118 2178 gratiam

454 2192 488 2223 in
515 2190 613 2224 labiis
639 2193 716 2224 tuis.
748 2192 877 2225 ldcirco
904 2192 1077 2226 benedixit
1103 2192 1165 2226 tibi
1191 2194 1279 2226 Deus
1306 2193 1339 2225 in
1365 2199 1553 2226 aeternum.
1582 2193 1688 2225 Porro
1715 2205 1729 2221 «
1752 2190 1926 2224 benedixit
1947 2204 1962 2221 »
1984 2191 2029 2223 ait
2054 2201 2118 2235 pro

457 2262 472 2277 «
496 2247 712 2281 benedictum
733 2249 855 2282 effecit.
882 2264 896 2279 »
919 2249 1111 2283 Laudamus
1129 2251 1220 2283 enim
1238 2250 1462 2288 incessanter,
1484 2250 1541 2294 qui
1567 2248 1792 2285 credidimus:
1813 2246 2009 2281 laudabitur
2033 2257 2121 2291 quo-

454 2316 521 2349 que
547 2306 581 2338 in
608 2312 832 2351 perpetuum,
853 2317 962 2350 quum
987 2307 1028 2339 sit
1053 2308 1142 2340 Deus
1168 2318 1287 2344 verus,
1316 2306 1474 2351 filiusque
1501 2307 1560 2340 Dei
1587 2311 1706 2339 cuncta
1732 2304 1940 2342 excedentis,
1960 2303 2120 2349 idemque

455 2373 513 2394 rex
540 2361 682 2406 gloriae.
712 2362 811 2402 Quod
833 2363 858 2395 si
877 2363 954 2407 quis
973 2362 1062 2396 dicat
1076 2388 1083 2399 .
1104 2363 1220 2396 datum
1247 2374 1317 2396 esse
1343 2362 1416 2396 filio
1436 2375 1452 2396 a
1474 2369 1569 2408 patre
1595 2369 1633 2396 ut
1658 2373 1675 2395 a
1696 2360 1794 2395 nobis
1813 2360 2033 2395 benedicatur
2053 2360 2118 2405 (1),

456 2418 520 2451 hoc
540 2419 643 2452 velim
663 2426 815 2465 reputet:
832 2431 911 2453 nam
932 2421 1047 2457 sicuti,
1071 2426 1252 2465 postquam
1272 2419 1378 2453 factus
1396 2426 1442 2453 est
1465 2420 1587 2457 homo,
1607 2419 1702 2453 dedit
1720 2420 1749 2452 ei
1770 2424 1864 2465 pater
1883 2429 2009 2452 nomen
2027 2417 2122 2462 quod

456 2481 504 2507 est
531 2487 633 2521 super
658 2488 759 2510 omne
786 2488 912 2510 nomen
929 2503 936 2515 ‚
965 2483 1002 2510 ut
1028 2478 1062 2510 in
1087 2477 1225 2510 nomine
1249 2477 1321 2509 eius
1346 2488 1447 2510 omne
1473 2488 1561 2521 genu
1589 2477 1744 2511 flectatur
1770 2476 1963 2510 caelestium
1979 2500 1987 2513 ,
2015 2480 2121 2507 terr&

457 2533 593 2571 strium‚
615 2539 647 2567 et
673 2534 907 2571 infernorum.
930 2540 963 2567 et
988 2534 1100 2568 omnis
1126 2534 1240 2578 lingua
1266 2532 1467 2567 confiteatur
1492 2534 1673 2568 dominum
1699 2545 1770 2567 esse
1796 2534 1906 2566 Iesum
1930 2531 2120 2569 Christum:

457 2588 502 2621 ita
532 2591 632 2622 etiam
664 2590 832 2624 benedicti
865 2591 983 2625 titulus
1009 2602 1027 2625 a
1051 2592 1123 2624 Deo
1153 2590 1252 2624 datus
1276 2590 1325 2623 illi
1356 2590 1499 2627 dicitur.
1527 2592 1606 2636 quia
1633 2590 1676 2624 ab
1705 2589 1865 2624 omnibus
1894 2588 2118 2622 benedicitur.

459 2644 568 2688 Atque
596 2646 627 2679 id
655 2647 780 2681 scilicet
807 2648 1045 2682 exinanitionis
1064 2654 1184 2681 natura
1204 2647 1286 2685 sert;
1309 2659 1386 2680 nam
1411 2659 1498 2692 quae
1517 2649 1608 2682 Deus
1633 2647 1833 2681 naturaliter
1857 2645 1977 2681 habet.
1997 2656 2035 2678 ea
2058 2643 2122 2676 hu-

459 2703 606 2736 manitus
624 2704 777 2749 accipere
796 2705 921 2738 dicitur
941 2707 1000 2750 (2).
1023 2705 1087 2739 Sed
1106 2704 1152 2738 ob
1172 2704 1271 2738 aliam
1290 2716 1428 2749 quoque
1448 2716 1582 2739 causam
1601 2704 1780 2750 oportebat
1800 2703 1927 2740 filium,
1949 2701 2123 2737 hominem

560 2786 578 2813 ’,1
611 2785 724 2811 Videtur
745 2786 810 2812 baec
829 2794 882 2813 una
904 2794 934 2813 ex
953 2786 1152 2813 obiectionibus
1172 2786 1345 2813 Arianoruin.

558 2828 582 2852 ‘2
613 2828 805 2856 Animadverte
826 2829 967 2864 pulchram
988 2830 1082 2865 cyrilli
1101 2830 1277 2864 theologiam.
