2205 3177
144 865 242 884 'lltwr
264 865 273 881 t
300 868 314 884 t·

144 1951 147 1953 ·
167 1947 211 1965 Lus
235 1947 329 1967 3¹1.st

195 2235 244 2254 unt
261 2235 289 2255 Ill
317 2239 321 2255 Ι

370 209 437 242 2).ίῦ
871 214 899 237 S.
928 214 1053 237 CYRILL!
1080 214 1299 236 ALExANnmNt
1325 211 1529 235 ExPLANA'rto

369 284 524 326 scrxiqne
551 281 696 313 sormam
723 279 880 323 suscepit.
910 277 1096 311 Videbatur
1125 288 1207 322 ergo
1238 276 1458 311 formositatis
1484 286 1562 309 suae
1587 275 1654 307 iam
1680 285 1748 307 non
1779 285 1861 319 prae
1886 285 1921 307 se
1948 273 2040 308 ferre

370 340 545 373 decorem.
569 338 645 381 qnia
668 335 924 368 similitudinem
953 341 1103 368 nostram
1130 335 1328 368 adsciverat.
1357 332 1455 374 Quod
1484 338 1596 366 tamen
1616 342 1685 365 non
1711 343 1751 365 ex
1777 331 1943 364 humanae
1963 332 2035 365 eius

369 395 572 429 conditionis
598 393 760 427 modulo,
782 392 930 425 divinam
957 391 1108 425 ciusdem
1134 391 1424 435 excellentemque.
1443 388 1735 435 pulchritudinem
1757 389 1932 422 aestimare
1958 388 2035 433 quis

369 452 507 485 debeat.
529 451 585 483 sed
613 456 779 495 quatenns
806 450 917 494 potius
936 450 1025 482 Dens
1044 454 1112 484 cst.
1135 455 1165 482 et
1194 449 1278 494 patri
1308 448 1457 493 potentia
1477 457 1635 491 compar.
1659 445 1869 479 demonstrat
1895 445 2030 478 dicens:

373 525 386 538 ι
411 521 448 542 cx
470 509 568 541 §iuno
591 508 718 552 spuns
745 506 877 539 decoris
897 507 980 539 eius.
1007 520 1021 536 »
1046 507 1114 539 lam
1134 518 1173 539 ex
1193 506 1310 541 sione.
1333 516 1397 550 pio
1415 516 1455 537 ex
1474 514 1622 548 supeina
1641 503 1742 535 Sione
1761 502 1889 535 dictum
1908 501 2040 535 intelli-

437 575 582 609 :mmpe
604 565 636 596 in
656 576 717 596 xor
721 563 823 596 abnlo
843 563 939 598 Sion
956 562 989 596 id
1009 562 1102 607 quod
1123 562 1270 607 desuper
1288 568 1321 594 et
1340 561 1482 594 ‹acleste
1500 565 1549 594 est
1565 559 1627 604 (l)
1641 560 1717 592 Non
1735 559 1826 592 enim
1845 557 1949 591 homo
1968 563 2037 591 tan-

370 578 550 656 dnmmodo
569 621 720 654 Christus
739 626 828 655 er;.1t
850 620 908 653 sed
927 619 1077 653 caelestis
1096 621 1227 664 potins;
1249 630 1318 652 non
1337 617 1430 663 quod
1451 617 1494 651 de
1512 617 1606 650 caelo
1625 627 1761 649 carnem
1780 615 1845 648 adx
1847 615 1953 649 exerit
1968 614 2035 659 (2);

369 692 398 712 ιιι
403 691 472 712 ιιιι
466 706 483 723 :-
466 679 597 716 ..venitus
624 685 669 711 cst
698 677 740 711 de
767 683 880 711 saluta
907 678 1056 721 xirginez
1078 676 1134 710 sed
1162 677 1240 721 quia
1266 675 1310 709 de
1336 674 1431 709 caelo
1456 680 1525 708 erat
1553 673 1639 707 illud
1665 671 1760 718 quod
1787 673 1878 706 caini
1901 672 2036 705 unitum

367 743 415 770 cst
435 735 604 769 Verbum:
626 735 703 769 idco
723 735 875 768 caelestis
895 734 1000 768 homo
1020 740 1236 779 nuncupatus
1254 740 1303 766 est
1322 732 1493 771 Christus;
1514 736 1765 777 proptereaque
1783 741 1823 764 ex
1841 730 1941 763 Sione
1959 739 2038 775 spe-

367 794 433 827 cies
459 793 591 826 decoris
617 794 699 825 eius.
730 793 813 825 lami
823 803 883 825 ero
909 792 1042 824 decoris
1068 792 1139 824 eius
1157 796 1291 824 sanctos
1311 788 1487 835 apostolos
1511 788 1663 821 conscios
1688 787 1950 833 comperiemus.
1979 785 2037 819 Ait

368 852 458 885 enim
479 850 744 895 sapientissimus
765 849 886 882 Paulus
906 849 934 881 ⁹:
961 862 975 879 «
999 860 1077 881 nam
1104 849 1163 881 ctsi
1191 847 1392 892 agnovimus
1410 846 1445 879 in
1464 857 1569 879 carne
1584 845 1774 883 Christum,
1796 849 1829 878 at
1848 855 1939 877 nunc
1964 854 2039 877 am-

370 909 457 954 plius
477 920 544 941 non
565 908 788 953 agnoscimus.
814 921 829 937 ι)
857 907 989 940 Etenim
1010 911 1085 951 post
1105 905 1390 939 resurrectionem
1411 915 1428 937 a
1448 903 1611 942 mortuis,
1632 909 1665 936 et
1684 903 1718 935 in
1737 901 1848 935 caelos
1867 900 2035 940 reditum,

369 967 434 998 iam
461 977 529 998 non
557 964 599 998 ab
625 965 862 998 exinanitionis
887 963 1049 1000 modulo,
1070 962 1126 996 sed
1154 974 1194 996 ex
1220 962 1322 1007 digna
1347 962 1419 995 Deo
1445 961 1620 995 maiestate
1644 960 1757 1005 ipsum
1782 959 2009 1004 agnoscimus.

693 1029 775 1051 neus
794 1031 896 1051 noster
912 1029 1077 1051 manifeste
1094 1028 1208 1054 venien
1225 1027 1308 1050 Deus
1326 1029 1446 1054 noster,
1461 1028 1491 1049 et
1508 1032 1569 1049 non
1585 1025 1702 1048 silebit.

465 1079 691 1120 Quandonam
709 1079 798 1111 venit
817 1078 1010 1116 manifeste,
1028 1078 1089 1111 nisi
1109 1089 1185 1111 cum
1204 1088 1282 1111 caro
1301 1077 1408 1110 factus
1425 1082 1491 1113 est,
1508 1074 1696 1109 secundum
1710 1073 1871 1108 Iohannis
1887 1073 2034 1111 dictum,

305 1160 333 1172 ...
371 1150 476 1184 quum
503 1136 723 1171 similitudine
749 1143 865 1169 nostra
891 1142 1066 1181 suscepta,
1087 1135 1130 1169 de
1155 1142 1267 1168 sancta
1294 1135 1425 1180 xirgine
1450 1140 1568 1171 natus,
1589 1139 1621 1166 et
1641 1144 1718 1166 cum
1737 1129 1934 1165 hominibus
1954 1141 2039 1164 con-

373 1202 525 1229 versatus
550 1195 624 1227 est?
648 1195 740 1227 Tunc
765 1195 854 1227 enim
881 1192 1024 1226 risibilis
1049 1193 1154 1226 evasit
1172 1193 1229 1237 qui
1250 1198 1379 1226 suamet
1404 1197 1525 1225 natura
1551 1197 1622 1224 erat
1648 1188 1846 1228 invisibilis,
1868 1186 2044 1233 tangibilis

369 1254 426 1299 qui
453 1259 523 1286 erat
551 1253 651 1285 tactui
678 1252 880 1296 imperi-ins,
902 1250 1109 1284 conditionis
1134 1256 1271 1284 nostrae
1296 1260 1438 1295 compos
1462 1249 1520 1294 qui
1547 1260 1620 1282 rem
1645 1258 1784 1281 ornnem
1809 1252 1956 1281 creatam
1979 1256 2042 1279 ex-

370 1309 522 1344 cedebat.
552 1310 641 1354 Ergo
661 1309 836 1342 manifeste
859 1309 964 1341 venit.
987 1308 1132 1341 Veniens
1151 1313 1285 1345 autem,
1309 1307 1353 1340 ait
1374 1306 1566 1352 psalmista,
1587 1316 1656 1339 non
1682 1303 1814 1342 silebit,
1833 1304 1913 1349 quia
1937 1314 2044 1336 mun-

370 1369 451 1401 dum
479 1373 595 1411 arguet
622 1366 664 1399 de
691 1372 847 1411 peccato.
868 1365 922 1398 vel
948 1365 1029 1410 quia
1055 1365 1160 1410 patris
1178 1364 1391 1398 voluntatem
1411 1363 1599 1397 nunciabit.
1624 1364 1772 1397 Vocatur
1797 1362 1889 1396 enim
1912 1371 2043 1394 nomen

372 1427 443 1459 eius
468 1425 581 1469 magni
607 1423 738 1457 consilii
764 1422 917 1467 angelus.

681 1488 770 1515 lanis
786 1490 859 1510 ante
875 1494 945 1510 eum
962 1487 1153 1514 exardescet,
1169 1488 1199 1509 et
1216 1487 1298 1509 cirea
1315 1487 1417 1513 ipsum
1433 1487 1597 1513 tempestas
1612 1484 1728 1508 valida.

464 1539 495 1571 Si
522 1539 554 1571 in
582 1537 696 1583 priore
722 1537 870 1570 adventu
896 1537 983 1581 ignis
1009 1536 1228 1581 intelligitur,
1250 1535 1302 1569 vel
1324 1547 1388 1581 pro
1407 1535 1482 1569 luce
1502 1536 1662 1581 ponitur,
1685 1534 1772 1580 ignis
1791 1534 1908 1579 utique
1926 1533 2041 1567 nomi-

370 1602 468 1629 natur
494 1607 558 1640 pro
584 1594 668 1627 lucis
695 1594 805 1627 fonte:
826 1600 861 1627 ut
881 1594 1111 1627 existimemus
1131 1592 1242 1626 lucem
1262 1591 1527 1627 intellectualem
1553 1592 1686 1637 praeire
1705 1591 1815 1625 solere
1833 1589 1957 1624 Christi
1976 1601 2040 1624 no-

369 1653 476 1687 titiae.
500 1662 560 1697 per
585 1662 687 1696 quam
714 1649 799 1683 fides
825 1651 859 1683 in
885 1651 997 1696 ipsum
1023 1649 1214 1683 conficitur.
1243 1649 1345 1683 Cuius
1364 1650 1412 1682 rei
1432 1655 1535 1694 typus
1553 1654 1625 1682 erat
1650 1648 1708 1682 illa
1729 1659 1816 1693 quae
1835 1646 2040 1680 ludaeorum

370 1721 489 1755 agmen
515 1714 618 1742 noctu
644 1707 870 1753 praecedebat
895 1708 990 1752 ignea
1017 1707 1193 1743 columna.
1219 1707 1309 1740 viam
1333 1706 1587 1740 demonstrans.
1613 1705 1672 1739 Vel
1700 1705 1843 1739 fortasse
1868 1704 1970 1738 etiam
1995 1703 2041 1736 ita

371 1767 518 1811 cogitare
538 1777 728 1809 congruum
747 1771 813 1800 est:
835 1776 957 1810 nempe
976 1764 1070 1810 quod
1089 1764 1272 1809 multiplici
1290 1770 1429 1809 peccato
1449 1764 1665 1809 frigescentes
1684 1773 1745 1808 per
1764 1762 1959 1795 universam
1977 1766 2042 1794 ter-

371 1836 443 1857 ram
463 1824 635 1861 homines,
652 1824 711 1855 Dei
731 1821 883 1856 Verbum
902 1833 980 1855 cum
998 1822 1236 1867 comperisset,
1253 1821 1331 1855 illos
1351 1821 1501 1855 incendit
1520 1821 1563 1855 ad
1583 1820 1803 1866 cupiditatem
1822 1818 2042 1863 studiumque

370 1881 516 1914 cuiusxis
543 1879 623 1913 boni
650 1880 780 1925 operis.
802 1878 1068 1913 intellectualem
1093 1878 1198 1912 veluti
1225 1879 1339 1924 ignem
1359 1879 1544 1912 immittens
1563 1879 1669 1912 sancti
1688 1877 1834 1923 Spiritus
1859 1876 2045 1922 participa-

369 1939 510 1972 tionem.
539 1937 634 1971 [nde
654 1936 763 1969 aiebat
784 1937 812 1969 ἐ
838 1950 853 1967 ι(
878 1937 992 1981 ignem
1017 1937 1094 1969 veni
1121 1937 1255 1969 mittere
1279 1936 1313 1969 in
1339 1942 1485 1973 terram:
1507 1942 1541 1970 et
1565 1935 1648 1981 quid
1668 1934 1768 1972 volo,
1792 1934 1819 1967 si
1837 1934 1903 1967 iam
1924 1943 2042 1966 accen-

371 2007 426 2029 sus
444 2002 491 2029 est
514 1995 582 2039 s3l‘?
602 1994 718 2027 Esset-ti
737 1995 827 2027 enim
848 2006 965 2028 sumus
991 1995 1111 2039 spiritu
1132 1994 1300 2028 ferventes
1325 2000 1497 2040 quotquot
1515 1994 1579 2027 hac
1597 1994 1705 2039 gratia
1725 1992 1842 2026 donati
1861 1991 2046 2036 dignanter

371 2052 515 2090 fuimus;
538 2052 739 2097 (lixiiiaeque
766 2058 906 2085 naturae
926 2051 1003 2085 facti
1023 2058 1197 2085 consortes
1210 2077 1217 2089 ,
1240 2063 1280 2085 ex
1299 2063 1369 2098 quo
1394 2057 1548 2085 sanctum
1566 2051 1729 2097 Spiritum
1748 2049 2043 2096 participarimus.

370 2110 481 2154 Atque
500 2109 582 2142 haec
601 2120 697 2142 causa
717 2114 783 2147 est,
805 2108 1030 2153 quamobrem
1049 2110 1153 2142 sancti
1174 2110 1318 2154 Spiritus
1337 2110 1481 2153 gratiam
1500 2109 1588 2154 ignis
1605 2109 1755 2142 ostensio
1774 2107 1958 2141 comitatur
1977 2105 2038 2151 (4).

370 2167 582 2211 Baptizamur
608 2167 697 2199 enim
724 2166 758 2198 in
784 2166 935 2204 Christo,
960 2166 1148 2199 secundum
1175 2166 1335 2199 Iohannis
1360 2165 1509 2205 dictum,
1533 2166 1567 2198 in
1594 2166 1720 2210 Spiritu
1747 2170 1865 2198 saneto
1890 2168 1923 2196 et
1947 2163 2038 2208 igne.

372 2226 454 2258 Dicit
483 2231 595 2258 autem
619 2224 759 2268 quidam
779 2235 796 2256 e
815 2225 937 2257 sanctis
964 2223 1140 2269 prophetis
1161 2224 1192 2256 ':
1216 2238 1229 2254 «
1252 2224 1364 2257 statim
1387 2224 1499 2257 veniet
1516 2225 1553 2257 in
1571 2223 1738 2269 templum
1757 2233 1858 2256 suum
1876 2221 2044 2255 Dominus

371 2293 473 2326 quem
494 2293 555 2314 vos
573 2281 734 2325 quaeritis
746 2307 753 2317 ,
775 2287 807 2313 et
827 2281 966 2325 angelus
985 2281 1174 2314 testamenti
1195 2292 1298 2326 quem
1317 2292 1379 2314 vos
1397 2280 1512 2314 vultis.
1533 2281 1618 2314 Ecce
1636 2281 1729 2314 venit
1747 2279 1933 2317 Dominus;
1950 2278 2042 2322 quis-

371 2350 446 2371 nam
472 2337 646 2371 sustinebit
667 2338 757 2371 ‹liem
777 2338 937 2370 introitus
962 2338 1058 2370 eius?
1085 2338 1166 2378 Quis
1186 2337 1275 2371 ferre
1295 2338 1419 2383 poterit
1438 2344 1475 2371 ut
1495 2338 1634 2383 aspiciat
1659 2337 1763 2371 eum?
1789 2336 1874 2376 Quia
1893 2335 1964 2380 ipse
1989 2334 2045 2368 in-

369 2396 521 2441 greditur
545 2396 639 2441 quasi
668 2395 753 2439 ignis
772 2394 980 2431 conflatorii,
1002 2400 1036 2427 et
1061 2395 1155 2439 quasi
1183 2393 1288 2428 herba
1316 2394 1500 2428 fullonum.
1530 2393 1666 2428 Sedebit
1687 2393 1839 2427 conflans
1864 2398 1897 2426 et
1922 2402 2043 2425 emun-

369 2452 454 2485 dans
480 2453 565 2486 sicut
590 2457 767 2497 argentum
794 2458 827 2485 et
853 2462 987 2484 aurum.
1014 2465 1028 2481 ι)
1052 2451 1201 2484 Destruit
1226 2452 1316 2484 enim
1342 2451 1532 2496 quamlibet
1557 2452 1591 2484 in
1618 2450 1718 2485 nobis
1744 2450 1914 2484 maculam
1937 2448 2043 2482 sancti

370 2511 511 2554 Spiritus
530 2510 684 2555 operatio
703 2515 735 2543 et
755 2510 803 2542 vis
817 2535 824 2546 ,
846 2509 934 2553 ignis
954 2509 1059 2541 instar
1078 2509 1204 2553 peccati
1225 2508 1344 2542 sordes
1363 2520 1579 2542 consumens.
1602 2508 1729 2542 Eadem
1748 2514 1862 2541 tamen
1881 2506 1966 2540 nihil
1987 2506 2043 2539 Iu-

370 2566 533 2600 daeorum
552 2566 647 2600 duris
665 2565 826 2600 cordibus
844 2565 989 2611 profuit,
1006 2565 1085 2610 quia
1103 2565 1246 2610 gratiam
1266 2576 1334 2598 non
1354 2565 1575 2599 admiserunt.
1596 2565 1676 2599 Ideo
1694 2565 1886 2598 Hieremiae
1903 2573 2047 2608 quoque

469 2692 487 2714 ’1
522 2689 626 2715 videsis
645 2689 776 2724 Cyrillum
796 2689 829 2716 ad
850 2697 888 2724 ps.
912 2690 961 2715 IX.
982 2697 1004 2714 v.
1030 2691 1070 2715 12.
1093 2696 1155 2715 euin
1175 2687 1350 2715 adnotatione
1369 2693 1460 2716 nostra
1482 2697 1507 2724 p.
1529 2689 1576 2715 lat.
1599 2690 1659 2715 109.

470 2736 492 2757 ‘2
524 2734 580 2759 lloe
599 2733 699 2760 dicitur
719 2738 811 2760 contra
834 2734 1028 2769 Eutychianos.

479 2779 501 2805 3,
524 2777 560 2802 lta
582 2785 688 2807 graece,
705 2782 731 2803 et
749 2778 787 2804 sic
807 2777 889 2804 codex
909 2777 1152 2810 cantabrigiensis,
1168 2784 1218 2804 nec
1237 2784 1291 2803 non
1311 2777 1356 2803 SS.
1374 2777 1497 2804 Hilarius
1517 2781 1598 2812 atque
1617 2777 1749 2804 Paulinus
1768 2775 1841 2810 apud
1860 2772 2040 2802 Sabaterium.

472 2822 501 2850 '41
524 2819 626 2845 ideirco
646 2820 796 2855 baptismus
815 2830 829 2847 a
849 2822 960 2848 Graecis
979 2821 1122 2848 dicebatur
1145 2822 1244 2847 sancta
1265 2820 1383 2846 lumina
1404 2822 1470 2848 Erat
1489 2820 1599 2856 insuper
1620 2828 1732 2855 graecae
1751 2819 1879 2846 eeclesiae
1899 2825 1956 2844 mos
1976 2824 2045 2844 con-

372 2871 453 2898 gruus
471 2867 503 2889 ut
521 2863 548 2889 in
569 2863 694 2897 baptismi
714 2865 897 2892 sollemnitate
917 2865 1034 2900 plurima
1055 2864 1267 2892 incenderentur
1288 2864 1404 2891 lumina.
