2205 3177
596 183 629 207 IN
655 183 834 207 EPJSTOLAM
860 184 882 205 1»
912 182 954 204 ΑΙ)
981 181 1172 205 coniuratos
1198 181 1269 204 CAP.
1299 182 1356 204 XV.
1774 171 1817 205 53

140 249 371 295 corruptionis
396 248 477 293 iugo
503 247 662 287 subiecti,
684 249 730 282 sic
756 247 909 281 caelestis
934 257 1090 290 quoque.
1117 246 1152 279 id
1179 252 1228 280 est
1253 246 1394 285 Christi,
1421 252 1591 291 gestemus
1616 246 1816 290 imaginem,

139 307 266 342 carnali
285 306 452 351 voluptati
473 306 702 351 peccandique
721 304 887 339 voluntati
908 303 985 336 facti
1005 304 1217 348 superiores,
1234 304 1342 350 ipsam
1358 303 1520 349 deinceps
1534 304 1708 338 vincentes
1726 315 1818 337 mor-

139 372 208 400 tem
233 376 320 411 quae
339 364 422 398 olim
449 364 611 399 terribilis
637 371 709 398 erat
734 370 767 397 et
793 364 848 396 vix
874 360 1095 407 superabilis,
1118 362 1319 408 crudelique
1345 374 1408 397 nos
1434 362 1616 408 tyrannide
1643 374 1815 408 premens.

476 431 561 457 (huia
576 436 648 453 caro
664 431 695 452 et
711 428 841 457 sanguis
857 433 990 456 regnum
1006 426 1065 448 Dei
1083 426 1238 453 possiden-e
1255 433 1316 449 nou
1334 428 1471 453 possunt..

232 479 292 512 His
317 491 455 525 quoque
482 479 596 514 verbis
622 477 882 513 resurrectionis
906 477 1107 521 mysterium
1134 476 1292 509 adstruit.
1322 477 1493 516 Quamdiu
1514 477 1605 510 enim
1627 478 1817 511 humanum

134 547 261 582 corpus
287 548 366 570 (aro
386 544 435 571 cst
455 544 489 571 et
507 538 661 582 sanguis,
684 536 718 569 id
745 541 795 568 est
821 534 967 568 mortale
986 540 1018 567 et
1037 532 1282 579 corruptibile,
1304 534 1363 566 Dei
1387 545 1532 579 regnum
1551 534 1585 567 id
1605 541 1653 568 est
1674 536 1816 568 immor-

136 592 301 627 talitatem
329 595 489 640 consequi
516 594 645 639 nequit.
674 594 817 626 Prorsus
836 603 919 637 ergo
938 602 1073 625 necesse
1099 597 1149 624 est
1175 591 1433 635 corruptionem
1453 590 1648 629 absorberi,
1670 598 1701 625 et
1721 592 1817 636 quic—

134 650 219 694 quid
239 657 288 684 est
308 652 475 685 caducum
494 651 587 689 tolli;
609 651 769 694 idemque
788 651 822 683 in
842 648 1204 694 incorruptibilitatem
1230 649 1334 685 verti,
1356 654 1389 681 et
1408 648 1524 682 diiina
1548 648 1696 693 quadam
1716 655 1816 693 atque

135 707 300 742 ineffabili
327 709 437 754 gloria
463 709 639 742 illustrari.
668 709 762 741 Tunc
787 707 928 740 demum
955 717 1100 751 regnum
1126 707 1185 739 Dei
1214 704 1414 751 possidebit.

433 783 508 806 Ecce
524 783 705 808 mysterium
722 782 806 804 vobis
822 782 902 804 dico:
920 787 1023 804 omnes
1040 781 1165 807 quidem
1183 786 1243 802 nou
1261 780 1448 803 dormiemus
1465 779 1513 808 (t),

755 826 805 848 sod
823 832 927 848 omnes
944 826 1193 848 immutabimur.

228 883 388 926 Magnum
408 887 441 915 et
460 880 604 914 caeleste
630 892 748 914 revera
767 881 986 925 mysterium,
1008 880 1107 925 eique
1126 880 1198 913 siue
1216 878 1324 912 dubio
1350 878 1540 912 revelatum
1561 879 1747 924 aliquando
1773 878 1816 913 ab

133 941 208 985 ipso
235 939 269 972 in
294 950 335 973 eo
361 939 524 984 loquente
551 939 703 977 Christo,
726 940 760 971 in
786 950 856 984 quo
881 944 962 971 sunt
987 949 1107 971 omncs
1134 937 1282 971 thesauri
1302 936 1485 982 sapientiae
1512 943 1545 970 et
1570 937 1729 970 scientiae
1756 936 1817 970 ab-

133 996 289 1030 sconditi.
320 997 395 1042 lpse
414 997 506 1030 enim
525 997 626 1030 etiam
645 1002 862 1042 speratorum
889 994 1093 1029 distributor
1112 1001 1162 1028 est
1180 993 1372 1028 bonorum:
1394 994 1465 1040 ipse
1489 1000 1680 1027 creaturam
1708 1000 1817 1027 trans-

133 1053 313 1090 formabit,
335 1060 366 1088 et
387 1055 499 1087 omnia
520 1053 715 1092 innovabit,
735 1060 837 1098 atque
857 1064 873 1086 a
894 1054 1056 1087 servitute
1075 1053 1109 1085 in
1129 1051 1321 1085 libertatem
1341 1051 1471 1097 gloriae,
1490 1050 1642 1085 filiorum
1661 1052 1721 1085 Dei
1742 1052 1817 1085 vin-

130 1109 271 1144 dicabit.
295 1112 387 1151 Quae
407 1123 484 1145 cum
505 1112 549 1145 ita
570 1112 634 1145 sint
648 1138 655 1149 ,
678 1123 792 1145 nonne
811 1111 964 1156 oportuit
992 1110 1134 1153 omnino
1161 1121 1239 1143 cum
1265 1109 1397 1154 reliqua
1423 1115 1577 1143 creatura
1597 1110 1754 1142 innovari
1775 1109 1816 1142 il-

132 1166 202 1199 lum
231 1168 350 1206 etiarn,
373 1169 468 1202 cuius
496 1170 528 1201 in
555 1170 699 1213 gratiam
726 1168 862 1201 condita
886 1174 935 1201 cst
962 1174 1133 1205 creatura,
1156 1167 1191 1200 id
1217 1173 1265 1200 est
1292 1167 1491 1200 hominem?
1515 1167 1677 1212 Oportnit
1702 1167 1813 1212 ipsum

130 1236 269 1270 quoque
298 1237 425 1259 noxum
453 1238 637 1272 apparere,
661 1237 729 1259 non
757 1226 863 1271 priori
890 1225 1104 1270 corruptioni
1131 1224 1325 1264 subditum,
1348 1237 1418 1258 non
1445 1223 1637 1258 carnalibus
1656 1224 1816 1269 volupta-

133 1281 223 1315 tibus
250 1282 291 1316 ad
319 1289 456 1329 peccata
482 1284 651 1317 violenter
672 1283 848 1321 adactum,
871 1282 929 1316 sed
950 1282 1188 1316 resuscitatum
1215 1282 1329 1327 potius
1356 1282 1397 1315 ad
1425 1282 1716 1316 immortalitatem
1737 1293 1816 1327 per-

131 1340 323 1386 fectamque
350 1341 582 1375 valetudiuem
609 1348 710 1385 atque
736 1341 926 1379 honorem,
955 1347 989 1374 et
1015 1340 1130 1374 divina
1156 1340 1304 1385 quadarn
1334 1340 1443 1385 gloria
1469 1340 1730 1374 circumdatum.
1760 1340 1817 1373 Ait

130 1398 223 1431 enim
250 1397 373 1431 alicubi
394 1399 495 1431 etiam
522 1399 621 1432 divus
642 1399 742 1431 lsaias
762 1398 793 1430 ἐ
819 1411 834 1428 «
858 1403 889 1431 et
910 1397 1074 1443 procedet
1094 1405 1171 1432 aute
1192 1404 1222 1431 te
1242 1399 1366 1431 iustitia
1392 1404 1468 1436 tua,
1491 1404 1521 1431 et
1549 1398 1658 1443 gloria
1677 1398 1736 1431 Dei
1756 1409 1814 1431 or-

129 1454 224 1488 nabit
251 1461 295 1487 te.
321 1468 336 1485 ›>
360 1456 469 1488 lmmo
496 1462 527 1488 et
555 1455 627 1500 ipse
652 1455 813 1488 dominus
836 1460 953 1488 noster
973 1455 1064 1488 lesus
1083 1454 1233 1488 Christus
1252 1456 1429 1489 manifeste
1449 1455 1661 1493 adfirmavit,
1683 1455 1756 1488 sore
1776 1461 1813 1488 ut

128 1511 162 1544 in
180 1511 280 1545 huius
299 1512 423 1546 saeculi
448 1513 744 1546 consummatione
764 1512 967 1546 reviviscant
986 1512 1114 1545 mortui
1136 1512 1164 1545 'z
1187 1517 1218 1545 et
1246 1512 1474 1557 intelligentes
1492 1512 1633 1558 quidem
1653 1512 1814 1558 splende—

127 1567 231 1607 bunt,
249 1569 355 1603 veluti
375 1575 425 1603 cst
445 1569 652 1603 firmamenti
673 1569 858 1615 splendor;
876 1575 1114 1603 verumtamen
1133 1568 1225 1602 haud
1243 1568 1404 1603 omnibus
1420 1569 1655 1603 indifferenter
1674 1570 1814 1603 huiusce

128 1626 269 1660 honoris
295 1634 326 1661 et
353 1628 483 1672 gloriae
508 1628 616 1673 gratia
644 1629 839 1674 contingetz
861 1627 921 1662 sed
949 1627 1016 1661 illis
1042 1628 1158 1673 potius
1183 1628 1400 1673 singillatim,
1423 1629 1482 1674 qui
1509 1640 1591 1674 prae
1617 1628 1690 1661 aliis
1716 1627 1813 1661 electi

127 1686 285 1723 fuerunt,
307 1688 365 1731 qui
385 1688 486 1720 etiam
507 1686 702 1721 conformes
722 1687 847 1720 fuerint
869 1687 1007 1732 imagini
1037 1686 1097 1719 filii
1125 1687 1209 1720 eius.
1236 1688 1332 1721 Certe
1354 1688 1495 1733 quidem
1514 1688 1717 1721 reviviscent
1735 1698 1811 1720 om-

128 1744 223 1777 nium
243 1755 389 1789 corpora
409 1744 675 1778 immortalitatis
693 1744 862 1778 beneficio
882 1744 1037 1790 praedita
1058 1744 1102 1789 (2)
1116 1770 1123 1783 ,
1146 1756 1214 1778 non
1234 1750 1349 1778 tamen
1368 1756 1488 1778 omnes
1512 1744 1809 1783 immutabuntur;

127 1800 186 1833 sed
212 1801 293 1834 mali
319 1801 459 1846 quidem
487 1803 520 1835 in
548 1803 754 1847 ignominiae
780 1803 892 1847 specie
918 1801 1190 1847 permanebunt,
1218 1808 1356 1836 eatenus
1383 1809 1514 1836 tantum
1541 1809 1577 1835 ut
1604 1803 1808 1848 puniantur,

127 1858 191 1891 soli
211 1870 293 1892 vero
313 1860 390 1893 iusti
419 1859 694 1893 immutabuntur
713 1859 754 1893 ad
776 1859 1109 1905 incorruptibilitatis
1135 1859 1349 1900 felicitatem,
1375 1860 1510 1893 divinae
1536 1860 1666 1905 gloriae
1692 1859 1811 1893 habitu

127 1916 314 1960 perornati.
347 1918 421 1962 lpse
449 1918 562 1962 itaque
589 1918 729 1963 propria
756 1918 880 1951 virtute
908 1929 945 1951 ac
970 1919 1003 1951 vi
1028 1918 1100 1951 Dco
1121 1917 1223 1962 digna
1246 1917 1440 1951 immutabit
1466 1929 1591 1964 corpus
1611 1916 1811 1951 humilitatis

126 1980 280 2011 nostrae,
304 1974 346 2007 ita
374 1980 410 2008 ut
438 1974 495 2008 liat
515 1975 694 2008 conforme
714 1975 851 2021 corpori
872 1974 1001 2019 gloriae
1021 1976 1104 2008 eius.
1133 1976 1316 2015 Quodnam
1338 1987 1422 2010 vero
1442 1982 1492 2009 est
1511 1975 1712 2009 humilitatis
1732 1986 1812 2008 nos—

126 2038 197 2065 trae
223 2033 372 2077 corpus?
393 2039 569 2066 terrenum
596 2033 663 2066 hoc
682 2033 861 2072 xidelicet,
883 2040 914 2066 et
934 2034 1036 2067 morti
1064 2033 1218 2067 deditum
1243 2041 1385 2079 propter
1412 2034 1506 2067 illam
1533 2040 1684 2067 veterem
1705 2033 1811 2066 male-

124 2089 327 2128 dictionem,
349 2102 453 2135 quam
481 2090 633 2124 Christus
659 2091 831 2130 dissolvit,
861 2092 967 2125 factus
994 2104 1058 2137 pro
1086 2091 1184 2125 uobis
1211 2091 1431 2126 maledictio.'
1448 2093 1521 2126 Fiet
1544 2099 1658 2125 autem
1684 2092 1810 2124 immu-

127 2148 228 2186 tatio,
251 2159 321 2181 non
348 2149 383 2181 in
410 2149 511 2182 aliam
538 2161 601 2182 nos
628 2155 787 2182 naturam
816 2148 1055 2183 transferendo
1081 2149 1147 2194 (3),
1173 2150 1300 2183 erimus
1326 2151 1417 2183 enim
1443 2151 1501 2195 qui
1529 2162 1664 2188 sumus,
1688 2160 1809 2194 nempe

223 2277 258 2305 (1)
278 2276 318 2301 De
338 2276 388 2302 hac
407 2277 506 2303 celebri
526 2278 657 2311 lectione,
674 2286 743 2313 quae
759 2278 786 2305 in
807 2277 947 2305 codicibus
967 2278 1099 2313 librisque.
1114 2278 1218 2312 graecis
1233 2286 1299 2305 sane
1314 2287 1369 2305 non
1385 2283 1425 2305 est
1439 2279 1612 2314 infrequens,
1627 2283 1652 2305 ct
1671 2279 1697 2305 iu
1714 2282 1807 2305 nostro

126 2316 206 2343 etiam
231 2318 361 2345 scribitur
381 2320 532 2348 nicetianae
555 2326 666 2349 catenae
689 2323 797 2355 codice,
817 2331 868 2350 nee
892 2331 946 2349 non
968 2323 996 2350 in
1019 2323 1066 2349 illo
1090 2324 1152 2349 πάνυ
1174 2323 1359 2350 vetust1ssimo
1383 2324 1522 2355 vaticano,
1545 2325 1670 2357 les-*antur
1689 2332 1718 2350 ea
1740 2331 1808 2358 quae

125 2361 242 2394 plurima
265 2369 461 2395 conf-'esserunt
480 2366 584 2393 Millius
605 2372 686 2402 atque
704 2368 845 2395 Scholzius
865 2368 893 2395 in
914 2368 1092 2396 varietatibus
1114 2369 1232 2403 graecis,
1254 2373 1279 2395 et
1300 2369 1455 2396 Sabaterius
1476 2369 1502 2395 in
1527 2369 1631 2401 latinis.
1653 2372 1679 2394 et
1698 2368 1806 2395 collatio

125 2406 171 2431 tlat
190 2415 252 2433 cum
275 2408 294 2433 1.
310 2408 431 2436 Thessal.
449 2411 492 2436 lv.
508 2415 550 2438 15.
573 2413 661 2439 instar
678 2413 803 2440 omnium
823 2414 859 2440 sit
876 2413 1061 2448 Hieronymus
1080 2422 1122 2448 ep.
1140 2417 1199 2440 119.
1214 2413 1247 2440 ad
1265 2407 1379 2440 Minfet
1393 2414 1467 2440 Alex.
1491 2417 1592 2440 Omnes
1609 2413 1719 2447 quidem
1740 2413 1806 2439 (lor-

126 2451 258 2484 miemus,
274 2460 329 2478 aaa
341 2455 433 2480 (talem
448 2464 541 2482 omues
562 2458 784 2485 immutabimur:
806 2460 851 2484 An
866 2459 948 2484 iuoela
964 2458 1107 2492 quaedam
1125 2458 1319 2493 exemplaria:
1332 2467 1387 2484 nun
1404 2466 1497 2484 omnes
1514 2458 1699 2490 dormiemus,
1714 2466 1807 2484 omues

123 2497 218 2521 antem
243 2498 474 2525 im)m1tal)imur:
498 2502 645 2535 atrumque
668 2504 741 2528 euim
763 2503 789 2529 in
815 2504 926 2537 qraecl's
952 2503 1093 2529 codicibus
1120 2504 1271 2529 iuvenum:
1297 2502 1382 2528 Addit
1403 2502 1441 2529 ibi
1464 2502 1648 2536 Hieronymus
1670 2501 1806 2528 Theodori

125 2540 293 2569 heracleotae
316 2546 342 2569 et
361 2543 525 2578 Apollinarii
542 2545 697 2579 opiniones,
718 2546 764 2581 qui
780 2547 823 2578 ‚vel
846 2546 879 2573 de.
904 2547 1016 2573 Enoeho
1035 2551 1061 2573 et
1081 2547 1140 2573 Elia
1166 2547 1226 2573 heie
1245 2546 1422 2581 cogitandum
1447 2545 1587 2578 iudicant,
1608 2546 1647 2571 vel
1668 2546 1749 2572 etiam
1772 2545 1805 2572 de

121 2587 183 2614 aliis
202 2588 320 2621 sanctis,
340 2589 388 2623 qui
408 2589 552 2623 ingruente
572 2590 717 2617 universali
739 2591 855 2624 iudicio,
876 2590 904 2618 in
926 2591 1086 2627 corporibus
1106 2591 1261 2626 reperiendi
1282 2591 1351 2624 sint,
1373 2596 1399 2617 et
1419 2599 1480 2617 eum
1502 2591 1563 2617 aliis
1584 2591 1630 2625 qui
1654 2599 1805 2618 resurrexe-

123 2632 192 2663 rint,
214 2632 339 2667 rapiendi
359 2633 388 2659 in
408 2632 529 2659 nubibus
548 2633 655 2660 obviam
674 2634 792 2662 Christo.

220 2679 256 2709 (2)
277 2678 335 2703 lloe
354 2686 463 2712 quoque
483 2681 576 2704 contra
594 2678 754 2712 Origenem,
770 2678 803 2706 de
817 2687 872 2715 quo
887 2680 961 2715 apud
980 2681 1180 2716 Hieronymum
1200 2679 1278 2715 epist.
1293 2683 1341 2711 96,
1361 2680 1401 2707 vel
1419 2680 1509 2714 potius
1529 2679 1602 2714 apud
1622 2680 1804 2715 Theophilum

120 2723 201 2757 epist.
217 2721 309 2758 pasch.
327 2723 347 2748 l.
365 2722 431 2749 haee
452 2722 595 2749 dicuntur:
617 2724 692 2749 mter
708 2725 803 2750 cetera
822 2724 986 2759 (Origenes)
1006 2726 1094 2751 ellam
1116 2725 1350 2750 resurrectionem
1370 2733 1387 2749 a
1408 2725 1527 2750 mortuis
1545 2726 1586 2750 im
1601 2727 1759 2760 corrumpis
1779 2728 1805 2751 et

123 2766 225 2800 violat,
247 2769 277 2793 αῖ
293 2766 401 2794 audeat
415 2767 526 2800 (lic-erp,
546 2775 668 2801 corpora
686 2769 785 2794 nostra
804 2770 971 2795 suscc‘latam
987 2769 1098 2803 quidemn
1115 2770 1169 2801 iri,
1184 2768 1235 2795 secl
1252 2769 1292 2795 sic
1309 2770 1340 2794 ut
1356 2768 1537 2803 corruptelae
1555 2777 1652 2796 rursus
1667 2777 1701 2796 ac
1719 2771 1806 2797 morti

120 2811 297 2838 subiaceant.

218 2858 253 2887 (3)
274 2856 305 2882 In
324 2856 462 2882 contrario
481 2863 571 2882 errore
590 2859 726 2883 versatum
747 2855 893 2890 Origenem
913 2861 1025 2892 apparet
1047 2866 1076 2885 ex
1095 2857 1155 2885 eius
1173 2857 1242 2892 Opp.
1265 2858 1295 2884 T.
1318 2858 1339 2884 1.
1361 2866 1387 2893 p.
1408 2861 1468 2886 268.
1491 2859 1518 2885 in
1539 2858 1602 2886 adn.

1853 431 1907 450 (Ἂν.
1924 429 1971 451 XV.
1988 436 2012 451 fa·

1855 1007 1893 1028 Gr.
1907 1013 1929 1033 p.
1946 1010 1976 1029 ht.

1855 1417 1861 1425 ’
1878 1415 1904 1435 15.
1922 1414 1999 1435 LVlll.
2016 1418 2034 1434 ἃ,

1856 1516 1861 1522 “
1872 1512 1960 1559 'matun
1976 1512 2035 1534 xnl.

1853 1543 1869 1560 'il
1881 1556 1884 1559 .
