2205 3177
205 806 208 809 ⁴
230 803 299 822 isviv.
317 802 342 820 Υ.
359 808 377 821 “.’.

236 933 343 953 t.x1.Xl.
362 936 378 953 l.

240 1450 276 1469 ω,
294 1455 316 1474 μ,
334 1436 378 1470 ι”ιῖ

236 2656 289 2675 mr.
306 2654 353 2675 Ml.
369 2659 387 2673 ,κ

249 2743 286 2762 m.
303 2749 326 2769 p.
344 2745 388 2762 122.

415 198 457 229 80
922 204 950 225 s.
977 204 1102 225 crium
1130 203 1350 226 stt-:xarxnnmt
1377 204 1583 226 Exi-Lissum

982 271 1026 297 Qui
1041 270 1138 298 Spiritui
1153 271 1240 297 gratiae
1255 270 1419 292 contumeliam
1435 271 1522 292 iecerit.

494 315 568 340 Sit-ut
589 314 661 339 enim
683 312 798 338 militem
819 311 865 345 qui
885 315 995 337 scutum
1015 310 1142 337 abiecerit
1162 315 1186 337 et
1208 310 1309 346 proelio
1329 309 1486 345 diffugerit,
1502 310 1576 338 haud
1592 310 1721 338 secundis
1738 319 1835 338 ornare
1854 316 1959 346 oportet
1978 312 2090 339 lionoris

415 358 580 390 insignibus.
597 356 643 383 sed
666 356 752 388 magis
771 355 882 385 ulcisci,
898 359 923 381 ct
944 356 1066 388 intrariae.
1086 363 1186 390 poenas
1206 355 1284 385 dare:
1301 355 1336 382 ita
1353 355 1453 389 pariter
1467 362 1513 382 eos
1528 355 1573 390 qui
1594 359 1650 382 tam
1669 359 1791 382 sanctam
1812 356 2010 391 pretiosamque
2024 365 2087 391 gra-

414 403 476 429 tiam
498 401 680 429 innominiosc
701 399 887 426 tractaverint.
905 407 958 425 non
981 398 1060 425 modo
1079 399 1199 426 secundo
1214 400 1317 434 Spiritu
1333 407 1389 426 non
1405 406 1462 425 esse
1478 398 1636 431 donandos,
1653 403 1712 433 post
1727 399 1824 434 prioris
1838 399 1940 433 gratiae
1959 399 2089 427 abiectio-

413 453 489 472 nem.
505 444 552 471 sed
572 444 671 470 ultioni
691 444 804 477 insuper
822 442 1018 469 subiiciendos.
1039 444 1099 470 Non
1119 444 1191 470 enim
1212 443 1325 470 istorum
1342 442 1490 470 infidelitas
1504 443 1553 469 Dei
1570 442 1650 469 fidem
1667 442 1803 475 destruet,
1820 451 1869 470 nec
1882 443 1946 478 quia
1962 443 2091 469 nonnulli

412 493 612 522 contemptores
632 481 703 514 retro
723 491 877 520 cesserunt,
896 486 996 514 idcirco
1015 487 1122 514 divinae
1137 488 1240 521 gratiae
1259 487 1473 514 inconstantiam
1490 487 1695 514 accusabimus:
1714 487 1807 522 poenis
1822 488 1912 522 potius
1930 487 2095 514 universalis-

413 532 491 559 iudex
511 541 556 559 eos
576 531 685 558 addicet
704 532 749 566 qui
770 532 797 557 in
819 535 923 557 tantam
944 531 1111 566 impietatem
1132 539 1209 558 ruere
1228 539 1285 558 non
1304 535 1483 563 recusarunt,
1503 535 1533 558 ut
1552 530 1640 557 filium
1660 531 1710 557 Dei
1732 531 1940 564 conculcarent,
1959 530 2091 565 Spiritum

413 577 514 604 :latiae
534 576 760 605 dehonestarent,
782 575 809 602 in
829 583 883 609 quo
902 575 1063 602 sanctificati
1084 575 1192 602 fuerant
1211 579 1237 601 et
1256 574 1363 603 divinae
1383 580 1497 602 naturae
1516 575 1578 602 facti
1599 575 1752 609 participes.

1001 624 1065 650 Quat·
1080 628 1186 649 trutanam
1203 622 1271 644 habet
1288 624 1505 644 remunerationem.

495 667 577 691 Docet
591 665 672 691 ctiam
686 672 738 699 qua
753 664 857 691 ratione
870 664 999 698 consequi
1014 663 1131 697 praemia
1147 663 1297 697 possimus,
1313 663 1444 697 patientia
1457 663 1596 695 videlicet,
1609 663 1677 689 etin
1692 663 1796 697 optimo
1808 661 1932 697 quolibet
1944 670 2024 697 opere
2037 661 2094 689 effi-

413 709 509 735 ciendo
524 709 678 736 constantia
688 718 694 741 ς
706 708 842 743 cupiendo
856 716 976 742 semper,
989 712 1015 734 et
1028 707 1133 734 nullam
1147 706 1299 733 satietatem
1313 707 1439 734 habendo
1451 707 1539 734 bonae
1553 707 1589 734 rei
1604 707 1736 739 cuiusvis,
1749 706 1914 741 praeclaram
1927 705 2094 733 cumulando

413 752 492 779 nobis
511 761 541 779 ex
562 757 633 779 recte
653 752 759 780 aaendo
779 751 1022 782 existimationem3
1039 750 1157 785 denique
1176 758 1286 777 omnem
1302 750 1378 777 illam
1398 751 1582 786 expromendo
1601 751 1787 784 alacritatem,
1801 758 1883 786 quam
1903 750 1922 776 ii
1942 749 2031 776 solent
2046 748 2094 783 qui

413 796 544 823 ditescere
563 796 689 828 student,
706 796 739 823 dc.
753 796 853 830 quihus
868 796 1001 829 scriptmn
1021 799 1061 821 est
1078 796 1104 819 ’z
1122 794 1170 829 qui
1184 793 1275 827 diligit
1290 798 1448 828 argentum,
1465 803 1521 821 non
1534 794 1695 830 implebitur
1709 799 1830 829 argento.
1852 793 1932 828 Quod
1945 793 1968 820 si
1983 793 2094 820 illorum

413 840 565 875 adpetitum
577 849 636 869 -non
650 840 746 867 sedant
763 845 868 867 terrena
882 844 1057 874 temporanea
1073 843 1099 865 et
1116 839 1186 865 fiuxa
1202 838 1288 868 bona,
1303 838 1369 873 quid
1383 838 1411 865 ni
1424 847 1492 873 opus
1507 843 1547 866 est
1562 839 1722 866 ferventiore
1735 847 1786 866 nos
1801 838 1949 873 cupiditate
1963 838 2093 873 flagrare,

413 890 444 912 ut
463 894 532 920 quae
551 889 615 912 sunt
636 885 685 911 Dei
707 885 861 916 lucremur,
881 891 1006 918 quaeque
1026 882 1141 909 infinitis
1161 882 1279 909 saeculis
1299 887 1486 916 perseverant,
1507 888 1533 910 et
1551 883 1740 910 incessabilem
1761 884 1904 910 continent
1921 882 2094 909 felicitatem?

737 933 774 953 Est
788 934 865 953 autem
881 931 937 952 fides
952 932 1096 958 speratarum
1111 930 1240 951 substantia
1255 936 1348 954 rerum.
1363 931 1527 956 argumentum
1542 936 1586 952 non
1602 932 1770 958 apparentium.

494 973 573 1008 Quod
588 973 641 1000 fide
655 976 794 1006 receptum
815 976 870 1003 est,
887 971 914 998 id
930 975 1003 997 extra
1019 970 1240 1005 disquisitionem
1255 978 1313 997 esse
1327 969 1423 1002 debet,
1439 977 1528 1004 neque
1547 970 1644 997 audaci
1660 971 1812 998 subiectum
1828 971 1945 997 examini
1959 973 2005 1002 (1).
2024 970 2095 996 Nam

413 1018 486 1053 quod
506 1022 546 1045 est
566 1022 789 1049 contr-orersmn,
811 1016 877 1042 fides
897 1024 952 1042 non
972 1019 1021 1042 est.
1044 1016 1097 1041 Res
1116 1015 1189 1041 enim
1210 1014 1243 1041 de
1263 1022 1316 1049 qua
1336 1013 1515 1049 disquiritur,
1536 1015 1673 1049 quomodo
1692 1015 1746 1042 iam
1766 1015 1867 1042 credita
1890 1015 1989 1041 suerit?
2007 1013 2096 1041 Nimi-

413 1071 474 1089 rum
495 1062 575 1089 sicuti
596 1069 637 1088 res
658 1065 763 1095 sperata
783 1068 845 1087 cum
866 1060 1003 1090 cernitur,
1025 1059 1079 1085 iam
1098 1058 1131 1085 de
1151 1066 1181 1085 ea
1202 1066 1256 1085 non
1280 1058 1442 1093 quaeritur,
1462 1058 1500 1084 ita
1520 1057 1588 1084 fides
1606 1057 1700 1085 eadem
1720 1066 1773 1093 qua
1791 1067 1852 1093 spes
1871 1058 2026 1086 conditione
2044 1061 2094 1085 est.

415 1106 539 1133 Profecto
559 1105 586 1132 id
606 1104 678 1140 quod
700 1104 761 1131 fidei
782 1104 884 1130 bonore
905 1103 1067 1138 dignamur,
1087 1103 1163 1129 omni
1184 1106 1257 1129 caret
1275 1102 1408 1129 examinis
1427 1103 1597 1129 necessitate.

703 1152 757 1173 Fidi·
772 1152 924 1178 intelligimus
939 1153 1017 1178 aptata
1033 1157 1080 1171 esst·
1096 1151 1185 1171 saccula
1202 1150 1273 1171 verbo
1289 1150 1342 1175 Dei,
1359 1152 1384 1171 ut
1399 1155 1426 1171 ex
1441 1149 1594 1171 invisibilibus
1608 1150 1706 1171 risibilia
1719 1149 1808 1171 fierent.

494 1193 605 1221 Grande
620 1194 806 1228 eximiumque
820 1193 924 1219 bonum
943 1192 1010 1219 fides
1025 1196 1079 1223 est3
1094 1192 1271 1225 consequitur
1290 1191 1363 1217 enim
1382 1194 1558 1225 peccatorum
1572 1190 1778 1222 dimissionem,
1793 1190 1915 1217 maculae
1929 1190 2019 1216 onmis
2032 1197 2097 1223 pur-

415 1240 567 1271 gationem,
589 1240 645 1264 Deo
665 1246 714 1264 nos
733 1237 894 1272 desponsat,
914 1237 953 1263 via
975 1240 1016 1263 est
1035 1236 1069 1262 ad
1088 1235 1334 1262 sanctificationem
1355 1239 1381 1262 et
1400 1234 1591 1269 adoptionem,
1607 1239 1634 1261 et
1651 1234 1765 1261 omnino
1785 1235 1904 1261 cuiusvis
1922 1233 1987 1260 boni
2007 1233 2099 1260 conci-

415 1282 514 1308 liatrix.
535 1283 579 1308 Sic
595 1282 688 1317 inclyti
709 1286 852 1309 eraserunt
867 1285 957 1316 patres
971 1280 1074 1313 nostri,
1088 1280 1126 1306 sic
1146 1280 1248 1306 claram
1269 1278 1459 1314 celebremque
1473 1279 1589 1313 gloriam
1606 1278 1697 1314 adepti
1714 1282 1788 1306 sunt.
1809 1278 1890 1305 Multi
1906 1278 1988 1305 etiam
2004 1284 2098 1304 necem

414 1326 498 1352 furter
517 1326 703 1361 pertulerunt,
718 1330 743 1352 et
759 1324 1013 1352 inmarcescibilem
1035 1324 1137 1358 gloriae
1156 1324 1263 1351 cinxere
1283 1323 1336 1351 sibi
1356 1331 1496 1350 coronam.
1516 1324 1571 1350 Cur
1586 1327 1677 1349 autem
1698 1323 1764 1350 haec
1783 1322 1857 1354 dict),
1873 1321 2025 1357 praeteritis
2044 1321 2099 1356 pri-

414 1371 484 1397 scis?
504 1370 636 1397 Adveniat
656 1371 778 1397 clamans
798 1369 967 1397 admirabilis
987 1369 1098 1396 Paulus.

530 1419 584 1439 Fide
598 1419 646 1439 Nos·
662 1425 772 1445 responso
787 1420 882 1445 accepto
897 1418 925 1439 de
939 1417 967 1439 iis
982 1424 1040 1444 qnae
1056 1417 1158 1438 nondum
1175 1416 1326 1442 ridebantur,
1341 1417 1426 1438 timens
1439 1422 1516 1437 arcam
1530 1416 1653 1437 fabricavit
1667 1416 1697 1437 ob
1712 1415 1794 1437 domus
1808 1420 1862 1436 suae
1876 1414 1981 1436 salutem.

494 1459 632 1493 Quoniam
652 1459 777 1485 universa
798 1462 869 1485 terra
889 1459 958 1485 viam
978 1465 1056 1484 suam
1077 1460 1254 1491 corruperat,
1274 1457 1355 1484 sicuti
1375 1457 1509 1491 scriptum
1529 1460 1586 1489 est,
1606 1460 1631 1483 et
1651 1464 1697 1482 cor
1717 1456 1837 1482 hominis
1860 1454 1895 1482 ad
1916 1463 1996 1489 prava
2019 1462 2100 1489 opera

415 1505 467 1531 iam
488 1503 551 1530 inde
571 1512 586 1529 a
607 1503 723 1537 pueritia
742 1502 896 1537 spectabat,
912 1501 1044 1528 diluvium
1066 1502 1148 1527 totins
1168 1501 1242 1527 orbis
1262 1501 1360 1528 incolis
1380 1502 1455 1527 Deus
1475 1499 1604 1533 adduxit,
1619 1504 1650 1527 ut
1669 1500 1778 1527 hortum
1799 1498 2002 1534 quodammodo
2021 1498 2101 1525 silve-

414 1553 533 1575 scentem
553 1547 763 1582 desolatumque
782 1547 962 1579 instauraret,
976 1545 1063 1572 nobili
1082 1546 1111 1572 in
1131 1554 1161 1572 eo
1181 1549 1285 1571 servata
1305 1543 1418 1577 arbore,
1434 1543 1653 1578 praeclarissimo
1669 1543 1740 1577 Noe,
1754 1547 1784 1570 ut
1800 1551 1847 1577 per
1862 1543 1936 1570 hunc
1951 1543 2101 1569 humanam

414 1593 540 1628 stirpem,
557 1592 591 1619 ad
609 1592 707 1618 melius
727 1591 803 1618 aliud
824 1595 959 1617 revocaret
978 1590 1103 1622 initium,
1121 1594 1202 1624 atque
1222 1589 1257 1616 ita
1275 1589 1341 1616 haec
1357 1588 1462 1615 mundo
1476 1588 1626 1615 incolumis
1644 1591 1805 1615 servaretur.
1827 1588 1898 1622 Ergo
1914 1586 1971 1613 Noe
1990 1586 2102 1613 oraculo

416 1637 539 1664 monenti
560 1636 641 1663 fidem
662 1635 810 1669 adhibens,
824 1643 916 1662 arcam
936 1634 1065 1662 instruxit
1079 1633 1113 1660 ad
1129 1642 1193 1660 suae
1213 1633 1333 1660 familiae
1352 1632 1470 1659 salutem
1482 1653 1488 1665 ,
1503 1632 1530 1658 in
1550 1640 1603 1666 qua
1624 1639 1741 1666 paucae,
1754 1631 1782 1657 id
1802 1635 1843 1658 est
1860 1635 1937 1663 octo,
1951 1630 2059 1657 animae
2071 1637 2102 1656 ex

415 1682 493 1716 aquis
512 1681 600 1708 salvae
620 1680 740 1708 suerunt.
762 1680 906 1706 Generalis
924 1679 997 1706 enim
1019 1679 1114 1705 mortis
1133 1677 1268 1704 sententia
1289 1677 1361 1704 edita
1382 1677 1512 1703 adversus
1531 1676 1637 1703 incolas
1656 1680 1744 1702 terrae
1768 1675 1873 1708 fuerat,
1893 1682 1963 1710 qnae
1983 1674 2102 1709 peccatis

418 1725 517 1759 repleta
538 1724 572 1751 ad
592 1725 741 1751 immanem
761 1724 829 1750 iram
850 1728 998 1750 creatorem
1020 1726 1219 1757 provocaverat.
1241 1721 1294 1748 Sed
1318 1725 1412 1748 tamen
1436 1721 1527 1748 salvus
1547 1720 1600 1747 fuit
1624 1728 1686 1747 cum
1713 1724 1767 1746 tota
1791 1718 1873 1745 domo
1894 1726 1943 1745 sua
1961 1717 2034 1751 Noe,
2054 1725 2103 1752 qui

416 1770 473 1795 Deo
493 1768 609 1795 credidit
627 1776 718 1795 arcam
743 1776 838 1802 parare
862 1767 1049 1802 praecipienti.
1070 1768 1104 1793 Et
1128 1766 1253 1793 universa
1273 1764 1384 1800 quidem
1410 1765 1550 1792 submersa
1577 1768 1665 1797 terra,
1686 1763 1744 1790 sola
1769 1763 1835 1790 haec.
1854 1762 1932 1797 aquis
1951 1762 2100 1794 innatavit,

416 1812 627 1846 gubernatorem
647 1816 866 1846 servatoremque
885 1815 965 1838 nacta
985 1811 1166 1838 universalem
1183 1812 1287 1837 Deum:
1305 1813 1437 1844 erantque
1457 1809 1486 1836 in
1506 1817 1536 1836 ea
1556 1808 1687 1843 reliquiae
1708 1807 1821 1834 humani
1840 1806 1947 1842 generis
1963 1805 2018 1832 Noe'
2038 1813 2101 1832 cum

419 1856 580 1883 mulieribus
599 1860 680 1891 atque
700 1856 801 1882 liberis.
823 1855 876 1890 Qui
897 1855 950 1882 fide
970 1855 1149 1890 gloriabatur.
1173 1876 1178 1881 .
1205 1876 1209 1881 .
1233 1876 1238 1881 .

959 1904 1013 1926 Fide
1028 1904 1115 1925 obtulit
1130 1904 1247 1925 Abraham
1262 1904 1336 1929 Isaac,
1351 1909 1403 1925 cum
1419 1903 1557 1924 tentaretur.

498 1945 630 1981 Equidem
651 1954 707 1972 rem
728 1949 803 1972 tanta
823 1945 1006 1972 admiratione
1025 1944 1138 1975 dignam
1160 1944 1305 1978 praeterire
1328 1952 1444 1978 nequeo.
1465 1944 1551 1970 Senex
1576 1946 1634 1969 erat
1655 1942 1752 1969 beatus
1770 1941 1961 1974 ,ΑΜ-3118111115,
1981 1940 2102 1967 filiorum

417 1990 561 2017 orbitatem
581 1989 712 2022 dellebat,
731 1988 858 2016 heredem
878 1989 929 2015 sibi
946 1997 960 2015 a
976 1990 1033 2015 Deo
1053 1988 1217 2022 deposcebat
1235 1996 1265 2014 ex
1286 1988 1384 2014 libera:
1402 1996 1484 2022 quem
1505 1995 1592 2022 quum
1613 1987 1799 2021 impetrasset,
1817 1985 1844 2012 in
1864 1993 1950 2019 eoque
1965 1992 2039 2019 spem
2060 1987 2102 2010 to-

419 2038 473 2061 tam
494 2034 600 2069 generis
617 2034 659 2060 sui
679 2033 840 2060 collocatam
861 2037 1000 2064 cerneret,
1021 2037 1048 2059 et
1066 2031 1174 2058 divinae
1194 2031 1383 2066 promissionis
1403 2031 1521 2063 exitum3
1543 2030 1705 2058 mandatum
1725 2030 1748 2057 ei
1768 2029 1820 2057 suit
1838 2034 1869 2056 ut
1888 2030 1979 2064 ipsum
1998 2029 2103 2055 sacrifi-

418 2082 500 2104 caret.
522 2077 594 2112 Quid
615 2082 672 2104 tum
692 2078 792 2104 senex?
811 2077 883 2103 Satis
904 2076 1026 2110 intelligo
1047 2077 1074 2102 in
1095 2080 1161 2110 quot
1180 2076 1287 2102 animae
1309 2076 1452 2109 angustias
1472 2074 1609 2102 inciderit.
1630 2076 1734 2101 Natura
1754 2082 1816 2100 eum
1836 2072 1870 2100 ad
1892 2073 2033 2100 caritatem
2053 2071 2103 2098 filii

418 2122 549 2153 cof-rebat,
570 2121 692 2148 ditinum
714 2121 818 2147 iussum
838 2120 872 2147 ad
891 2120 1075 2147 obediendum
1096 2120 1224 2147 vocabat:
1247 2128 1331 2154 puero
1353 2118 1519 2146 adhaerebat
1537 2127 1619 2154 quem
1638 2118 1728 2145 solum
1753 2117 1886 2149 habebat,
1906 2119 1994 2144 Deum
2015 2115 2102 2143 offen-

417 2166 481 2193 dere
502 2165 649 2193 metuebat.
672 2167 710 2191 Ac.
730 2165 813 2192 veluti
835 2173 933 2199 magna
952 2164 1033 2191 arbor
1048 2169 1075 2192 et
1090 2164 1278 2199 procerissima
1299 2164 1443 2191 contrariis
1462 2167 1606 2190 ventorum
1627 2162 1738 2190 ssatibus
1756 2163 1806 2189 hac
1825 2162 1888 2189 illac
1908 2161 2024 2195 agitata,
2040 2169 2103 2196 pro-

419 2210 565 2245 pemodum
587 2209 659 2237 cedit
678 2218 709 2236 ac
728 2209 924 2239 labefactatur,
938 2209 976 2236 sic
996 2217 1024 2236 se
1044 2209 1106 2236 iusti
1127 2209 1175 2235 viri
1195 2208 1286 2235 anima
1303 2208 1428 2235 habehat.
1449 2209 1510 2242 Quo
1525 2207 1609 2243 igitur
1624 2211 1702 2242 pacto
1721 2206 1881 2233 tentationis
1897 2205 2044 2240 procellam
2060 2213 2104 2232 su—

420 2255 537 2289 peravit?
559 2254 743 2280 Peritissimus
763 2253 830 2288 legis
850 2254 952 2280 Paulus
971 2261 1021 2280 nos
1040 2253 1149 2280 docebit
1168 2252 1275 2280 dicens:
1298 2251 1351 2279 fide
1370 2252 1471 2279 obtulit
1490 2253 1567 2279 Isaac
1586 2255 1722 2284 tentatus,
1738 2251 1875 2278 arbitrans
1893 2249 1967 2285 quod
1986 2249 2068 2276 etiam
2088 2257 2103 2275 a

421 2299 536 2324 mortuis
555 2298 686 2325 suscitare
706 2302 801 2332 potens
822 2301 862 2323 est
881 2299 963 2324 Deus.
985 2298 1008 2323 O
1028 2297 1180 2324 constantia
1205 2296 1284 2324 fidei!
1306 2298 1329 2323 O
1350 2296 1449 2324 mentis
1468 2300 1562 2323 sancto
1581 2297 1639 2322 viro
1658 2295 1757 2330 dignae
1778 2295 1925 2322 securitas!
1947 2294 2102 2327 Concessit,

420 2344 506 2368 Deum
528 2342 619 2368 onmia
641 2350 767 2377 prospere
786 2341 893 2368 efficere
913 2349 999 2375 posse.
1021 2341 1094 2375 Quid
1115 2341 1179 2367 hinc
1199 2342 1298 2376 porro?
1317 2349 1397 2376 quem
1418 2341 1521 2367 exitum
1541 2339 1607 2367 fides
1627 2340 1702 2367 illius
1722 2344 1801 2367 nacta
1820 2341 1881 2367 est?
1900 2340 1942 2366 En
1960 2346 2035 2366 sacra
2055 2337 2104 2365 de·

421 2391 555 2413 monstrat
574 2387 678 2413 littera:
701 2385 817 2413 credidit
835 2386 924 2418 enim,
944 2386 1049 2420 inquit,
1070 2385 1208 2412 Abraham
1230 2386 1301 2416 Deo,
1322 2389 1347 2412 et
1367 2388 1525 2419 reputatum
1545 2388 1587 2411 est
1607 2384 1645 2411 illi
1666 2384 1699 2411 ad
1720 2384 1864 2411 iustitiam.

1043 2433 1135 2460 Quibus
1150 2432 1233 2459 dignus
1249 2438 1294 2453 11υ11
1309 2434 1359 2453 erat
1374 2432 1481 2453 mundus.

499 2475 525 2501 Si
546 2483 610 2506 erg-¹0
631 2475 686 2506 illi,
700 2474 799 2509 quibus
814 2474 914 2508 dignus
933 2481 989 2500 non
1009 2477 1067 2499 erat
1082 2472 1202 2499 mundus
1223 2472 1340 2503 (onfittit
1354 2472 1427 2499 enim
1447 2472 1564 2499 ulterius
1577 2480 1703 2508 pergere,
1717 2477 1790 2500 recte
1809 2471 1944 2499 factorum
1964 2472 2102 2507 magnitu-

421 2518 485 2545 dine
505 2519 600 2546 eximia
621 2519 769 2551 attonitus,
787 2517 920 2545 mundum
941 2522 1032 2545 autem
1054 2517 1113 2544 heic
1133 2517 1286 2551 intelligere
1307 2516 1461 2544 mundanos
1477 2516 1587 2549 decet),
1608 2518 1631 2544 si
1650 2525 1714 2551 ergo
1736 2517 1778 2544 illi
1794 2525 1902 2552 magnis
1916 2516 2103 2544 tribulationi-

422 2563 471 2590 bus
490 2568 630 2598 tamquam
646 2564 709 2596 inne
723 2563 855 2597 explorati
875 2562 1038 2597 probitatem
1051 2569 1130 2588 suam
1151 2560 1392 2593 demonstrarunt,
1407 2561 1532 2588 nondum
1546 2565 1640 2590 tamen
1655 2565 1818 2597 receperunt
1831 2564 1881 2595 (2),
1897 2568 2040 2588 caveamus
2054 2567 2103 2587 nos

422 2607 568 2640 quominus
582 2608 715 2642 praesenti
731 2611 851 2642 tempore
866 2607 1115 2633 remunerationem
1136 2613 1328 2640 exposcamus,
1343 2613 1432 2640 neque
1447 2605 1484 2632 ita
1502 2605 1595 2632 miseri
1608 2606 1695 2633 simus
1709 2610 1740 2632 ut
1753 2609 1809 2632 tam
1826 2605 1923 2640 exigua
1936 2608 2101 2639 exoptemus.

810 2655 855 2681 Qui
870 2654 992 2681 proposito
1005 2653 1048 2674 sibi
1064 2652 1162 2679 gaudio.
1177 2652 1286 2673 sustinuit
1302 2657 1409 2677 crucem,
1424 2652 1560 2674 contusione
1574 2654 1714 2680 contempta.

505 2695 590 2720 lnnno
610 2695 660 2721 hoc
680 2695 739 2721 loco
759 2695 846 2728 magis
866 2694 1005 2729 proprium
1025 2694 1061 2720 sit
1079 2692 1247 2727 intelligere,
1263 2692 1402 2719 Christum
1423 2700 1508 2727 quum
1523 2693 1548 2720 ei
1562 2693 1657 2720 liceret
1677 2697 1791 2720 naturae
1805 2701 1870 2720 suae
1886 2693 2018 2727 dignitate
2033 2692 2102 2725 frui,

423 2741 449 2763 et
469 2738 673 2771 incomparabili
693 2747 774 2773 supra
794 2747 890 2766 omnes
908 2738 1078 2765 sublimitate
1098 2741 1179 2772 prout
1197 2738 1285 2764 Deum
1310 2736 1387 2764 decet
1411 2737 1522 2771 gloriari
1542 2737 1612 2769 (hoc
1635 2738 1708 2764 enim
1732 2745 1790 2765 esse
1813 2737 1930 2764 dicimus
1949 2736 2023 2771 quod
2042 2736 2103 2764 heic.

504 2811 521 2828 11
547 2809 631 2829 (lonlei-
645 2810 705 2835 apud
722 2816 762 2830 nus·
777 2811 891 2836 C>rillum
906 2811 1029 2831 comment,
1045 2810 1068 2831 in
1083 2810 1149 2837 epist.
1166 2809 1193 2830 ad
1208 2809 1273 2830 Rom.
1289 2814 1338 2835 cap.
1355 2810 1382 2829 Χ.
1399 2812 1418 2829 6.

504 2846 533 2862 ¹21
549 2843 640 2863 Plenam
655 2845 741 2865 scilicet
756 2845 882 2866 mercedem
892 2861 897 2870 ,
912 2851 1010 2872 corpore
1024 2850 1076 2866 cum
1092 2845 1166 2866 anima
1182 2844 1318 2865 beatificam.
1335 2844 1398 2864 Hanc
1413 2844 1482 2865 fuisse
1500 2844 1621 2869 genuinam
1635 2843 1717 2870 Cyrilli
1737 2844 1872 2865 sententiam
1894 2843 2102 2865 demonstravimus

426 2883 467 2899 nos
482 2878 503 2899 in
519 2877 568 2899 eius
582 2881 704 2900 comment.
721 2880 748 2900 ad
765 2880 818 2901 Luc.
834 2881 893 2901 ΧΠ.
912 2884 943 2901 19.
959 2886 980 2907 p.
996 2884 1042 2902 330.
