2205 3177
143 1092 189 1111 (Ἂν
215 1089 272 1111 Υ111.
290 1092 308 1111 3,

355 198 396 231 18
855 202 885 225 S.
913 202 1041 226 cvntLLt
1067 203 1289 226 Atii-:ximnmst
1316 204 1522 227 EXPLANATIO

349 274 454 306 vitam
479 277 663 305 aeternam.
693 269 784 313 Ergo
812 267 866 301 lex
893 268 1034 313 spiritus
1058 268 1163 306 vitae,
1193 268 1227 301 id
1253 273 1301 301 est
1329 269 1452 301 mentis
1477 267 1637 303 voluntas
1661 282 1748 315 quae
1774 271 1817 305 ad
1842 272 1947 306 vitam
1973 272 2034 307 de-

349 331 459 365 ducit.
482 329 567 362 olim
585 338 724 372 quoque
743 327 776 359 in
796 325 897 359 nobis
914 332 985 359 erat
997 352 1004 363 ,
1025 326 1151 359 etenim
1169 327 1230 360 Dei
1249 327 1312 371 legi
1332 332 1446 359 mente
1463 325 1754 372 obsequebamur.
1774 330 1841 364 Sed
1859 329 2032 365 imbecilla

351 399 429 433 pars
448 386 571 420 nostri.
595 391 631 417 ut
651 383 737 421 dixi,
761 383 803 416 ad
825 383 1051 417 resistendum
1071 383 1238 417 laboravit
1251 410 1259 419 ,
1281 384 1460 428 carnisque
1479 383 1724 429 cupiditatibus
1743 387 1853 421 rictus
1870 386 1978 421 homo
1996 389 2031 421 in

349 444 605 477 damnationem
634 441 718 485 legis
744 440 874 473 incidit.
898 441 976 474 Mox
1001 447 1115 474 antem
1140 440 1265 474 morbo
1289 440 1453 487 depulso,
1476 452 1537 487 per
1560 441 1733 476 Christum
1757 443 1942 478 roboratus
1965 451 2033 478 est:

348 500 469 545 signati
489 499 580 532 enim
601 498 727 531 fuimus
748 509 810 543 per
828 498 941 543 ipsum
969 498 1096 543 Spiritu
1124 504 1258 536 sancto,
1281 504 1314 532 et
1333 499 1458 531 virtute
1477 510 1518 532 ex
1542 498 1613 532 alto
1631 499 1754 533 induti.
1776 500 1890 546 Atque
1911 502 1956 535 ita
1980 513 2036 536 re-

348 557 479 602 dempti
507 556 652 591 fuimus.
679 566 741 589 nec
760 556 828 588 iam
847 555 992 588 ulterius
1012 555 1103 588 malo
1122 554 1314 600 subiugati.
1341 556 1374 589 in
1399 555 1543 589 liberam
1569 556 1791 601 dignitatem,
1816 564 1855 592 ut
1873 558 1962 597 dixi,
1984 570 2036 593 re-

348 615 470 648 stituti.
498 614 588 658 Ergo
613 613 667 646 lex
696 613 836 658 spiritus
861 613 968 651 vitae,
993 612 1028 646 id
1047 618 1094 646 est
1118 614 1242 646 mentis
1267 613 1426 647 voluntas
1453 613 1495 647 ad
1522 613 1613 647 bona
1632 625 1738 659 opera
1762 615 1935 661 vitamque
1961 623 2036 650 ten-

348 673 450 709 dens,
473 678 656 717 postquam
683 671 828 716 gratiam
855 682 917 716 per
943 670 1115 704 Christum
1141 670 1262 716 adepta
1289 677 1356 709 est.
1378 678 1409 705 et
1437 672 1612 717 antiquam
1638 671 1874 707 infirmitatem
1893 672 2033 714 abiecit;

349 738 448 769 tunc,
470 732 631 775 inquam,
653 742 691 764 ea
712 730 764 763 lex
785 730 942 775 spiritus,
971 729 1098 774 peccati
1122 728 1289 762 malitiam
1309 729 1520 776 despiciens,
1542 742 1645 775 seque
1667 731 1733 777 legi
1753 731 1865 765 earnis
1883 733 2036 777 superio-

350 801 423 823 rem
443 789 670 826 constituens,
693 787 851 821 liberaxit
875 798 946 824 me,
967 787 1025 819 ait.
1047 788 1164 831 Neque
1184 792 1298 819 tamen
1324 787 1395 833 ipsa
1414 787 1499 821 haec
1517 787 1569 821 lex
1590 787 1785 822 libertatem
1803 789 1948 822 omnino
1969 789 2036 823 lar-

347 849 415 893 gita
434 853 501 883 est.
523 846 582 880 sed
608 857 682 879 eam
711 856 773 890 per
799 844 922 878 Christi
951 844 1073 877 merita
1101 841 1201 876 nobis
1221 844 1428 878 conciliavit.
1456 846 1548 878 Sicut
1569 846 1673 889 igitur
1698 857 1757 880 eos
1783 846 1843 891 qui
1869 845 1935 880 sub
1960 847 2037 893 lege

348 905 478 951 peccati
497 910 574 938 sunt
587 930 594 939 ,
614 914 750 936 neccsse
769 902 912 934 omnino
932 907 980 934 est
1002 901 1123 933 mortis
1141 911 1282 945 quoque
1302 901 1432 947 laqueis
1450 902 1637 948 implicari;
1658 903 1703 937 ita
1722 914 1799 943 cos,
1816 904 1875 948 qui
1895 904 2037 938 minime

349 962 414 996 sub
434 962 492 996 illa
512 967 607 999 sunt,
625 960 683 994 sed
705 961 739 993 in
758 958 953 992 libertatem
974 970 1035 1004 per
1052 957 1225 991 Christum
1242 958 1422 998 vindicati,
1443 966 1581 1005 oportet
1600 960 1747 993 vicissim
1766 967 1861 994 extra
1878 961 1931 994 ius
1948 972 2038 995 mor-

349 1022 392 1054 tis
410 1032 501 1054 esse.
523 1030 627 1063 seque
655 1017 878 1062 corruptione
904 1016 1108 1049 excelsiores
1134 1013 1313 1054 exhibere,
1339 1022 1372 1050 et
1397 1017 1503 1050 vitam
1529 1028 1607 1051 cum
1633 1018 1810 1052 sanctitate
1837 1017 1976 1052 ducere.

706 1081 903 1110 Impossibile
919 1082 1003 1103 enim
1020 1080 1114 1109 legis9
1130 1081 1163 1103 in
1181 1086 1242 1107 quo
1258 1081 1296 1103 ob
1313 1087 1439 1104 earnem
1455 1082 1584 1105 infirma
1599 1085 1679 1105 erat.

446 1133 680 1168 Admirandus
706 1144 821 1166 sacrae
848 1131 1025 1165 doctrinae
1052 1130 1194 1169 doctor,
1223 1137 1256 1164 et
1282 1130 1325 1164 ad
1352 1132 1659 1177 contemplandum
1686 1139 1884 1178 peracutuS,
1913 1133 2036 1168 rudem

350 1207 384 1227 se
409 1193 491 1227 dicit
509 1204 581 1226 esse
603 1201 775 1225 sermone.
806 1189 888 1224 Ideo
906 1201 970 1223 nos
990 1188 1205 1223 confidenter
1227 1189 1390 1228 dicimus,
1415 1190 1727 1235 suprascriptarum
1746 1190 1938 1224 dictionum
1956 1202 2035 1224 con—

349 1251 528 1284 structioni
550 1260 674 1295 parum
696 1247 779 1293 quid
802 1247 939 1285 deesse,
960 1252 997 1280 ut
1016 1246 1139 1292 plenus
1159 1257 1277 1280 sensus
1298 1246 1523 1291 exprimatur.
1550 1246 1741 1280 Dicendum
1763 1247 1855 1280 enim
1874 1246 1954 1280 fuit:
1974 1247 2038 1279 im-

349 1307 513 1355 possibile
538 1308 631 1341 enim
654 1306 755 1351 legis,
781 1306 816 1338 in
841 1315 913 1350 quo
936 1304 982 1337 ob
1003 1315 1140 1337 carnem
1167 1303 1305 1337 infirma
1325 1309 1415 1342 erat,
1444 1304 1654 1337 dissolutum
1673 1310 1742 1344 est,
1770 1310 1870 1350 puta,
1894 1303 1950 1336 vel
1975 1314 2040 1338 ces-

248 1386 253 1397 )
281 1381 308 1399 25.
347 1367 446 1400 savit.
474 1365 605 1399 Deinde
631 1362 844 1397 subtexenda
870 1368 943 1396 erat
972 1361 1049 1396 facti
1076 1362 1264 1406 expositio,
1290 1367 1322 1394 et
1349 1361 1586 1395 dissolutionis
1611 1361 1737 1396 modus
1761 1361 2036 1399 connectendus,

346 1424 462 1458 denuo
488 1422 749 1468 subiungendo:
778 1422 870 1454 Deus
892 1421 985 1453 enim
1006 1420 1145 1453 mittens
1165 1418 1277 1452 filium
1295 1431 1397 1452 suum
1423 1420 1459 1452 in
1477 1419 1740 1453 similitudinem
1759 1420 1869 1454 carnis
1886 1420 2015 1465 peccati
2028 1445 2036 1459 ,

347 1488 381 1515 et
405 1493 470 1527 pro
489 1486 646 1527 peceato,
669 1479 837 1512 destruxit
856 1479 891 1511 in
915 1489 1017 1511 carne
1039 1483 1231 1523 peccatum.
1260 1477 1372 1521 Atque
1397 1476 1461 1510 alia
1481 1476 1680 1511 huiusmodi
1700 1488 1806 1522 scopo
1825 1488 1888 1511 suo
1914 1476 2038 1510 idonea

347 1539 389 1573 ad
414 1538 548 1585 periodi
569 1537 856 1583 compositionem
875 1534 978 1569 scribi
999 1534 1167 1580 oportuit.
1190 1535 1288 1567 Nunc
1307 1545 1368 1577 age
1385 1529 1664 1579 contemplemur
1683 1534 1838 1568 medelae
1860 1545 1921 1580 per
1940 1534 2040 1568 Chri-

350 1603 441 1631 stum
460 1595 567 1630 factae
584 1595 753 1628 rationem
765 1620 773 1633 ,
795 1599 827 1626 et
844 1592 1025 1638 quomodo
1043 1590 1256 1637 impossibile
1274 1590 1360 1635 legis
1378 1591 1576 1629 cessaverit,
1597 1596 1629 1625 et
1648 1591 1825 1636 quodnam
1843 1590 2040 1636 intelligen—

351 1654 435 1688 dum
454 1655 494 1687 sit
514 1653 581 1687 hoc
599 1650 813 1698 impossibile
832 1650 937 1696 legis,
958 1656 992 1684 et
1010 1650 1188 1683 cuiusnam
1206 1648 1302 1693 legis.
1318 1648 1453 1681 Etenim
1473 1647 1539 1681 hoc
1560 1647 1639 1682 loco
1657 1647 1830 1683 subtiliter
1848 1648 2038 1683 admodum

349 1712 485 1745 disserit
511 1710 695 1756 deiloquus
714 1710 780 1743 xir.
806 1707 969 1742 Concedit
989 1708 1102 1752 itaque
1115 1732 1122 1745 ,
1144 1707 1193 1740 uti
1220 1705 1340 1744 utiles,
1362 1711 1436 1738 tum
1454 1706 1515 1739 Dei
1534 1705 1666 1751 legem,
1689 1706 1723 1740 id
1746 1712 1796 1740 est
1815 1707 1978 1752 scriptam
1996 1707 2040 1740 il-

348 1770 417 1803 lam
429 1796 436 1808 ,
456 1776 527 1803 tum
545 1769 647 1802 etiam
666 1768 779 1812 legem
797 1767 936 1812 spiritus
955 1778 972 1799 a
991 1777 1062 1810 quo
1080 1763 1209 1798 bonam
1227 1764 1442 1797 voluntatem
1460 1765 1670 1809 recepimus,
1687 1765 1819 1798 etiamsi
1838 1764 1928 1798 forte
1945 1763 2039 1798 haud

349 1827 450 1862 nobis
470 1826 617 1860 adsuerit
635 1824 824 1869 exequendi
846 1825 956 1869 ipsam
975 1828 1136 1868 potestaS.
1159 1822 1215 1854 Ait
1233 1821 1342 1854 enim:
1365 1821 1454 1855 velle
1472 1821 1614 1866 quidem
1632 1821 1762 1855 adiacet
1781 1821 1884 1860 mihi,
1906 1820 2038 1855 bonum

349 1891 462 1919 autem
488 1884 625 1930 operari
652 1893 890 1927 nequaquam;
914 1880 1134 1926 praevalente
1161 1890 1286 1924 nempe
1312 1885 1469 1924 peccato,
1497 1879 1650 1924 legisque
1676 1889 1779 1912 carne
1805 1878 1848 1912 ad
1874 1889 1934 1911 sua
1959 1889 2039 1923 per-

349 1943 506 1977 trahente
524 1952 630 1986 opcra
649 1945 799 1973 mentem
819 1939 873 1972 vel
893 1939 1035 1971 inritam
1052 1938 1112 1982 (1).
1136 1937 1210 1969 Hoc
1228 1942 1314 1981 puto
1333 1947 1433 1969 sensu
1451 1935 1665 1969 credibiliter
1683 1935 1948 1981 intelligendum
1966 1946 2040 1969 esse

348 2000 444 2045 quod
467 1999 547 2032 dicit
568 1996 781 2043 impossibile
802 1996 904 2041 legis.
927 2002 999 2029 tum
1026 1995 1118 2028 illius
1145 1995 1290 2040 scriptae
1316 2005 1377 2039 per
1402 1995 1574 2039 Moysem,
1595 1994 1693 2027 sicuti
1711 2005 1824 2040 nuper
1847 1993 1936 2033 dixi,
1964 1999 2037 2027 tum

349 2059 452 2091 etiam
479 2056 620 2090 alterius
648 2054 748 2088 nobis
775 2054 992 2099 congenitae,
1019 2053 1062 2086 ad
1088 2053 1184 2086 cuius
1210 2063 1370 2085 normam
1395 2057 1514 2097 gentes
1539 2063 1696 2097 quoque,
1722 2052 1784 2085 etsi
1811 2052 1937 2097 scripta
1963 2051 2038 2097 lege

349 2121 482 2149 carent,
511 2113 711 2147 naturaliter
738 2112 848 2156 legem
875 2110 1061 2144 observare
1087 2116 1293 2149 cernuntur,
1319 2108 1454 2154 sibique
1480 2110 1563 2154 ipsis
1589 2109 1642 2143 lex
1670 2108 1773 2143 fiunt:
1798 2109 2039 2143 demonstrant

349 2173 441 2206 enim
461 2183 550 2217 opus
569 2171 652 2216 legis
671 2171 836 2215 scriptum
859 2169 892 2201 in
913 2167 1078 2202 cordibus
1097 2168 1182 2205 suis,
1204 2168 1301 2200 sicuti
1323 2167 1481 2212 legimus.
1504 2167 1688 2207 Quodnam
1706 2173 1820 2200 autem
1839 2167 1873 2200 in
1890 2172 2038 2212 utraque

350 2229 425 2273 lege
451 2230 494 2262 sit
519 2226 750 2274 impossibile.
775 2225 1021 2271 inquirendum
1048 2226 1114 2259 iam
1141 2230 1202 2258 est.
1229 2225 1359 2269 Scripta
1385 2224 1527 2270 quidem
1555 2225 1629 2264 lex,
1650 2225 1813 2269 magistra
1838 2230 1909 2258 erat
1930 2223 2038 2258 hone-

348 2287 461 2325 statis,
479 2287 693 2332 optimorum
713 2285 935 2318 consiliorum
953 2283 1022 2316 dux
1034 2310 1042 2321 ,
1059 2283 1143 2328 quin
1161 2289 1275 2316 tamen
1292 2294 1502 2328 quemquam
1521 2283 1665 2316 omnino
1683 2281 1893 2316 iustificaret.
1910 2283 2039 2315 Verum

349 2345 407 2379 illa
428 2344 528 2378 nobis
548 2343 745 2388 congenita,
766 2354 870 2387 quam
889 2342 990 2374 ctiam
1011 2341 1121 2386 legem
1137 2341 1277 2385 spiritus
1295 2340 1465 2386 appellat,
1482 2339 1645 2385 vergebat
1662 2339 1804 2385 quidem
1823 2339 1865 2373 ad
1885 2345 2035 2377 rectum,

349 2403 410 2437 sed
432 2409 546 2436 tamen
566 2413 584 2435 a
603 2402 677 2446 lege
695 2400 753 2434 illa
772 2412 860 2445 quae
881 2400 922 2432 ad
944 2401 1058 2444 turpia
1077 2399 1241 2444 impellit,
1265 2398 1366 2432 valde
1387 2398 1617 2444 superabatur
1639 2399 1699 2444 (2).
1724 2399 1831 2444 Igitur
1848 2397 1944 2443 quod
1965 2403 2037 2431 erat

350 2459 580 2506 impossibile,
604 2458 638 2492 id
659 2464 707 2492 est
736 2457 930 2495 infirmum,
956 2458 1027 2490 sivo
1046 2458 1080 2490 in
1105 2457 1231 2502 scripta
1257 2456 1351 2501 lege,
1373 2458 1443 2489 sive
1462 2457 1497 2490 in
1516 2456 1683 2495 naturali,
1705 2456 1847 2490 cessavit
1865 2466 1928 2501 per
1944 2453 2037 2488 Chri-

350 2524 453 2550 stum.
483 2515 685 2550 Mortificata
713 2516 805 2548 enim
832 2514 1094 2559 quodammodo
1122 2525 1242 2551 carne,
1272 2525 1309 2547 ac
1335 2525 1445 2559 prope
1473 2515 1620 2547 extincta
1647 2514 1682 2547 in
1710 2512 1812 2547 nobis
1836 2512 2032 2557 voluptate,

350 2574 448 2608 nullo
475 2575 542 2608 iam
570 2580 674 2620 pacto
702 2573 756 2607 lex
775 2573 920 2618 spiritus
945 2573 1015 2605 sive
1041 2573 1166 2605 mentis
1193 2571 1440 2605 infirmabitur.

447 2632 517 2664 Iam
542 2630 839 2677 quemadmodum
865 2630 898 2662 in
924 2628 1024 2663 nobis
1050 2634 1228 2674 peccatum
1254 2628 1499 2668 mortificetur,
1528 2629 1636 2675 agesis
1658 2633 1826 2673 quantum
1845 2626 1924 2659 licet
1944 2623 2033 2657 dica-

451 2742 485 2770 ’,1ζγ
505 2741 544 2766 De
564 2740 643 2766 variis
660 2739 793 2766 libertatis
815 2739 951 2765 humanae
971 2737 1114 2770 aradibus,
1128 2737 1216 2772 deque
1235 2736 1320 2763 libero
1335 2737 1447 2764 arbitrio
1466 2738 1496 2764 in
1516 2745 1545 2764 re
1563 2736 1659 2763 morali
1674 2743 1780 2770 semper
1797 2732 1944 2763 incolumi,
1958 2731 2033 2759 latis-

353 2784 421 2810 sime
439 2782 594 2817 disputant,
617 2792 664 2818 pro
685 2792 734 2811 sua
753 2784 869 2818 quisque
889 2786 963 2810 secta
983 2782 1022 2809 vel
1045 2786 1208 2818 systemate,
1230 2781 1364 2814 theologi3
1386 2782 1543 2817 praesertim
1563 2781 1610 2808 ubi
1628 2778 1776 2815 Augustini
1795 2777 1947 2805 doctrinam
1964 2784 2033 2803 enu-

355 2826 444 2853 cleant
467 2831 547 2861 atque
568 2827 728 2854 defendunt.

454 2874 485 2902 12,
507 2872 585 2898 Hanc
606 2872 734 2899 nonnulli
756 2872 875 2906 theologi
899 2872 1038 2899 victricem
1058 2871 1159 2898 malam
1182 2869 1320 2906 appellant
1340 2870 1560 2898 delectationem.
