2205 3177
310 425 369 442 »ist

187 826 193 830 ⁵
206 823 231 843 ΡΞ
251 822 346 844 LXXIX.
357 826 376 842 2.

187 941 192 946 “
205 938 238 958 I’s.
250 938 346 959 CXLIII.
357 942 376 958 5.

239 1172 275 1191 sir.
290 1177 313 1197 p.
332 1175 374 1192 171³.

183 1345 188 1350 ·
203 1342 271 1363 Hehr.
282 1342 330 1363 xn.
341 1346 372 1363 21,

203 1520 208 1525 “
226 1516 241 1537 1.
258 1515 307 1536 11111.
324 1516 339 1536 1.
355 1519 373 1536 7.

229 2585 252 2606 tu
268 2590 301 2611 gr.
317 2591 375 2607 corr.

221 2623 341 2647 U'sfitffeu.

422 168 487 200 110
924 175 951 197 s.
980 175 1106 197 crium]
1134 175 1354 197 ALEXANDIUNI
1381 174 1585 197 axrmmno

793 242 948 268 Quoniam
965 242 1127 268 requirens
1142 243 1326 270 sanguinum
1343 247 1449 264 ‹son-um
1466 241 1648 264 reem-«tatus
1663 243 1719 264 est.

513 300 588 337 Quo
609 295 738 329 niodo‘?
759 297 886 342 Nempe
908 296 1013 330 sactus
1033 302 1079 330 est
1102 296 1226 333 homo,
1248 302 1281 330 et
1300 295 1523 329 similitudine
1542 302 1658 329 nostra
1678 295 1834 335 indutus,
1856 306 1992 329 erucem
2012 306 2090 341 per-

417 356 508 391 tulit,
533 361 568 388 nt
593 364 713 387 omnes
739 354 902 398 sangnine
930 366 992 387 suo
1019 354 1220 391 redimeret,
1242 361 1272 387 et
1302 352 1480 387 diabolicis
1509 353 1638 398 laqueis
1664 353 1814 387 irretitos
1838 353 2026 399 expediret.

945 417 1011 441 ⁴Yon
1029 421 1072 442 es!
1091 419 1208 441 oblitus
1225 419 1370 441 ‘laniaris
1388 424 1570 445 pauperum.

512 468 706 502 Secundum
733 475 846 502 autem
872 480 1048 513 anagogen
1069 469 1135 514 (ll,
1159 480 1325 514 pauperes
1352 468 1424 501 hele
1451 474 1507 501 aut
1534 467 1687 501 ethnicos
1714 475 1905 513 nuncupat,
1932 473 1988 501 aut
2015 478 2092 501 san-

414 532 485 559 ctos
503 527 561 571 qui
583 538 647 571 pro
670 525 736 559 illis
755 537 855 572 saepe
874 532 986 559 orant.
1017 527 1053 559 Et
1082 526 1158 559 illos
1176 526 1316 571 quidem
1337 537 1505 571 pauperes
1528 524 1628 563 dicit,
1650 530 1769 570 utpote
1788 523 1997 570 spiritalibus
2016 524 2092 570 opi-

414 583 477 617 bus
497 595 640 617 vacuos:
662 594 741 617 nam
760 584 818 628 qui
847 595 967 617 xernm
996 590 1115 629 suapte
1135 590 1255 617 natura
1283 584 1392 616 Deum
1418 584 1589 621 nesciunt,
1611 593 1795 627 quemnam
1821 582 2009 627 spiritalem
2034 592 2094 615 or-

413 647 530 675 natum
551 640 678 675 habere
703 642 853 686 queant?
873 642 943 674 llos
962 648 1075 675 autem
1097 652 1263 687 pauperes
1283 641 1362 674 item
1383 641 1550 687 appellat,
1574 647 1693 685 utpote
1712 639 1876 673 humilem
1894 639 2091 673 demissam-

413 711 480 744 que
504 705 655 733 mentem
681 698 859 733 habentes.
890 700 921 732 Si
942 711 1024 744 ergo
1053 710 1245 744 pauperum
1274 699 1412 732 nomine,
1439 705 1573 733 sanctos
1592 697 1735 743 intelligi
1761 697 1924 736 dicimus,
1948 707 2018 730 non
2043 702 2094 730 est

415 755 543 790 oblitus
561 757 720 790 clamoris
741 757 898 795 illorum,
916 769 1019 802 quem
1039 756 1207 790 extollunt
1227 756 1310 789 dnm
1330 768 1430 802 saepe
1448 763 1549 790 orant
1566 762 1776 789 servatorem
1795 755 1950 788 omnium
1963 754 2091 792 Deum,

417 821 453 848 ut
481 814 650 847 mundum
677 815 806 848 xisitet.
829 820 858 847 et
890 820 1085 847 nostrarum
1112 825 1228 847 rerum
1248 824 1365 846 curam
1390 820 1497 858 gerat.
1527 814 1662 847 Dictum
1683 813 1774 846 enim
1794 811 1836 846 ab
1855 812 1895 845 iis
1914 816 1964 844 est
1983 810 2011 843 'z
2033 810 2093 855 qui

416 872 513 905 sedes
539 883 643 918 super
669 871 874 909 Cherubim,
903 883 1048 917 appare:
1076 871 1183 904 excita
1212 871 1400 916 potentiam
1427 876 1521 904 tuam
1547 877 1579 905 et
1608 871 1685 904 veni
1714 870 1756 904 ad
1784 868 1986 904 salvandum
2014 878 2091 902 nos.

417 931 452 963 Et
476 929 555 963 alibi
578 931 601 962 '.
623 931 786 967 Domine,
809 929 933 962 inclina
954 929 1065 963 caelos
1084 934 1115 962 et
1136 928 1316 962 descende.
1342 929 1399 961 Sin
1418 939 1501 962 vero
1527 940 1695 974 pauperes
1719 939 1783 973 pro
1801 927 1945 961 ethnicis
1962 925 2094 960 dictum

414 989 615 1033 opinamur,
638 988 801 1033 quoniam
828 998 929 1020 voces
948 986 991 1020 ab
1017 987 1056 1020 iis
1076 998 1239 1031 umquam
1260 998 1324 1032 pro
1343 998 1378 1020 se
1398 988 1516 1020 missas
1535 998 1637 1020 nemo
1656 986 1836 1020 ostendere
1856 990 1986 1031 potest;
2005 994 2095 1031 quo-

415 1045 520 1078 modo
546 1046 636 1078 enim
664 1056 743 1077 eum
770 1045 987 1083 invocarent,
1008 1056 1113 1090 quem
1141 1056 1210 1077 non
1237 1044 1430 1077 noverant?
1449 1050 1606 1090 superest
1632 1050 1670 1077 ut
1695 1043 1868 1082 dicamus,
1889 1053 1990 1076 voces
2013 1041 2095 1075 illo-

415 1114 490 1136 sum
518 1102 612 1136 sactis
631 1103 738 1147 magis
761 1101 868 1148 'quam
887 1102 1002 1136 verbis
1022 1103 1123 1136 fuisse
1144 1101 1321 1135 conflatas.
1346 1102 1471 1135 'Omnis
1489 1102 1580 1135 enim
1599 1101 1759 1146 iniquitas
1778 1106 1896 1134 contra
1913 1099 2095 1145 proprium

415 1166 589 1194 auctorem
611 1160 758 1193 clamare
787 1160 941 1197 videtur,
963 1166 995 1193 et
1021 1171 1086 1206 pro
1106 1160 1204 1193 laesis
1229 1165 1321 1197 orat,
1342 1158 1509 1192 laedentis
1534 1158 1708 1192 saevitiam
1735 1169 1911 1197 accusans,
1933 1163 2033 1201 atque
2050 1155 2094 1190 ad

412 1217 682 1251 succurrendum
700 1218 849 1251 invitans
861 1244 868 1255 ,
891 1219 917 1250 si
936 1218 1013 1262 quis
1033 1223 1215 1264 protegere
1234 1223 1348 1262 queat.
1377 1217 1466 1250 Hine
1483 1216 1604 1250 accidit
1622 1222 1660 1250 ut
1679 1215 1840 1250 adx'ersus
1858 1215 2000 1248 Cainum
2018 1224 2096 1246 san-

412 1276 486 1321 guis
513 1275 681 1321 perempti
702 1274 744 1308 ab
764 1287 804 1308 eo
832 1275 945 1308 fratris
963 1275 1137 1308 clamaret.
1167 1275 1259 1313 Vox,
1282 1275 1410 1319 inquit,
1432 1274 1604 1319 sanguinis
1623 1274 1737 1308 fratris
1754 1273 1802 1307 tui
1822 1272 1864 1306 ad
1883 1283 1939 1305 me
1957 1270 2093 1322 elamat.

414 1333 481 1366 Iam
505 1332 605 1366 divus
630 1333 755 1366 Paulus
775 1333 784 1341 “
806 1332 929 1366 Christi
955 1344 1095 1378 quoque
1123 1332 1279 1376 sanguini
1307 1342 1428 1365 vocem
1453 1330 1626 1370 attribuit;
1647 1331 1732 1365 dixit
1755 1331 1847 1364 enim
1871 1341 1951 1364 eum
1974 1327 2097 1362 melius

415 1390 507 1434 loqui
526 1401 630 1435 quam
650 1389 779 1423 Abelis.
805 1389 865 1423 Ille
884 1390 976 1423 enim
996 1390 1254 1423 interfectorem
1273 1388 1478 1427 damnabat,
1500 1395 1534 1423 et
1553 1390 1740 1423 accusantis
1765 1399 1861 1422 more
1880 1398 1999 1421 vocem
2017 1386 2099 1420 mit-

413 1446 525 1486 tebat;
554 1447 610 1481 hie
637 1454 753 1481 autem
783 1448 915 1481 mundo
949 1447 1012 1481 suit
1044 1447 1218 1485 salutaris,
1247 1453 1280 1480 et
1312 1452 1531 1492 peccatorum
1561 1447 1592 1480 ei
1619 1446 1856 1480 remissionem
1885 1444 2093 1490 impetravit.

413 1505 586 1539 Emundat
611 1507 703 1539 enim
730 1516 793 1538 nos
818 1504 860 1538 ab
887 1507 982 1539 omni
1008 1511 1148 1551 peccato
1166 1505 1302 1549 sanguis
1321 1504 1462 1543 Christi,
1484 1504 1533 1537 uti
1558 1504 1723 1549 seriptum
1742 1509 1791 1537 est
1811 1503 1835 1536 '.
1862 1503 1969 1548 Igitur
1987 1500 2099 1534 ethni-

413 1575 533 1597 corum
553 1563 721 1609 perditio,
744 1564 814 1597 sive
835 1563 990 1608 ipsorum
1011 1563 1148 1607 sanguis
1168 1574 1186 1596 a
1203 1563 1275 1595 Deo
1294 1562 1493 1607 requisitus,
1514 1561 1674 1595 clamoris
1691 1561 1761 1594 vim
1779 1559 1947 1599 habebat,
1968 1565 2002 1593 et
2019 1559 2098 1592 uni-

412 1621 551 1655 versalis
578 1622 742 1655 creatoris
769 1621 855 1654 iram
883 1620 1064 1654 invocabat
1083 1626 1203 1654 contra
1222 1621 1377 1665 ipsorum
1401 1618 1603 1653 homicidas.
1633 1619 1736 1653 Sicuti
1763 1619 1854 1652 enim
1878 1617 1996 1651 Abelis
2020 1629 2099 1651 san-

412 1679 486 1723 guis
505 1679 668 1712 clamasse
695 1679 821 1712 dicitur
840 1678 883 1711 ad
902 1679 1032 1717 Deum,
1057 1677 1151 1711 haud
1178 1689 1258 1711 sane
1278 1676 1373 1722 quod
1393 1677 1572 1722 propriam
1599 1676 1739 1710 haberet
1766 1687 1906 1715 vocem,
1931 1675 1991 1709 sed
2017 1675 2098 1720 quia

413 1737 503 1769 Deus
530 1736 690 1769 facinoris
709 1736 800 1769 illius
819 1736 1061 1769 enormitatem
1082 1734 1335 1772 detestabatur:
1356 1736 1407 1781 sie
1428 1735 1531 1768 etiam
1555 1735 1705 1780 cogitare
1730 1734 1808 1768 licet
1827 1733 1870 1767 de
1890 1733 2099 1767 daemonum

413 1793 667 1827 adoratoribus.
696 1795 833 1827 Etiamsi
861 1794 953 1827 enim
979 1794 1210 1828 universalem
1236 1794 1345 1826 Deum
1371 1804 1442 1827 non
1468 1799 1653 1831 noverant,
1675 1798 1928 1838 proptereaque
1951 1791 1995 1824 ad
2020 1802 2099 1825 eum

412 1862 481 1884 non
509 1851 721 1887 clamabant:
744 1857 892 1885 attamen
921 1852 1001 1895 quia
1029 1851 1208 1884 daemonis
1234 1850 1396 1884 xiolentia
1415 1849 1722 1896 opprimebantur,
1744 1849 1807 1883 hac
1831 1850 1903 1895 ipsa
1928 1848 2100 1894 quodam·

415 1907 521 1941 modo
549 1920 584 1941 re
612 1908 825 1945 clamabant,
848 1910 1000 1954 impense
1023 1907 1086 1940 sibi
1115 1908 1280 1941 auxilium
1308 1907 1545 1953 deposcentes.

831 1973 980 1996 Miserere
997 1974 1074 2000 mei,
1092 1973 1242 1998 Domina
1260 1973 1328 1995 vide
1345 1973 1559 1996 humilitatem
1575 1979 1684 1996 meam.

510 2024 705 2057 Secundum
732 2035 814 2057 iero
841 2035 1017 2069 anagogen
1035 2050 1042 2060 ,
1071 2029 1149 2069 post
1176 2029 1407 2056 memoratum
1435 2035 1628 2069 pauperum
1653 2023 1859 2061 clamorem,
1888 2023 1983 2056 ouius
2009 2022 2100 2055 Deus

414 2093 484 2114 non
511 2088 582 2115 erat
610 2081 759 2119 oblitus,
786 2081 898 2115 statim
926 2081 1041 2114 intulit
1070 2080 1244 2126 psalmista
1270 2082 1412 2125 quinam
1439 2092 1546 2126 porro
1572 2086 1659 2114 esset
1687 2080 1741 2114 hie
1767 2091 1961 2126 pauperum
1987 2079 2101 2113 ethni—

414 2149 534 2171 corum
562 2139 705 2172 clamor.
733 2141 919 2184 Tamquam
937 2139 1029 2172 enim
1056 2139 1257 2176 illuminati,
1278 2144 1311 2171 et
1331 2139 1585 2184 resipiscentes,
1607 2145 1641 2171 et
1667 2138 1875 2171 daemonum
1894 2137 2100 2171 detestantes

414 2194 589 2234 fraudem,
613 2202 715 2241 atque
741 2196 865 2230 horum
895 2196 1036 2230 detectis
1062 2196 1203 2229 demum
1230 2196 1376 2234 insidiis,
1398 2196 1485 2230 adeo
1511 2202 1547 2229 ut
1566 2197 1632 2229 iam
1657 2195 1877 2230 inimicorum
1896 2194 1974 2228 loco
1993 2193 2100 2227 liabe-

415 2259 507 2291 rent,
529 2265 616 2299 quos
642 2260 739 2287 antea
767 2253 1040 2292 venerabantur,
1067 2260 1189 2298 rogant
1217 2265 1368 2299 superno
1396 2254 1523 2287 auxilio
1553 2254 1677 2299 potiri;
1700 2264 1804 2298 seque
1832 2251 2029 2286 humiliatos
2047 2250 2099 2284 di-

414 2317 496 2344 cunt
517 2311 636 2350 fuisse,
658 2311 750 2344 haud
770 2323 788 2345 a
816 2312 957 2356 propria
977 2318 1116 2350 natura,
1139 2323 1216 2344 nain
1240 2312 1330 2345 Deus
1350 2311 1392 2345 ad
1413 2311 1707 2345 immortalitatem
1733 2310 1893 2355 bonaque
1911 2320 2017 2354 opera
2035 2308 2100 2343 ho-

414 2370 541 2401 minem
567 2370 712 2407 creavit,
734 2369 793 2402 sed
821 2369 962 2403 illorum
987 2369 1130 2402 insidiis.
1160 2367 1295 2402 Diaboli
1320 2370 1411 2402 enim
1432 2369 1560 2402 invidia
1583 2380 1678 2402 mors
1703 2369 1738 2401 in
1763 2367 1933 2402 mundum
1952 2366 2096 2401 introiit.

414 2426 476 2459 Sed
506 2437 527 2459 o
555 2427 718 2465 Domine,
741 2427 785 2460 ait
813 2426 985 2464 ethnicus,
1007 2426 1169 2459 miserere
1194 2427 1272 2459 mei.
1301 2427 1349 2459 Tu
1377 2427 1466 2459 enim
1496 2437 1514 2460 a
1541 2426 1662 2459 mortis
1682 2432 1780 2471 potes
1806 2434 1967 2459 revocare
1991 2424 2100 2469 portis

415 2483 498 2517 inihi
524 2484 670 2518 clausos.
696 2484 816 2517 Mortis
834 2490 949 2517 autem
968 2489 1088 2529 portae
1108 2489 1186 2516 sunt
1210 2483 1317 2517 malae
1339 2489 1540 2528 potestates,
1561 2495 1649 2528 quae
1669 2495 1748 2517 suos
1767 2482 1924 2516 subditos
1942 2481 1985 2515 ad
2004 2492 2101 2514 mor-

415 2543 456 2575 tis
476 2541 676 2576 barathrum
697 2542 907 2578 immittunt:
928 2552 988 2575 nec
1009 2552 1078 2574 non
1098 2540 1300 2586 multiplicia
1321 2540 1623 2587 perc-ata‚'quibus
1650 2541 1808 2575 detentos
1827 2541 1917 2574 Deus
1935 2539 2023 2574 solet
2041 2550 2099 2572 ex-

419 2599 546 2643 pedire.
577 2600 695 2633 Filiam
724 2601 735 2609 ⁹
762 2611 844 2633 vero
875 2600 1003 2637 Sionis,
1033 2599 1125 2632 illius
1151 2598 1304 2632 caelestis
1331 2599 1641 2644 primogenitorum
1667 2598 1828 2633 ecelesiae
1845 2625 1852 2637 ,
1882 2597 1969 2631 hanc
1994 2603 2099 2630 terre-

518 2712 551 2739 ‘12
575 2711 608 2735 Ex
633 2710 683 2737 hoc
705 2710 938 2745 sequentibusque
960 2710 1026 2740 locis
1048 2714 1122 2745 patet
1142 2717 1220 2740 eum,
1241 2710 1286 2743 qui
1308 2710 1403 2744 ‹ssyrnli
1426 2710 1654 2737 commentarium
1676 2709 1822 2744 excerpsit,
1843 2706 2038 2743 praetermissis
2057 2713 2094 2732 ee-

417 2753 481 2779 ιρι-15
501 2754 637 2787 partibus,
659 2763 755 2789 nempe
775 2754 912 2782 historicis
929 2758 977 2782 aut
992 2754 1155 2785 moralibus,
1178 2757 1280 2789 partein
1300 2753 1353 2779 scre
1374 2754 1565 2781 tantummodo
1583 2754 1762 2789 anagogicam
1779 2760 1827 2780 seu
1843 2752 1985 2788 mysticam
1997 2751 2028 2777 111
2046 2750 2098 2777 hoc

417 2805 490 2823 nono
513 2797 616 2831 psalmo
641 2799 794 2826 retinuisse.
816 2800 919 2834 Reapse
941 2808 990 2834 ego
1013 2798 1158 2834 quemdam
1181 2806 1288 2834 quoqne·
1312 2799 1432 2825 codicem
1454 2798 1524 2830 vidi,
1544 2799 1592 2826 ubi
1614 2798 1737 2826 locorum
1759 2797 1973 2832 anagogieorum
1994 2802 2026 2822 ex
2047 2795 2100 2830 Cy-

418 2840 493 2871 tillo,
514 2840 647 2872 Maximo,
668 2842 782 2877 aliisque
799 2843 921 2877 patribus
942 2843 972 2871 fit
989 2843 1122 2871 collectio.
