2205 3177
183 436 232 454 titi*
256 434 294 456 xx·
320 437 351 453 aar

162 607 167 612 ¹
185 605 211 624 ls.
229 604 306 626 xxw.
323 607 353 625 Ν.

173 894 178 899 ”
196 891 229 912 P>
246 891 304 913 tJlli
320 894 352 912 2⁵.

167 1352 172 1356 ”
182 1349 238 1369 Rom
256 1349 316 1370 Ytlt.
326 1352 355 1369 ll.

226 2202 231 2207 “
254 2198 293 2219 lob
318 2203 350 2224 gr.

195 2224 309 2246 XXXVlll
335 2227 364 2245 Η.

390 173 435 205 00
896 181 924 203 S.
955 181 1083 204 GYmLLt
1109 182 1331 205 ALExANDitiNt
1358 183 1563 207 EXPLANATlo

392 247 463 292 ipse
482 246 643 279 «lominus
663 250 776 278 noster
797 245 889 278 Iesus
905 245 1059 279 Christus
1077 246 1112 279 in
1129 247 1332 291 evangelicis
1350 246 1536 292 parabolis.
1563 247 1620 280 Ait
1639 248 1729 281 enim
1741 273 1749 283 ,
1771 259 1849 282 eum
1868 249 1926 294 qui
1946 259 2068 294 opera-

392 305 460 336 rios
487 303 528 335 ad
556 303 689 335 xineam
716 301 946 340 conduxerat,
968 302 1092 348 nemp'e
1119 302 1260 341 herum,
1282 315 1423 349 vespere
1450 303 1539 337 facto
1564 304 1748 349 imperasse
1774 307 1990 351 procuratori
2007 317 2071 339 suo

390 361 454 393 sic:
479 376 493 389 «ι
515 370 598 392 mea
618 359 812 404 operarios,
834 365 865 392 et
885 359 928 393 da
948 359 1014 393 illis
1034 361 1245 398 mercedem,
1265 362 1430 407 incipiens
1449 373 1466 395 a
1486 362 1679 395 novissimis
1696 374 1802 408 usque
1823 362 1864 397 ad
1885 363 2026 408 primos.
2052 377 2067 393 »

566 423 627 445 Sed
644 423 724 446 «lieet
742 423 873 450 anquina
890 425 1040 451 quomodo
1058 428 1227 455 resurgunt
1245 427 1378 449 mortui?
1395 426 1520 453 qualive
1536 433 1665 453 corpore
1681 427 1825 449 veniuntt
1840 429 1897 450 eto-

486 474 586 507 lsaias
611 473 781 519 propheta
808 480 884 519 post
904 475 1164 509 resurrectionis
1191 487 1208 509 a
1235 477 1380 509 mortuis
1398 476 1618 521 mysterium,
1637 475 1733 520 quod
1752 475 1809 509 fiet
1828 487 1890 510 suo
1916 482 2073 521 tempore

391 531 463 564 Deo
489 530 645 567 iubente,
667 537 699 564 et
726 530 890 565 ineffabili
910 533 1037 566 virtute
1063 532 1105 566 ad
1131 534 1236 567 vitam
1263 544 1322 567 eos
1347 535 1405 578 qui
1433 540 1544 567 morte
1570 532 1776 567 tenebantur
1793 540 1994 572 revocante,
2013 544 2074 567 va-

393 588 550 621 ticinatus
576 594 624 622 est
645 588 730 622 olim
749 588 901 623 clamans
921 590 950 622 'z
974 603 990 621 «
1011 596 1190 636 resurgent
1212 591 1359 630 mortui,
1380 597 1413 624 et
1436 589 1692 624 suscitabuntur
1711 591 1770 636 qui
1791 591 1826 623 in
1844 590 2074 624 monumentis

392 646 518 684 iacent,
544 652 577 679 et
604 645 853 680 recreabuntur
878 648 937 692 qui
962 648 997 680 in
1024 654 1115 681 terra
1141 654 1239 680 sunt:
1261 659 1341 681 nam
1368 659 1425 682 ros
1451 654 1531 682 tuus
1557 647 1752 682 medebitur
1778 647 1858 681 illis.
1887 661 1902 679 »
1927 648 2071 686 Rorem,

394 702 554 737 translate
573 703 672 741 dicit,
694 710 728 737 ut
748 703 917 741 arbitror,
937 704 1107 738 vivificam
1126 706 1363 750 operationem
1380 706 1459 744 Dei,
1479 717 1546 751 qua
1564 705 1818 739 subsistentiam
1837 716 1907 738 non
1926 705 2075 738 existen-

394 759 484 794 tibus
511 760 666 806 largitur.
695 762 850 807 Namque
877 763 991 795 omnia
1017 762 1052 795 in
1079 763 1154 807 ipso
1181 763 1388 800 consistunt,
1409 764 1495 797 sicut
1513 764 1614 797 etiam
1634 762 1676 796 ab
1694 764 1770 809 ipso
1796 762 1839 796 ad
1866 762 2076 796 nativitatem

393 817 562 862 producta
590 818 740 852 fuerunt.
769 820 865 852 Canit
893 817 1017 852 alicubi
1044 820 1146 852 etiam
1172 819 1272 853 divus
1298 820 1406 854 David
1433 820 1476 854 de
1501 821 1573 857 his,
1601 821 1659 866 qui
1687 822 1722 854 in
1748 827 1839 854 terra
1863 820 2005 857 vivunt,
2033 817 2076 852 ad

392 877 548 908 omnium
576 882 786 909 servatorem
813 877 922 909 Deum
949 876 980 909 ‘z
1011 890 1025 907 «
1053 877 1228 922 aperiente
1253 882 1286 910 te
1312 889 1472 916 manum,
1500 879 1615 911 omnia
1641 876 1879 923 implebuntur
1903 875 2074 910 bonitate:

392 939 568 967 avertente
594 939 707 967 autem
734 939 765 966 te
793 933 930 970 faciem.
953 932 1206 967 turbabuntur:
1228 934 1361 968 auferes
1387 936 1546 981 spiritum
1565 947 1704 973 eorum,
1727 942 1756 968 et
1785 933 1964 972 deficient,
1984 938 2017 967 et
2041 933 2078 966 in

393 990 572 1036 pulverem
593 1003 691 1023 suum
713 996 940 1024 revertentur.
970 991 1112 1024 Emittes
1131 992 1290 1036 spiritum
1317 998 1415 1025 tuum
1429 1018 1437 1030 ,
1463 999 1496 1026 et
1522 992 1750 1030 creabuntur.
1771 999 1804 1026 et
1822 990 2005 1026 renovabis
2027 989 2078 1024 fa-

323 1066 354 1082 -.-,,
394 1047 479 1080 ciem
507 1054 629 1080 terrae.
655 1062 670 1078 »
692 1048 789 1080 Passa
815 1048 944 1092 quippe
962 1053 1011 1080 est
1038 1047 1187 1081 humana
1215 1054 1337 1082 natura
1363 1048 1471 1082 divini
1496 1049 1613 1083 vultus
1637 1049 1851 1083 aversionem
1869 1049 1904 1081 in
1921 1044 2076 1085 Adamo,

394 1111 537 1149 propter
556 1105 879 1149 transgressionem:
900 1104 1048 1150 ideoque
1067 1116 1174 1150 paene
1194 1106 1410 1151 pessumdata
1430 1112 1480 1140 est
1498 1118 1535 1140 ac
1558 1106 1756 1152 perturbata
1775 1112 1808 1139 et
1827 1107 1861 1139 in
1881 1116 1981 1139 suum
2000 1104 2080 1150 pul-

394 1172 511 1194 xerem
536 1173 688 1197 reversa.
711 1167 812 1207 atque
839 1161 881 1195 ad
908 1168 1057 1195 mortem
1086 1168 1120 1196 et
1147 1163 1407 1208 corruptionem
1427 1163 1600 1209 depressa.
1622 1164 1806 1208 Postquam
1824 1174 1908 1196 vero
1925 1163 2019 1196 venit
2037 1161 2079 1195 ad

395 1230 458 1252 nos
484 1219 697 1263 unigenitum
718 1220 778 1252 Dei
800 1218 972 1258 Verbum,
994 1225 1027 1253 et
1051 1221 1157 1253 sancti
1177 1220 1322 1265 Spiritus
1347 1220 1529 1266 participes
1549 1220 1694 1259 fuimus,
1716 1220 1891 1253 reformati
1910 1229 2028 1252 sumus
2044 1219 2081 1252 in

394 1277 569 1321 antiquam
591 1276 842 1315 conditionem,
862 1282 893 1310 et
913 1277 1174 1322 quodammodo
1194 1289 1313 1311 rursus
1330 1279 1451 1312 creati:
1473 1279 1584 1311 vocati
1603 1278 1695 1311 enim
1715 1278 1842 1311 fuimus
1860 1279 1897 1310 in
1912 1276 2001 1310 vitae
2019 1286 2081 1309 no-

394 1335 554 1372 vitatem,
578 1335 699 1367 mortis
718 1334 875 1368 dominio
894 1334 1057 1380 expediti.
1088 1334 1124 1367 Id
1145 1335 1191 1369 ita
1210 1334 1392 1369 testabitur
1411 1337 1680 1381 sapientissimus
1704 1335 1828 1368 Paulus
1847 1335 1878 1367 ⁶:
1903 1347 1919 1365 «
1939 1332 2035 1379 quod
2054 1333 2082 1366 si

396 1392 537 1437 spiritus
563 1392 637 1425 eius
661 1392 720 1436 qui
748 1393 860 1425 lesum
886 1392 1060 1426 suscitavit
1085 1391 1218 1425 habitat
1240 1393 1274 1425 in
1301 1392 1421 1431 vobis,
1442 1394 1470 1426 is
1495 1394 1555 1438 qui
1574 1393 1747 1426 Christum
1774 1393 1884 1426 Iesum
1909 1391 2084 1425 revocavit

397 1460 415 1482 a
442 1450 607 1487 mortuis,
629 1460 776 1495 corpora
795 1460 936 1494 quoque
957 1456 1070 1483 vestra
1095 1449 1255 1483 mortalia
1278 1449 1464 1483 vivificabit
1486 1462 1548 1495 per
1566 1449 1815 1483 inhabitantem
1834 1449 1906 1482 eius
1931 1449 1966 1482 in
1984 1446 2084 1482 vobis

397 1508 575 1553 Spiritum.
603 1522 617 1539 n
639 1507 928 1553 Quandoquidem
948 1508 1052 1553 igitur
1073 1508 1195 1541 revixit
1214 1507 1388 1546 Christus,
1410 1509 1532 1541 mortis
1550 1508 1747 1542 conculcata
1766 1507 1935 1553 potentia,
1957 1505 2084 1539 factus-

398 1576 465 1610 que
491 1571 540 1598 est
566 1565 740 1599 inchoatio
766 1558 1035 1603 dormientium,
1061 1566 1120 1610 qui
1147 1564 1274 1598 deinde
1300 1565 1451 1610 vestigiis
1476 1566 1548 1599 eius
1574 1576 1716 1611 prorsus
1741 1565 1915 1602 insistent,
1939 1562 2023 1608 quid
2049 1563 2084 1595 ni

400 1635 567 1669 perquam
593 1624 759 1657 stolidum
786 1625 846 1662 sit,
867 1624 921 1657 vel
949 1634 1138 1669 parumper
1164 1623 1277 1656 adhuc.
1299 1622 1457 1657 dubitare
1484 1623 1527 1656 de
1553 1623 1812 1656 resurrectionis
1836 1620 2023 1667 mysterio?

495 1681 560 1715 Sed
577 1681 719 1715 fortasse
734 1681 843 1714 dices:
861 1682 981 1726 utique
1001 1687 1091 1714 recte
1110 1680 1278 1725 loqueris.
1295 1681 1432 1726 iamque
1451 1680 1604 1714 desinam
1619 1691 1784 1726 quaerere
1797 1678 1976 1725 quomodo
1990 1688 2086 1711 mor-

400 1739 448 1771 tui
475 1745 667 1782 resurgant.
696 1738 788 1771 Illud
808 1744 923 1771 tamen
944 1738 1135 1771 necessario
1154 1736 1433 1783 cognoscendum
1459 1744 1528 1775 est,
1550 1737 1643 1783 quali
1663 1748 1810 1782 corpore
1834 1736 1970 1770 venturi
1996 1735 2082 1768 sint:

401 1806 485 1828 num
504 1795 663 1829 videlicet
684 1802 860 1829 terrenum
878 1795 945 1828 hoc
960 1801 993 1828 et
1009 1795 1221 1840 corruptioni
1238 1794 1429 1828 obnoxium
1449 1806 1575 1840 corpus
1594 1795 1790 1832 reviviscet,
1807 1805 1848 1827 an
1868 1792 1962 1827 atiud
1980 1791 2087 1838 quod·

402 1852 500 1890 dam,
523 1864 562 1885 ex
589 1853 652 1886 hac
678 1859 793 1886 tamen
819 1851 1008 1886 substantia
1028 1852 1198 1885 existens?
1221 1853 1293 1897 Ego
1318 1864 1402 1885 vero
1429 1851 1608 1885 confestim
1629 1853 1701 1889 aio,
1723 1858 1855 1885 rectum
1875 1850 1956 1884 fidei
1980 1850 2086 1895 magi-

403 1910 543 1943 sterium
571 1910 712 1947 docere,
736 1910 810 1943 fore
829 1921 893 1943 nos
910 1910 945 1943 in
966 1909 1029 1943 bac
1047 1909 1241 1943 eademmet
1260 1921 1362 1943 carne
1381 1916 1653 1943 resurrecturos:
1675 1910 1721 1943 sic
1740 1909 1831 1942 enim
1851 1908 1974 1942 revixit
1991 1907 2084 1941 Chri-

403 1973 474 2000 stus
494 1968 743 2012 primogenitus
762 1978 780 1999 e
801 1968 964 2005 mortuis,
985 1966 1158 2000 inchoatio
1176 1966 1437 2000 dormientium.
1458 1967 1522 2000 Sed
1541 1968 1621 2012 quia
1640 1966 1816 2001 nonnullis
1834 1965 1926 1999 haud
1944 1975 2088 2010 magno-

406 2036 487 2071 pere
506 2025 540 2058 id
560 2024 686 2069 dogma
707 2025 838 2070 placet;
860 2025 986 2069 agesis,
1010 2025 1148 2058 recitata
1168 2025 1263 2070 prius
1281 2035 1369 2069 quae
1390 2025 1470 2070 ipsis
1490 2031 1580 2058 recta
1601 2024 1738 2057 videtur
1757 2023 1932 2061 doctrina,
1952 2023 2088 2056 veriora

404 2081 529 2115 deinde
549 2081 809 2125 subiungcmus.
834 2082 940 2126 (lleic
959 2093 1042 2115 iero
1062 2082 1210 2126 Cyrillus
1228 2083 1364 2115 insertis
1388 2081 1554 2115 fabulosis
1576 2082 1718 2116 illorum
1737 2080 2006 2118 narrationibus,
2027 2080 2088 2125 qui

404 2139 532 2172 animas
561 2140 786 2184 praeexistere
812 2138 1018 2184 corporibus
1045 2138 1163 2173 dicunt
1185 2139 1249 2184 (l),
1269 2140 1315 2173 ita
1341 2140 1450 2185 pergit
1477 2139 1630 2184 dicere.)
1657 2139 1787 2173 Deinde
1812 2137 1990 2184 quomodo
2015 2137 2089 2182 glo-

405 2197 512 2230 riatur
530 2197 620 2229 Deus
639 2196 682 2229 de
702 2196 851 2229 hominis
871 2196 1065 2230 creatione?
1085 2197 1141 2229 Ait
1160 2197 1251 2229 enim
1272 2195 1396 2230 alicubi
1416 2196 1518 2231 beato
1538 2196 1623 2231 lobo
1638 2198 1669 2230 ἐ
1690 2211 1705 2228 (ι
1723 2207 1805 2229 num
1825 2202 1880 2234 tu,
1901 2200 2002 2241 capto
2020 2200 2090 2227 ter-

405 2265 463 2287 rae
489 2254 590 2291 limo,
614 2253 738 2287 animal
761 2252 903 2291 finxisti,
925 2253 1029 2298 idque
1056 2253 1183 2298 loquax
1203 2260 1452 2299 superterram
1472 2254 1700 2288 eonstituisti?
1723 2268 1738 2285 n
1760 2255 1845 2287 Nam
1864 2245 1968 2298 supra
1987 2261 2090 2285 omne

406 2311 611 2345 miraculum
632 2317 666 2344 ut
688 2317 772 2356 puto
799 2317 866 2348 est,
889 2311 1057 2344 rationale
1083 2310 1209 2344 animal
1229 2322 1270 2344 ex
1289 2318 1380 2345 terra
1399 2311 1809 2352 efformare..Quomodo
1835 2310 1924 2344 facto
1950 2315 2091 2355 repente

406 2369 538 2402 homini
566 2375 599 2403 et
624 2381 664 2403 ex
692 2375 781 2402 terra
809 2375 988 2414 compacto
1015 2368 1190 2402 benedixit
1216 2375 1367 2405 creator,
1389 2370 1529 2403 crescite
1555 2369 1671 2403 dicens
1698 2375 1730 2402 et
1757 2368 2032 2413 multiplicamini
2057 2374 2091 2401 et

408 2426 539 2471 replete
559 2427 709 2460 terram'?
731 2426 833 2470 (Tum
854 2425 928 2459 aliis
947 2426 1064 2459 multis
1083 2433 1202 2459 contra
1222 2427 1416 2472 praedictos
1437 2427 1650 2461 adversarios
1670 2426 1830 2473 prolatis,
1851 2426 1988 2470 addin)
2008 2426 2093 2470 opti-

408 2495 466 2517 mo
492 2485 599 2517 utitur
624 2483 784 2529 exemplo
809 2483 909 2516 divus
934 2483 1078 2521 Paulus,
1100 2483 1221 2517 cadere
1239 2484 1381 2529 quidem
1407 2486 1441 2518 in
1468 2491 1559 2519 terra
1585 2496 1710 2531 corpus
1728 2484 1867 2521 dicens,
1887 2483 1995 2517 veluti
2015 2494 2093 2528 gra—

510 2579 543 2608 (l)
564 2576 715 2603 Amisimus
735 2576 813 2609 eulpa
835 2575 945 2602 Nicetae
965 2575 1096 2609 eclogarii
1117 2576 1255 2603 curiosam
1278 2575 1451 2603 ethnicorum
1470 2584 1517 2603 seu
1539 2581 1611 2604 certe
1632 2577 1842 2612 origenistarum
1866 2575 2089 2610 disputationem.

411 2619 463 2646 Sed
486 2621 559 2647 enim
584 2620 656 2655 quod
682 2620 786 2647 adtinet
811 2620 844 2647 ad
868 2620 1012 2655 opiniones
1040 2627 1198 2654 erroresque
1223 2620 1350 2655 Origenis
1374 2622 1444 2648 circa
1472 2629 1617 2656 corporum
1642 2621 1882 2653 resurrectionem,
1901 2620 1956 2655 legi
1978 2623 2093 2655 possunt

413 2663 564 2697 fragmenta
583 2665 716 2691 librorum
740 2664 798 2691 eius
819 2664 852 2691 de
872 2664 922 2691 hoe
947 2668 1127 2697 argumento,
1147 2668 1174 2690 et
1194 2664 1257 2690 libri
1280 2669 1372 2691 contra
1394 2666 1518 2698 Celsum,
1539 2674 1589 2692 nee
1607 2673 1663 2692 non
1681 2666 1740 2692 eius
1761 2665 1893 2700 expositio
1910 2665 1938 2691 in
1955 2664 2091 2699 psalmum

414 2708 541 2741 primum.
563 2709 630 2735 Item
650 2709 822 2744 Epiphanius
837 2709 941 2735 haeres.
956 2709 1061 2740 LXIV,
1082 2716 1116 2735 ne
1130 2708 1222 2742 plures
1244 2712 1325 2735 testes
1345 2709 1373 2735 in
1396 2709 1517 2736 medium
1539 2709 1684 2736 adducam.
1705 2710 1775 2736 Sane
1795 2717 1810 2736 a
1826 2709 1927 2745 cyrillo
1945 2708 2091 2743 Origenem

414 2751 498 2777 civem
514 2759 593 2778 suuni
613 2760 676 2786 prae
696 2753 784 2779 oculis
800 2753 939 2787 potissime
953 2752 1126 2779 obversatum
1141 2752 1191 2778 hoe
1205 2751 1266 2778 loco
1286 2752 1416 2785 arbitron
1432 2761 1550 2788 namque
1568 2753 1648 2780 illum
1663 2757 1690 2780 et
1707 2757 1820 2788 patruus
1838 2753 1897 2779 eius
1914 2752 2093 2787 decessorque

415 2794 583 2828 Theophilus
599 2796 685 2823 tribus
698 2797 874 2831 paschalibus
889 2797 1002 2830 litteris,
1023 2804 1092 2832 quae
1107 2800 1171 2823 sunt
1186 2795 1259 2831 apud
1274 2797 1448 2831 interpretem
1464 2797 1679 2833 Hieronymum,
1694 2798 1845 2824 insectatus
1857 2801 1906 2824 est.
1927 2797 1958 2823 In
1971 2797 2091 2824 secunda

411 2836 526 2872 quidem
550 2839 669 2872 paschali
689 2848 764 2867 error
784 2840 866 2867 etiam
888 2840 1053 2867 nominatim
1075 2839 1250 2875 origenianus
1270 2844 1398 2867 narratur
1417 2840 1450 2868 (le
1468 2840 1613 2868 animabus
1632 2845 1696 2868 ante
1714 2848 1826 2875 corpora
1845 2839 2032 2868 existentibus.
