2205 3177
473 231 744 289 SANCTI
782 225 1117 285 EIUSDEM
1158 224 1463 282 CYRILLI

270 366 985 416 ΑῈΘᾞΠΣΞῬΠὲΏΘῬΠ
1037 362 1674 405 ΔΕῈΣΞΔΞῘΠΒἘΠΕῙΠ

706 483 1230 531 EXPLANATIO

406 612 455 641 lx
490 607 727 639 PRIGREM
765 605 829 634 An
865 601 1190 633 CORINTHIOS
1224 598 1534 629 EPISTOLAM.

762 712 1165 727 *W*

602 807 724 830 Paulus
742 808 866 829 vocatus
882 803 1042 832 apostolus
1060 803 1130 825 lesu
1147 801 1267 824 Clu-isti
1284 802 1340 823 etc.

132 884 305 953 Nlissum
323 928 358 950 se
376 917 423 950 ait
441 915 541 949 divus
562 914 688 948 Paulus
711 924 729 947 a
756 912 911 950 Christo,
939 910 1116 944 voluntate
1141 909 1201 943 Dei
1225 908 1343 954 patris.
1372 906 1411 940 Id
1430 906 1521 940 enim
1546 904 1728 951 significari
1747 905 1811 937 exi-

131 977 232 1010 stimo
249 973 364 1008 verbis
385 987 400 1004 «
422 984 484 1018 per
502 971 715 1005 voluntatem
734 970 806 1003 Dei.
832 983 847 1000 »
871 969 957 1009 Quia
975 968 1065 1001 enim
1084 979 1146 1012 per
1167 966 1277 1000 filium
1294 972 1367 999 tum
1384 964 1544 998 voluntas
1563 969 1636 996 tum
1655 962 1810 1008 operatio

130 1033 233 1078 patris
258 1030 455 1068 conficitur,
478 1040 540 1075 per
566 1027 717 1062 eundem
742 1027 823 1060 item
850 1031 985 1059 sanctos
1012 1023 1218 1070 apostolatui
1244 1022 1431 1056 destinatos
1456 1021 1558 1054 fuisse
1584 1020 1742 1054 dicimus.

190 1132 192 1134 Ι
765 1093 805 1116 Et
822 1092 988 1115 §osthenes
1005 1091 1107 1113 frater
1123 1093 1180 1113 etc.

228 1147 329 1188 Quod
353 1145 616 1192 praedicationis
639 1145 748 1177 virtus
765 1143 945 1189 profutura
969 1142 1011 1175 sit
1035 1152 1105 1174 non
1130 1139 1314 1173 Corinthiis
1334 1138 1592 1176 tantummodo,
1620 1148 1740 1170 verum
1759 1142 1810 1169 et-

130 1208 195 1239 iam
215 1205 344 1238 cunctis
370 1205 402 1237 in
426 1203 561 1236 Christo
581 1202 709 1235 vocatis
734 1201 777 1234 ad
803 1198 1106 1233 sanctificationem
1131 1209 1193 1243 per
1221 1196 1341 1235 tidem,
1370 1195 1503 1241 liquido
1527 1195 1739 1229 demonstrat
1761 1193 1811 1227 di-

129 1274 225 1296 ceus:
251 1276 265 1292 «
289 1260 504 1295 sanctificatis
532 1260 565 1292 in
593 1259 744 1296 Christo,
775 1259 808 1291 in
834 1257 929 1290 omni
956 1257 1026 1289 sive
1053 1256 1209 1300 ipsorum
1233 1255 1302 1291 sive
1328 1260 1447 1287 nostro
1473 1253 1562 1287 loco.
1590 1266 1604 1283 »
1625 1253 1692 1285 Lex
1718 1252 1809 1285 enim

130 1319 222 1353 haud
242 1320 275 1352 in
297 1319 390 1352 omni
414 1317 491 1351 loco
516 1315 657 1350 iubebat
680 1315 714 1348 id
736 1314 828 1351 fieri,
850 1313 910 1347 sed
937 1313 979 1346 ad
1001 1324 1135 1346 sacrum
1161 1312 1274 1357 ipsum
1301 1310 1469 1359 proticisci
1487 1308 1809 1354 Hierosolymorum

131 1377 309 1422 templum.
337 1374 508 1409 Metuebat
531 1374 640 1411 enim,
664 1379 702 1405 ut
726 1370 892 1405 credibile
918 1375 987 1408 est,
1010 1370 1133 1402 mentis
1160 1380 1283 1403 eorum
1307 1367 1578 1405 volubilitatem;
1601 1379 1643 1400 ne
1667 1366 1694 1399 si
1721 1365 1810 1399 forte

128 1434 250 1478 quovis
269 1434 303 1465 in
323 1431 400 1464 loco
417 1431 562 1464 adorare
579 1429 659 1463 iussi
679 1428 840 1466 fuissent,
856 1438 992 1460 causam
1010 1438 1090 1459 suae
1111 1425 1319 1459 transitionis
1336 1424 1379 1458 ad
1396 1431 1531 1470 turpem
1550 1424 1681 1457 cultum
1699 1422 1809 1468 legem

126 1489 313 1527 haberent,
342 1494 444 1533 atque
472 1487 566 1520 idola
597 1486 800 1523 adorarent,
829 1484 956 1529 templa
984 1482 1048 1517 sihi
1076 1490 1109 1516 et
1136 1494 1212 1517 aras
1242 1488 1492 1516 construentes.
1524 1482 1609 1522 Quia
1636 1492 1719 1515 vero
1747 1491 1809 1514 nos

124 1546 251 1580 ethnici
267 1546 378 1579 vocati
404 1544 529 1578 deinde
546 1543 674 1577 fuimus
691 1553 754 1588 per
771 1541 876 1575 fidem
902 1542 937 1574 in
963 1541 1133 1574 Christum
1153 1540 1196 1573 ad
1213 1541 1275 1574 Dei
1301 1540 1482 1577 familiam,
1512 1545 1545 1572 ct
1569 1538 1726 1572 libertate
1746 1549 1809 1583 per

125 1609 280 1637 sanctum
305 1602 469 1648 Spiritum
493 1600 592 1646 potiti
619 1611 754 1637 sumus,
784 1598 929 1632 adorare
953 1598 1034 1631 iussi
1052 1609 1171 1631 sumus
1192 1597 1285 1631 haud
1311 1597 1563 1641 Hierosolymis
1589 1596 1719 1634 cuncti,
1749 1594 1809 1629 sed

127 1662 160 1694 in
186 1660 280 1694 omni
308 1660 397 1693 loco.
427 1659 540 1703 Atque
565 1658 632 1691 hoo
657 1657 822 1690 nimirum
841 1655 1032 1702 prophetae
1052 1655 1229 1689 edixerant
1248 1655 1276 1688 ἐ
1298 1662 1331 1689 et
1349 1654 1606 1689 venerabuntur
1624 1654 1809 1688 Dominum

125 1717 250 1763 singuli
269 1717 312 1750 de
337 1717 415 1750 loco
441 1727 516 1750 suo.
542 1730 558 1747 »
586 1714 708 1749 Scribit
735 1720 849 1748 autem
875 1713 1033 1747 Sostheni
1053 1713 1155 1747 simul
1183 1719 1216 1747 et
1242 1713 1403 1747 ecelesiae
1423 1714 1503 1751 Dei,
1525 1724 1628 1758 quain
1647 1713 1718 1757 ipse
1745 1710 1809 1744 sibi

125 1775 277 1809 Christus
303 1774 526 1820 comparavit.
556 1773 638 1813 Quis
666 1778 779 1806 autem
807 1771 895 1805 hanc
921 1771 1098 1805 ecclesiam
1124 1771 1280 1805 viderat?
1307 1771 1426 1804 Cuncti
1450 1770 1577 1804 scilicet
1603 1770 1661 1814 qui
1688 1769 1809 1801 sancti-

127 1833 216 1866 ficati
235 1838 331 1865 erant
350 1838 383 1865 et
401 1832 513 1865 vocati
539 1842 602 1876 per
627 1830 800 1863 Christum
825 1828 868 1862 ad
888 1827 1183 1867 iustificationem‚
1207 1829 1334 1874 quique
1354 1827 1561 1862 invocabant
1586 1838 1712 1860 nomen
1738 1826 1809 1859 eius

127 1890 161 1923 in
179 1889 273 1922 omni
292 1888 369 1921 loco
390 1888 545 1933 ipsorum
564 1893 597 1920 et
616 1892 753 1925 nostro,
776 1886 809 1919 id
829 1891 878 1920 est
899 1887 969 1919 sive
987 1887 1023 1919 in
1045 1885 1251 1919 ludaeorum
1271 1886 1427 1931 regione,
1448 1885 1519 1918 sive
1538 1885 1572 1917 in
1591 1883 1807 1917 etlniicorum

126 1946 319 1980 civitatibus
342 1958 380 1979 ac
400 1946 599 1991 provinciis.
628 1946 737 1978 Deum
759 1949 873 1977 autem
892 1950 1012 1977 natura
1038 1945 1179 1989 propria
1200 1943 1373 1990 praedicat
1395 1943 1567 1976 Christum
1587 1942 1652 1987 (l),
1674 1948 1704 1975 ct
1732 1952 1809 1974 cum

126 2006 201 2050 ipso
227 2016 265 2038 ae
292 2015 352 2049 per
376 2004 487 2048 ipsum
508 2004 579 2036 Deo
605 2003 692 2047 patri
717 2001 864 2047 gloriam
889 2001 1066 2035 conciliat:
1089 2002 1148 2035 Dei
1173 2002 1265 2035 enim
1291 2001 1467 2035 ecclesiam
1489 1999 1639 2046 appellat
1660 1998 1807 2032 sanctiti-

125 2069 230 2096 catos.
252 2063 380 2095 Rursus
403 2067 517 2094 autem
540 2061 674 2094 Christo
693 2059 772 2093 illos
793 2058 955 2093 adscribit
975 2059 1107 2094 dicens:
1130 2060 1156 2093 si
1174 2060 1251 2105 quis
1269 2060 1427 2105 spiritum
1450 2058 1573 2095 Christi
1592 2069 1662 2091 non
1682 2055 1783 2090 habet
1796 2083 1803 2095 ,

126 2120 181 2154 hic
205 2132 275 2153 non
302 2125 351 2153 est
377 2119 496 2164 ipsius.

404 2184 519 2207 Gratia
536 2184 620 2207 vobis
635 2186 667 2207 et
684 2190 745 2212 pax
761 2191 781 2207 a
797 2183 862 2207 Deo
878 2188 970 2211 pan-e
986 2185 1092 2207 nostro
1107 2185 1139 2206 et
1155 2183 1279 2206 domino
1297 2182 1368 2205 lesu
1385 2182 1522 2205 Clu-isto.

222 2234 333 2267 Gratia
359 2240 502 2267 coronat
529 2233 726 2272 credentes,
754 2245 842 2279 quae
868 2239 919 2267 est
937 2244 955 2267 a
980 2233 1052 2267 Deo
1079 2239 1175 2279 patre
1202 2238 1235 2266 et
1260 2243 1279 2266 a
1304 2232 1447 2266 domino
1466 2233 1540 2265 Iesu
1567 2230 1712 2265 Christo.
1742 2230 1804 2263 Per

127 2293 239 2336 ipsum
266 2292 357 2323 enim
384 2298 417 2324 et
442 2292 476 2324 in
503 2292 579 2337 ipso
607 2292 721 2325 omnia
749 2291 875 2325 dantur
902 2302 921 2324 a
946 2291 1019 2324 Deo
1047 2297 1162 2336 patre:
1190 2291 1331 2336 ipseque
1358 2300 1425 2323 una
1457 2300 1535 2323 cum
1563 2289 1716 2334 genitore
1743 2298 1806 2320 suo

126 2347 271 2381 collator
296 2354 345 2381 est
364 2354 397 2381 ct
417 2350 687 2383 communicator
708 2359 937 2394 supernorum
955 2347 1148 2387 bonorum,
1168 2354 1441 2392 cunctorumque
1462 2346 1656 2380 caelestium
1678 2345 1806 2378 charis-

126 2411 257 2438 matum
275 2404 498 2439 distributor:
520 2406 592 2451 ipse
619 2418 738 2451 pacem
759 2407 888 2440 eunctis
908 2405 1084 2445 conciliat.
1107 2406 1215 2451 gratia
1243 2416 1301 2438 sua
1321 2404 1519 2438 illuminans
1544 2402 1752 2448 principatus
1771 2407 1804 2435 et

125 2462 268 2495 thronos
286 2468 318 2495 et
338 2468 539 2507 potestates,
569 2470 686 2508 atque,
714 2470 752 2497 ut
774 2475 843 2498 uno
870 2462 978 2497 verbo
1002 2463 1133 2502 dicam,
1162 2462 1366 2496 rationalem
1384 2459 1574 2506 quamlibet
1596 2465 1798 2492 creaturam.

434 2527 539 2550 Estote
555 2530 659 2552 autem
675 2530 883 2559 coagmentati
900 2530 1007 2553 eadem
1024 2530 1126 2552 mente
1141 2529 1309 2555 eademque
1325 2527 1491 2550 sententia.

219 2577 319 2617 Quod
338 2578 474 2611 Domini
499 2578 637 2612 nomine
655 2579 795 2623 gloriari
812 2585 990 2625 oporteat,
1011 2579 1201 2613 necessario
1225 2579 1463 2623 sapienterque
1486 2574 1601 2608 docuit
1621 2574 1693 2620 ipse
1711 2574 1800 2607 Deus

124 2647 185 2681 per
210 2647 318 2668 unum
345 2634 388 2667 de
416 2636 539 2668 sanctis
564 2635 743 2680 prophetis
767 2635 883 2670 dicens
909 2635 940 2669 ἐ
964 2649 980 2667 «
1001 2636 1107 2669 servis
1129 2641 1242 2669 autem
1270 2634 1354 2667 meis
1378 2631 1557 2666 vocabitur
1582 2642 1710 2665 novum
1736 2642 1800 2664 no-

123 2705 222 2731 men,
246 2692 341 2738 quod
367 2694 402 2726 in
430 2693 504 2726 unii
515 2703 588 2726 ersa
616 2698 707 2726 terra
728 2692 963 2727 benedicetur.
989 2707 1004 2725 »
1025 2692 1207 2727 Christiani
1231 2691 1322 2725 enim
1347 2690 1582 2728 nominamur,
1604 2694 1637 2722 et
1663 2688 1801 2722 nomine

219 2778 255 2807 (ι)
274 2775 373 2803 Recole
389 2783 459 2810 quae
478 2775 669 2803 adnotavimus
688 2783 715 2810 p.
732 2778 758 2802 3.
775 2775 810 2803 de
826 2775 918 2803 studio
936 2776 1031 2812 Cyrilli
1050 2779 1179 2811 perpetuo
1196 2772 1340 2802 adserendi
1361 2780 1451 2800 veram
1470 2772 1678 2808 naturalemque
1695 2771 1797 2800 Christi

125 2820 184 2847 Iesu
202 2820 312 2847 domini
332 2820 418 2848 nostri
440 2820 577 2847 deitatem.
1043 2825 1046 2828 ’

1669 2880 1683 2896 ἔ)

1849 800 1903 820 (Ἂν.
1921 799 1936 819 Ι.
1956 801 1971 818 ι,

1849 918 1886 939 Gr.
1900 923 1923 944 p.
1939 920 1964 937 με

1851 1669 1856 1676 ’
1871 1664 1941 1692 Soph.
1959 1664 1985 1685 11.
2002 1668 2033 1685 Π.

1847 1890 1884 1911 Gr.
1898 1896 1921 1917 p.
1938 1893 1969 1911 ἰλ

1841 2531 1861 2546 ν,
1878 2527 1902 2546 10

1839 2649 1845 2654 ¹
1863 2644 1890 2666 Is.
1907 2643 1972 2664 LXV.
1991 2648 2019 2666 12.
