2205 3177
723 180 755 202 m
783 178 935 201 PSALMUM
962 179 1024 200 xii.
1052 178 1091 200 ET
1117 179 1192 200 x111.
1732 166 1794 198 121

626 246 767 269 “anunm
783 246 930 272 nomino,
946 246 1000 272 qui
1018 246 1094 268 bene
1111 246 1190 268 mihi
1210 246 1295 268 fecit.

218 302 290 335 1100
316 312 471 346 quoque,
501 307 537 334 nt
564 300 655 334 aliud
683 299 907 345 praecedenS,
937 299 1123 332 tenendum
1150 305 1219 337 est;
1247 309 1370 343 nempe
1396 295 1601 343 prophetam
1626 309 1696 331 non
1722 297 1800 342 quia

124 370 214 393 nunc
240 360 364 392 nesciat
391 365 546 392 cantare.
568 358 620 392 liis
646 357 759 391 ’κε-11115
785 357 854 394 uti,
876 356 935 388 sed
961 357 1040 400 quia
1060 357 1243 401 perfectius
1259 355 1296 389 in
1318 362 1491 401 posterum
1519 361 1713 388 cantaturus
1739 355 1798 392 sit,

125 429 205 450 cum
231 417 336 461 magis
363 406 545 462 profecerit
572 421 895 458 eonsunnnatusqtie
915 413 1028 446 fuerit.
1057 414 1199 446 Cuinain
1221 425 1304 446 vero
1323 412 1496 446 cantabit?
1516 411 1726 446 benefactori
1753 413 1802 446 ni-

129 475 253 508 mirum
280 486 360 512 suo,
383 475 440 519 qui
468 474 593 507 creavit
619 480 649 506 et
678 472 891 505 restauravit.

667 538 809 561 Psallam
825 538 945 559 nomini
964 537 1089 559 Domini
1108 536 1265 558 altissimi.
1558 562 1562 565 ,

222 591 345 625 Beatus
370 591 427 636 qui
456 590 568 635 psallit
594 590 714 635 spiritu
738 595 771 621 et
790 594 923 624 mente,
946 588 972 621 si
999 587 1106 620 modo
1132 587 1213 620 sciat
1239 587 1290 619 cui
1319 586 1458 631 psallat,
1479 586 1642 631 quodque
1667 587 1727 619 scit
1755 585 1804 623 fa,-

128 650 191 682 ctis
211 649 373 694 praestet!
394 649 458 689 Qui
478 648 543 682 hoc
560 647 666 680 inodo
687 646 816 692 psallit,
837 645 969 679 caelum
989 651 1163 690 penetrat,
1185 643 1294 677 nubes
1313 644 1538 681 ti··‹inscendit;
1558 650 1590 677 et
1611 644 1804 681 Altissimo.

128 707 225 740 cuius
251 707 382 740 nomini
409 706 575 743 concinit,
598 704 691 737 nulla
720 716 755 737 re
782 703 1009 749 impediente,
1033 702 1153 736 adstat.

785 799 1013 837 PSALMUS
1044 800 1148 837 XIII.

592 886 683 908 Dixit
699 886 850 912 insipiens
866 886 900 907 in
917 885 1008 907 conte
1025 891 1093 907 suo:
1111 891 1172 906 non
1190 886 1234 906 es!
1253 883 1345 906 Deus.

225 936 368 970 Culmen
393 937 504 970 omnis
530 937 701 981 nequitiae
726 936 793 969 hoc
818 941 879 969 est.
909 936 1063 980 Namque
1087 934 1221 980 opinari
1242 935 1350 967 Deum
1376 945 1444 967 non
1471 944 1560 970 esse,
1582 931 1642 966 sed
1667 931 1810 965 fortuito

131 999 251 1027 cuncta
277 1005 348 1027 esse
374 993 483 1033 facta,
512 995 706 1039 proterviae
733 994 866 1031 omnis,
895 992 1214 1037 illicitique‘opcris
1243 992 1378 1024 initium
1409 996 1470 1024 est.
1500 991 1591 1035 Ergo
1616 989 1671 1023 hic
1697 1000 1811 1022 sermo

131 1050 297 1089 ostendit,
319 1052 354 1084 in
373 1058 502 1085 tantam
521 1053 653 1085 x‘enisse
674 1051 830 1084 homines
848 1051 1076 1095 impietatem,
1099 1056 1135 1082 ut
1153 1049 1204 1082 liis
1222 1060 1309 1094 quae
1329 1049 1475 1082 existunt
1497 1046 1599 1081 rebus
1624 1059 1693 1081 non
1713 1058 1813 1092 prae-

132 1120 204 1142 esse
222 1109 349 1147 Deum,
370 1108 430 1142 sed
456 1110 655 1142 universum
674 1108 843 1142 mundum
862 1108 1053 1141 existiment
1077 1107 1252 1141 fortuitam
1277 1118 1338 1152 per
1365 1118 1399 1139 sc
1425 1107 1537 1151 ipsum
1557 1106 1716 1138 sortitum
1741 1116 1813 1139 esse

133 1171 303 1199 naturam.
332 1167 403 1210 Age
428 1177 512 1199 xero
537 1165 621 1210 quid
647 1164 838 1210 significant
863 1163 969 1198 verba
998 1178 1013 1195 «
1041 1164 1124 1197 dixit
1154 1165 1186 1196 in
1213 1163 1340 1197 eorde?
1369 1178 1383 1193 »
1413 1162 1701 1208 Quandoquidem
1728 1161 1814 1196 alius

133 1229 182 1256 est
202 1234 316 1256 sermo
335 1223 508 1268 prolatus,
530 1224 614 1257 alius
633 1224 722 1256 intra
742 1224 931 1268 reposituS‚
954 1234 1023 1255 non
1043 1222 1086 1255 de
1106 1221 1242 1267 prolato
1268 1232 1426 1255 sermone
1445 1233 1535 1254 nunc
1560 1221 1713 1266 loquitur
1733 1231 1816 1265 pro-

135 1280 254 1326 pheta.
270 1280 328 1314 sed
349 1280 391 1314 de
412 1282 514 1314 ammi
534 1281 696 1314 interiore
716 1281 894 1314 sententia.
918 1281 1004 1313 Dixit
1026 1281 1116 1313 enim
1136 1280 1170 1312 in
1190 1279 1294 1313 corde
1309 1291 1388 1314 suo.
1408 1279 1442 1311 id
1461 1285 1509 1312 est
1530 1279 1689 1323 cogitavit
1706 1279 1815 1311 Deum

136 1349 204 1371 non
224 1349 308 1371 esse.
330 1339 461 1384 Nempe
479 1339 591 1371 omnis
608 1339 666 1382 qui
687 1338 799 1383 palam
819 1344 851 1370 et
871 1348 948 1370 cum
966 1336 1148 1370 manifesto
1167 1343 1366 1382 contemptu
1388 1342 1520 1382 peccat,
1543 1337 1604 1369 etsi
1623 1347 1691 1369 non
1711 1346 1813 1374 voce,

135 1394 299 1440 operibus
325 1401 437 1428 tamen
464 1396 544 1440 ipsis
570 1402 603 1428 et
628 1396 717 1428 xitae
743 1395 965 1440 perxersitate
992 1405 1100 1439 paene
1126 1393 1270 1427 clamat:
1293 1405 1361 1427 non
1383 1400 1432 1427 est
1450 1395 1552 1427 Deus.
1581 1395 1667 1427 Nam
1693 1394 1751 1438 qui
1770 1393 1815 1426 ita

134 1452 250 1485 xii-ere
276 1452 387 1485 solent
406 1453 502 1498 quasi
520 1453 610 1485 Deus
628 1464 697 1485 non
716 1453 925 1490 intueretur,
945 1452 1074 1496 quique
1101 1452 1214 1484 omnia
1234 1451 1306 1484 sine
1325 1451 1399 1484 ullo
1417 1457 1573 1497 respectu
1592 1457 1714 1496 agunt,
1735 1461 1818 1496 ope-

137 1508 232 1543 ribus
258 1510 339 1555 ipsis
364 1516 397 1543 et
422 1509 517 1543 sactis
542 1511 652 1543 Deum
678 1516 816 1555 negant.

321 1573 433 1597 omnes
448 1575 702 1602 declinaverunt,
719 1574 813 1597 simul
830 1574 962 1597 inutiles
978 1574 1055 1597 faeti
1073 1577 1161 1602 sunt,
1179 1581 1240 1597 non
1257 1577 1302 1596 est
1319 1575 1374 1601 qui
1392 1575 1490 1597 faeiat
1507 1575 1630 1597 bonum.

231 1624 322 1657 Haec
348 1623 391 1656 de
416 1624 560 1658 ethnicis
585 1636 724 1670 quoque
749 1624 919 1669 intelligas
946 1623 1036 1658 licet.
1065 1625 1151 1658 Nam
1178 1636 1259 1658 caro
1285 1631 1440 1662 terrena,
1463 1625 1591 1670 peccati
1619 1624 1732 1670 legem
1757 1636 1819 1658 ceu

137 1679 301 1715 morbum
327 1693 443 1716 secum
469 1683 575 1727 gerit:
597 1694 763 1727 mensque
789 1682 939 1715 hominis
965 1681 1066 1715 xalde
1092 1693 1202 1728 prona
1221 1688 1271 1715 est
1297 1682 1340 1715 ad
1359 1681 1603 1716 declinandum
1630 1683 1664 1715 in
1690 1681 1821 1716 malum

136 1739 205 1772 iam
230 1739 310 1773 inde
337 1738 380 1773 ab
405 1739 633 1773 adolescentia
651 1751 728 1778 sua,
751 1741 799 1773 uti
821 1741 986 1785 scriptum
1005 1745 1052 1773 est
1073 1739 1098 1772 '.
1123 1740 1245 1773 Merito
1266 1751 1349 1784 ergo
1366 1751 1460 1773 sacer
1482 1739 1526 1773 de
1547 1738 1646 1773 nobis
1668 1751 1820 1785 conque.-

137 1796 224 1830 ritur
246 1808 378 1830 sermo:
400 1809 520 1831 omnes
540 1798 651 1835 enini,
671 1799 799 1843 inquit,
821 1797 1094 1831 declinaverunt.
1115 1799 1198 1831 Nam
1219 1809 1327 1843 quum
1346 1804 1437 1831 recta
1457 1798 1510 1831 xia
1529 1797 1693 1843 progredi
1715 1808 1821 1843 opor·

137 1859 245 1892 teret,
274 1860 376 1899 atque
402 1866 419 1888 a
447 1861 681 1889 creaturarum
709 1855 966 1900 pulchritudine.
993 1861 1027 1888 et
1052 1854 1174 1888 ordine
1201 1861 1391 1889 creatorem
1420 1861 1668 1900 consequenter
1694 1866 1823 1900 cogno-

137 1923 251 1949 scere,
276 1919 307 1945 et
335 1924 353 1946 a
381 1914 591 1958 propheticis
610 1913 753 1947 vocibus
780 1913 823 1947 ad
848 1914 1028 1947 x‘eritutem
1047 1913 1207 1959 perduci.
1231 1920 1347 1947 contra
1376 1914 1516 1949 accidit:
1539 1920 1571 1947 et
1598 1915 1631 1947 in
1651 1920 1824 1947 sexcentas

137 1971 267 2003 erroris
285 1977 317 2004 et
337 1971 539 2016 perditionis
556 1972 626 2005 iias
645 1971 878 2010 declinarunt,
901 1983 938 2005 ac
966 1972 1141 2017 flagitiosis
1168 1971 1300 2005 actibus
1322 1972 1460 2005 inutiles
1481 1978 1682 2007 evaserunt.
1704 1983 1824 2006 nemo-

138 2038 206 2072 que
226 2027 299 2061 siam
325 2027 425 2061 bonis
451 2027 607 2062 moribus
633 2030 751 2062 utitur.

373 2093 559 2121 Sepulcrum
576 2096 687 2121 pateus
703 2097 749 2117 est
766 2096 879 2124 guttur
897 2095 1027 2117 illorum
1043 2097 1100 2118 etc.
1117 2102 1197 2125 usquc
1214 2095 1248 2119 (ul
1265 2098 1339 2119 ante
1356 2096 1459 2119 oculos
1476 2102 1594 2118 eorum.

235 2144 425 2181 Diodorus,
446 2144 587 2189 quidem
611 2145 832 2182 Theodorus,
853 2144 1020 2189 Cj‘rillus,
1050 2151 1082 2178 et
1109 2146 1293 2190 Didymus.
1323 2157 1340 2179 a
1366 2145 1481 2179 verbis
1503 2160 1517 2177 «
1541 2146 1737 2192 sepulcrum
1763 2157 1824 2191 pa—

141 2207 216 2234 tens
239 2216 253 2233 »
276 2213 383 2247 nsque
409 2202 451 2236 ad
475 2216 489 2233 «
513 2203 546 2235 in
574 2202 636 2236 x‘iis
661 2213 783 2236 eorum
806 2217 821 2234 »
844 2209 975 2236 textum
995 2203 1131 2247 legunt;
1153 2210 1391 2237 verumtamen
1418 2205 1451 2238 in
1477 2204 1633 2251 hexaplis
1652 2204 1734 2237 haee
1753 2215 1823 2237 non

142 2257 313 2292 habentur
337 2259 397 2304 (1).

240 2353 276 2382 (1)
295 2350 425 2377 Scholion
444 2350 517 2386 quod
534 2351 562 2378 in
576 2352 680 2385 graecis
700 2360 725 2387 p.
748 2356 805 2379 191.
828 2353 984 2387 posuimus,
1006 2361 1095 2380 revera
1114 2354 1151 2380 ita
1169 2362 1197 2380 se
1215 2354 1297 2380 babet
1314 2355 1343 2381 in
1361 2354 1454 2381 codice
1472 2356 1513 2386 K,
1533 2355 1632 2381 iteruin
1650 2361 1664 2379 a
1682 2353 1761 2381 nobis
1780 2354 1823 2380 in-

136 2399 249 2430 spectm
270 2403 368 2430 nempe
390 2397 520 2423 recitatur
540 2396 575 2423 ibi
597 2398 626 2424 in
643 2398 765 2433 margine
784 2401 918 2433 (namque
938 2406 952 2424 a
973 2402 1048 2425 textu
1067 2398 1160 2430 abest)
1180 2399 1256 2426 locus
1277 2399 1396 2427 biblicus
1417 2408 1494 2434 ταςος
1514 2401 1667 2433 ammae-225
1685 2406 1771 2433 usque
1790 2397 1824 2426 ad

143 2440 222 2467 verba
241 2441 264 2466 ἐν
281 2443 338 2471 ταῖς
355 2442 424 2471 ὁδοῖς
442 2442 538 2471 αὐτῶν,
557 2442 604 2476 qui
625 2446 716 2469 tamen
736 2450 823 2477 usque
842 2442 876 2469 ad
895 2446 938 2468 nv
956 2443 1094 2479 ὀφθαλμῶν
1115 2443 1223 2471 extendi
1242 2443 1396 2477 debuissem
1417 2449 1528 2472 eatenus
1547 2445 1620 2471 enini
1639 2443 1824 2478 fragmentum

143 2484 195 2511 hoe
215 2485 244 2511 in
264 2493 339 2512 saera
360 2485 453 2512 critica
472 2485 663 2521 ihinigeratum
683 2487 822 2521 pertingit.
845 2488 902 2514 lain
921 2495 983 2514 vero
1002 2487 1037 2514 in'
1051 2488 1155 2515 catenis
1172 2488 1318 2521 vaticanis,
1334 2488 1434 2523 quibus
1452 2496 1501 2515 nos
1517 2488 1561 2514 usi
1579 2495 1689 2519 sumus,
1704 2486 1781 2514 abest
1799 2486 1826 2513 id

143 2528 330 2564 fragmentum
347 2538 361 2556 a
383 2530 522 2557 codicibus
541 2533 573 2557 A.
594 2532 624 2557 B.
646 2532 676 2557 E.
693 2532 723 2557 F.
741 2533 761 2557 1.
782 2532 814 2558 L.
835 2533 950 2567 Legitur
969 2537 1061 2559 autem
1080 2533 1109 2559 in
1128 2532 1220 2559 codice
1241 2534 1270 2559 C.
1292 2541 1318 2568 p.
1340 2536 1382 2559 24.
1404 2533 1463 2559 sine
1482 2532 1688 2559 commentario.
1710 2533 1777 2558 Item
1796 2531 1824 2558 in

145 2573 239 2601 codice
257 2575 290 2600 D.
308 2583 333 2609 p.
351 2578 393 2601 58.
414 2575 443 2601 in
462 2575 585 2609 margine
606 2575 657 2602 sub
676 2576 826 2609 asteriscis,
846 2581 873 2604 et
889 2586 953 2604 cum
975 2577 1093 2605 scholio:
1116 2580 1229 2613 ούὸαμιυ·
1250 2582 1344 2604 κεῖ-,ται
1367 2580 1405 2609 (οἱ
1429 2579 1515 2613 wizzi
1536 2576 1618 2604 οὗτοι]
1643 2578 1685 2602 τῶν
1707 2577 1825 2612 ψαλμῶ·

144 2620 221 2646 πόθεν
242 2622 265 2646 δέ
287 2621 300 2646 0'
319 2621 465 2651 ἀπόστολος
483 2620 585 2655 εἴληφεν
603 2622 711 2652 αὐτούς,
729 2622 860 2657 {mm-507.
881 2623 1007 2658 Denique
1024 2624 1053 2650 in
1074 2623 1167 2649 codice
1184 2624 1222 2651 M.
1239 2631 1264 2657 p.
1281 2626 1324 2650 21.
1339 2623 1365 2649 b.
1387 2626 1486 2658 (quem
1508 2622 1629 2650 codicem
1646 2623 1733 2650 serius
1749 2631 1763 2650 a
1783 2631 1825 2649 nie

146 2665 287 2692 inventum
308 2665 364 2692 dixi
383 2674 410 2701 p.
426 2674 466 2700 gr.
481 2669 559 2698 450.)
579 2667 615 2693 ita
635 2666 736 2701 legitur
754 2671 785 2693 ut
802 2667 830 2693 in
849 2667 942 2694 codiee
960 2669 1001 2699 R,
1023 2676 1120 2703 nempe
1142 2671 1262 2703 Διοέωςις
1283 2672 1333 2694 etc.
1355 2672 1386 2694 ut
1405 2669 1458 2694 iani
1477 2668 1573 2702 scripsi
1592 2668 1620 2694 111
1639 2668 1757 2703 graecis,
1778 2667 1825 2694 sed

146 2713 239 2736 tamen
259 2714 330 2737 reete
352 2715 378 2737 et
397 2710 477 2745 plene
498 2718 584 2746 iisque
603 2711 637 2738 ad
660 2714 703 2736 τῷν
726 2711 861 2747 &Sam-m
884 2713 970 2739 αὐτῶν,
992 2713 1067 2739 Nihil
1090 2712 1151 2739 dico
1171 2712 1204 2739 de
1224 2711 1364 2739 codicibus
1382 2712 1415 2739 G.
1438 2716 1464 2738 et
1484 2713 1518 2738 H.
1539 2712 1586 2747 qui
1606 2716 1671 2738 sunt
1691 2711 1823 2746 acephali.

148 2754 205 2780 lam
224 2761 286 2781 vero
307 2754 410 2782 scholia
430 2754 485 2782 duo
504 2763 574 2790 quae
591 2764 621 2783 ex
641 2755 720 2783 codd.
742 2757 775 2783 D.
797 2758 832 2783 li.
853 2761 879 2784 et
897 2758 934 2784 M.
956 2766 1006 2785 nos
1026 2758 1183 2790 citavimus,
1204 2757 1271 2783 vidit
1289 2756 1393 2783 iamdiu
1415 2757 1442 2782 in
1463 2764 1526 2783 mss.
1544 2756 1625 2783 etiam
1645 2756 1771 2783 Nobilius
1791 2756 1824 2782 ad

147 2798 275 2826 sixtinam
290 2799 405 2826 latinam
418 2808 449 2827 ex
469 2809 579 2835 graeca,
597 2809 622 2835 p.
639 2805 698 2828 753.
716 2801 876 2829 Conferatur
889 2803 971 2830 etiam
986 2802 1209 2830 Montsaueonius
1228 2802 1256 2829 in
1276 2801 1412 2836 hexaplis,
1427 2806 1453 2828 et
1472 2809 1589 2836 magnus
1609 2801 1752 2837 praecipue
1767 2810 1824 2827 ina-

147 2843 231 2877 gistei·
249 2843 314 2870 olim
331 2852 407 2871 meus
425 2844 581 2873 Bernardus
597 2846 709 2873 Rubeus
729 2846 757 2873 in
775 2846 855 2873 variis
875 2846 1039 2874 lectionibus
1053 2848 1085 2873 T.
1101 2847 1132 2873 V.
1143 2867 1149 2878 ,
1163 2846 1210 2881 qui
1226 2854 1280 2873 non
1300 2846 1350 2872 levi
1368 2844 1522 2873 eruditIOne
1535 2845 1605 2873 hane
1622 2853 1679 2873 rem
1697 2845 1825 2873 illustrat.

1678 2902 1710 2925 16

1838 253 1859 267 Υ,
1875 251 1885 267 fi

1844 546 1863 560 1,
1879 541 1898 557 fi.

1855 1410 1892 1431 Gr.
1908 1415 1929 1436 ρ.
1948 1413 1991 1431 191,

1859 1752 1867 1761 ’
1881 1750 2054 1772 Gcn.Vltt.:1.
