2205 3177
579 160 611 182 ix
637 161 789 182 rsammn
816 160 894 182 Lvn..
925 159 1017 182 Lvul.
1048 160 1115 182 rix.
1146 161 1200 183 Lx.
1230 161 1268 183 ΕΤ
1296 161 1362 183 Lxx.
1741 153 1809 186 :229

134 223 213 259 ilem
239 224 323 257 olim
349 235 488 269 quoque
507 223 726 262 audiebatur,
751 230 986 257 xcrumtamen
1008 225 1039 256 in
1063 224 1184 259 Iudaea
1211 225 1468 259 tantummodo:
1491 225 1551 259 sed
1577 227 1667 259 enim
1695 226 1810 260 divina

134 282 354 326 caelestisque
375 281 582 327 praedicatio
602 283 800 315 universum
819 280 941 314 orbem
961 282 1140 315 circumiit.
1170 284 1218 317 Ita
1244 284 1371 329 quippe
1391 284 1519 316 dictum
1539 289 1589 316 est
1609 283 1651 317 (le
1673 290 1811 329 aposto—

136 340 176 373 tis
197 340 224 372 ':
247 340 282 372 in
305 350 444 373 omnem
464 345 590 373 terram
609 340 711 373 exivit
730 351 833 373 sonus
853 350 991 376 eorum,
1013 346 1046 372 et
1066 339 1208 384 reliqua.
1236 360 1258 365 —
1282 342 1373 374 Haec
1392 341 1543 374 humano
1563 352 1658 374 more
1677 347 1808 386 patrem

133 409 233 430 suum
259 408 297 430 ac
324 397 505 431 dominum
531 398 716 435 virtutum,
739 398 917 441 Deumque
943 396 1100 430 Israhelis
1125 403 1200 430 orat
1227 404 1257 431 et
1285 399 1444 443 consequi
1472 398 1545 432 vult
1571 398 1735 432 Christus.

790 493 1020 531 PSALMUS
1052 494 1151 531 LIX.

764 579 892 601 Salvum
909 579 959 601 fac
974 578 1100 601 denen-ii
1121 578 1186 601 tufi.

230 629 412 662 Dexteram
438 639 508 661 esse
536 628 640 672 patris
665 627 808 661 dicimus
835 627 963 662 filium.
986 639 1047 673 per
1072 639 1176 672 quem
1202 628 1317 661 omnia
1343 627 1428 661 facta
1455 628 1605 661 fuerunt.

342 692 380 715 In
398 692 462 715 Deo
480 693 631 715 faciemus
648 693 813 720 virtutem,
829 695 859 715 et
877 693 942 720 ipse
958 694 998 716 ad
1015 693 1152 715 nihilum
1170 693 1290 722 rediget
1307 693 1361 719 qui
1380 700 1433 715 nos
1450 693 1609 722 affligunt.

232 743 279 776 Ita
307 742 428 776 Paulus
454 741 593 776 affectus
619 749 691 776 erat
716 754 824 788 quum
849 743 977 777 diceret
997 744 1026 775 ’τ
1049 743 1163 776 omnia
1190 754 1330 787 possum
1355 743 1389 776 in
1415 754 1455 775 eo
1474 743 1532 787 qui
1559 754 1613 776 me
1639 742 1809 776 confortat

136 799 283 834 Christo.
312 800 351 833 Et
378 811 497 833 rursus
516 800 544 831 '-:
569 810 638 833 non
664 811 745 844 ego,
767 800 826 834 sed
852 801 959 845 gratia
984 811 1072 845 quae
1097 811 1232 834 mecum
1259 806 1320 833 est.

804 896 891 934 PSA
898 895 1032 933 LMUS
1064 897 1143 933 Lx.

414 981 533 1004 Ductor
549 982 627 1004 mihi
645 982 751 1009 suisti,
766 982 841 1009 quia
859 982 960 1004 factus
976 987 1007 1003 es
1023 987 1091 1008 spes
1107 987 1189 1007 mea,
1206 981 1305 1003 turris
1322 981 1530 1003 fortitudinis.

230 1031 400 1071 Quoniam
419 1031 603 1065 ductorum
623 1032 775 1065 officium
794 1037 842 1065 est
862 1031 1099 1065 demonstrare
1116 1042 1285 1076 quaenam
1303 1032 1343 1064 sit
1365 1037 1435 1064 tuta
1454 1031 1524 1068 via,
1541 1040 1709 1076 quaenam
1727 1029 1809 1062 item

137 1088 239 1122 fallax
258 1095 290 1122 et
310 1090 474 1124 damnosa
494 1091 628 1129 testari,
651 1090 685 1124 id
705 1102 844 1135 quoque
863 1102 881 1123 a
900 1090 1034 1124 Christo
1053 1089 1179 1123 factum
1199 1090 1428 1134 comperimus
1446 1088 1580 1122 dicente
1600 1088 1628 1120 ἐ
1651 1098 1716 1132 ego
1735 1098 1809 1120 sum

136 1146 189 1179 via
209 1152 241 1179 et
261 1147 372 1180 ianua.
400 1148 515 1180 Turris
541 1154 655 1181 autem
682 1147 893 1181 fortitudinis
913 1147 1056 1193 perinde
1075 1153 1123 1180 est
1150 1158 1187 1180 ae
1215 1148 1239 1179 si
1265 1146 1417 1180 dicatur:
1442 1158 1560 1179 murus
1580 1151 1611 1178 et
1635 1145 1811 1178 munimen

138 1203 245 1237 factus
271 1216 325 1240 es.
351 1217 392 1239 ne
417 1205 500 1250 quid
521 1205 563 1239 ab
584 1206 753 1239 insidiosis
772 1207 917 1239 inimicis
944 1206 1064 1251 patiar.
1093 1206 1179 1239 Nam
1206 1206 1309 1243 sicut,
1334 1206 1593 1250 impressionem
1613 1201 1813 1236 facientibus

138 1260 311 1301 hostibus,
334 1262 368 1295 hi
387 1264 446 1308 qui
466 1263 613 1296 validam
642 1264 764 1296 turrim
792 1269 926 1301 tenent,
950 1262 1139 1296 incolumes
1165 1269 1262 1299 sunt;
1284 1263 1327 1295 ita
1349 1274 1425 1295 cnm
1446 1261 1488 1294 ab
1507 1262 1649 1294 inimicis
1669 1271 1730 1294 nos
1749 1271 1812 1304 op-

137 1330 354 1365 pugnamur,
380 1319 478 1354 firma
505 1321 608 1354 turris
634 1327 665 1354 et
692 1321 891 1354 inconcussa
919 1319 956 1354 fit
982 1320 1156 1358 Christus,
1182 1326 1213 1353 et
1240 1319 1304 1353 sibi
1330 1318 1541 1352 confidentes
1569 1318 1664 1351 facile
1691 1317 1808 1350 salvat.

295 1385 454 1409 Habitnbo
470 1387 503 1409 in
521 1386 724 1410 tabernaculo
742 1389 796 1409 tuo
812 1387 846 1409 in
864 1385 1003 1413 saecula,
1019 1388 1168 1416 protegan-
1185 1386 1357 1408 velamento
1374 1385 1499 1408 alarum
1515 1387 1652 1407 tuarum.

232 1436 354 1468 Sensus
381 1441 442 1468 est.
471 1434 524 1468 Ob
551 1441 687 1481 accepta
713 1436 780 1469 iam
805 1433 989 1471 beneficia,
1014 1434 1126 1468 futura
1153 1446 1291 1480 quoque
1318 1440 1447 1479 sperat:
1471 1434 1544 1467 fore
1570 1433 1695 1467 scilicet
1722 1439 1758 1466 ut
1778 1433 1813 1465 in

137 1504 284 1538 superna
311 1491 528 1526 tabernacula
554 1494 724 1538 migrans.
747 1492 811 1526 sul)
836 1492 930 1526 illius
956 1503 1093 1538 semper
1119 1492 1223 1526 tutela
1242 1493 1296 1524 sit.
1325 1493 1410 1524 Nam
1436 1491 1528 1524 velut
1557 1491 1578 1523 ii
1603 1491 1662 1535 qui
1689 1489 1812 1523 festum

136 1549 285 1594 aliquem
311 1549 402 1583 diem
429 1549 634 1584 celebraturi
655 1556 731 1583 sunt
745 1576 752 1585 ,
774 1562 815 1583 eo
834 1550 901 1583 iam
921 1550 1081 1595 proximo
1095 1576 1102 1588 ,
1124 1549 1284 1583 laetitiam
1310 1549 1523 1594 praecipiunt
1543 1554 1574 1581 et
1594 1548 1689 1593 quasi
1714 1558 1813 1593 prae-

135 1613 266 1641 sentem
294 1614 466 1653 spectant;
488 1608 533 1641 sic
559 1608 661 1641 etiam
688 1608 793 1642 sancti
819 1607 948 1641 bonam
976 1607 1110 1641 futurae
1135 1608 1224 1641 vitae
1250 1618 1346 1652 spem
1365 1612 1538 1651 gerentes,
1563 1616 1602 1639 ea
1627 1605 1809 1639 laetantur.

136 1663 216 1697 Alas
242 1675 324 1698 vero
351 1671 449 1698 vocat
468 1666 527 1698 Dei
548 1664 712 1710 providas
737 1665 844 1700 x‘ires,
867 1663 993 1710 quibus
1011 1665 1071 1698 Dei
1092 1675 1207 1698 amans
1227 1664 1436 1710 protegitur,
1457 1674 1626 1707 nusquam
1646 1673 1664 1695 a
1685 1663 1742 1695 Dei
1762 1668 1813 1695 ta-

136 1721 324 1755 bernaculo
351 1722 547 1760 discedens,
572 1722 631 1756 sed
657 1722 728 1756 illic
753 1723 847 1755 omni
874 1733 959 1755 aevo
983 1722 1147 1756 residens.

732 1787 806 1810 Dies
823 1794 917 1814 supra
934 1788 1000 1810 «lies
1016 1789 1082 1817 regi
1101 1788 1225 1810 adicies.

232 1838 355 1870 Sensus
381 1843 442 1871 est.
473 1838 565 1870 Haec
582 1837 689 1871 verba
708 1836 917 1882 significant,
942 1837 1030 1870 hanc
1048 1848 1187 1882 quoque
1207 1843 1339 1882 partem
1358 1848 1430 1870 esse
1450 1835 1648 1870 hereditatis
1661 1860 1668 1873 ‚
1690 1846 1813 1879 nempe

137 1896 242 1928 witam
270 1901 454 1928 aeternam.
483 1896 708 1929 Tantumdem
735 1896 826 1928 enim
852 1895 940 1928 valet
968 1895 1096 1929 locutio
1113 1921 1120 1933 ,
1149 1895 1222 1928 dies
1251 1895 1384 1928 dierum
1411 1894 1500 1939 regis
1526 1893 1622 1926 annis
1652 1892 1808 1925 adiicere.

137 1951 351 1985 Vocabulum
376 1953 504 1997 quippe
531 1952 603 1985 dies
630 1952 704 1986 heic
733 1959 885 1998 tempora
912 1952 1080 1998 quaedam
1111 1953 1249 1986 denotat
1277 1959 1378 1998 atque
1408 1951 1553 1985 saecula.
1584 1951 1669 1984 Cave
1699 1954 1811 1982 autem

1851 352 1857 356 ·
1873 348 1908 369 ΡΞ.
1925 349 2004 371 xwu.
2021 354 2038 369 Γ..

1848 584 1867 598 V.
1887 591 1904 599 A.

1847 605 1884 626 Gr.
1899 612 1922 631 p.
1938 608 1982 627 fitis,

1849 694 1869 708 x.
1889 691 1918 709 Η.

1849 741 1970 787 ἨΡῘιίΙίρμ
1988 742 2024 763 1V.

1851 806 1856 812 ·
1867 803 1882 823 1.
1891 804 1941 824 Cor.
1951 804 1998 825 XV.
2009 808 2038 825 1⁸¹v

1849 1099 1857 1104 ’
1874 1096 1921 1117 tuh.
1938 1097 1963 1117 λ,
1981 1101 1991 1111 ‘-

137 2011 308 2044 existimes
327 2010 369 2043 de
390 2022 460 2043 uno
481 2010 596 2054 aliquo
616 2022 694 2055 rege
713 2011 796 2043 hacc
816 2010 904 2047 dici:
928 2010 986 2043 sed
1013 2010 1055 2044 de
1081 2012 1203 2056 quovis
1222 2010 1263 2043 ad
1285 2021 1429 2055 regnum
1448 2010 1508 2042 Dei
1526 2014 1647 2042 vocato
1674 2007 1812 2040 homine
1862 2022 1888 2035 ιν.
1912 2025 1924 2034 »-
1941 2019 1985 2034 π

137 2068 226 2104 dicta
246 2069 352 2112 magis
374 2069 476 2102 scito:
498 2079 601 2112 quem
622 2069 722 2101 etiam
743 2068 959 2101 aeternaliter
985 2079 1099 2101 coram
1127 2069 1197 2101 Deo
1223 2079 1423 2101 mansurum
1443 2065 1613 2099 adfirmat.
1643 2066 1728 2098 Nam
1754 2065 1810 2109 qui

137 2126 344 2160 conformati
371 2125 586 2171 passionibus
613 2126 685 2158 eius
712 2125 872 2163 fuerunt,
902 2126 1005 2159 iidem
1030 2132 1061 2159 et
1089 2137 1166 2159 cum
1192 2127 1267 2172 ipso
1293 2131 1462 2171 perpetuo
1490 2123 1694 2169 regnabunt.
1723 2122 1812 2167 Ergo

137 2196 246 2230 quum
272 2190 369 2217 antea
389 2183 556 2229 propheta
577 2183 731 2216 dixisset:
753 2184 918 2228 quoniam
938 2191 973 2217 tu
993 2184 1082 2217 Deus
1102 2195 1218 2229 preces
1238 2195 1329 2216 meas
1347 2182 1530 2220 exaudisti.
1553 2193 1615 2227 per
1641 2179 1812 2225 hyperba-

136 2249 197 2276 ton
217 2242 416 2276 connexuit:
435 2241 507 2274 dies
527 2252 629 2286 supra
649 2241 722 2274 dies
741 2241 902 2274 adiecisti.
924 2241 1069 2275 Mediam
1089 2247 1200 2274 autem
1219 2241 1397 2274 collocavit
1418 2240 1611 2273 timentium
1628 2238 1812 2271 Dominum

136 2300 367 2338 mentionem,
390 2299 554 2344 quoniam
582 2298 633 2332 liis
659 2299 840 2344 prophetia
868 2299 1023 2344 promisit
1050 2298 1291 2334 hereditatem,
1314 2309 1400 2343 quae
1425 2298 1492 2331 vita
1520 2303 1653 2330 aeterna
1680 2301 1739 2328 est.

796 2394 1025 2432 PSAmlUS
1054 2395 1153 2432 LXI.

655 2479 763 2502 Nonne
780 2480 843 2503 Deo
860 2481 997 2503 subiecta
1014 2481 1075 2503 eri!
1093 2481 1197 2503 anima
1215 2480 1299 2503 mea&

234 2531 271 2564 ln
291 2531 423 2564 animae
442 2541 522 2575 erga
541 2530 651 2562 Deum
671 2528 914 2568 submissione,
937 2530 1081 2563 salutem
1102 2531 1162 2563 niti
1180 2529 1288 2563 David
1309 2528 1471 2562 declarat.
1497 2527 1594 2561 Certe
1612 2537 1665 2560 res
1684 2526 1811 2571 optima

135 2594 170 2621 et
196 2588 351 2633 perutilis
371 2595 403 2622 et
423 2585 603 2621 cuiuslibet
630 2586 729 2620 nobis
748 2588 818 2632 spei
839 2586 949 2621 bonae
971 2588 1122 2620 ministra
1149 2593 1218 2625 est,
1240 2587 1311 2619 Deo
1329 2585 1469 2623 subiici,
1492 2591 1640 2618 mentem
1661 2589 1811 2617 nostram

135 2646 218 2691 iugo
244 2646 316 2679 eius
343 2656 556 2691 supponere.
584 2645 682 2689 eique
709 2656 785 2677 cum
813 2641 906 2678 omni
933 2645 1057 2690 pietate
1083 2644 1290 2679 adhaerere,
1316 2642 1555 2689 propheticum
1581 2641 1667 2675 illud
1693 2641 1809 2675 dicen-

138 2708 187 2736 tes
208 2704 236 2736 ':
263 2714 340 2736 ecce
366 2704 411 2747 (1)
437 2714 499 2736 nos
524 2702 653 2735 erimus
680 2701 760 2740 tibi,
783 2702 861 2746 quia
887 2702 1049 2736 dominus
1074 2703 1164 2735 Deus
1190 2707 1305 2735 noster
1331 2712 1378 2735 es.

267 2836 284 2863 1,
311 2833 365 2858 1,·0‹·
387 2833 445 2859 lot-¹)
465 2831 545 2859 codex·
568 2836 658 2858 noster
677 2840 789 2866 graecus
810 2833 877 2858 οἱέε.
903 2838 987 2859 textus
1007 2831 1270 2867 septuagintaxiralis
1292 2834 1390 2858 infin.
1411 2830 1536 2865 vulgatus
1557 2831 1603 2857 lat.
1626 2831 1756 2856 venimus.

1845 2689 1963 2736 {afflet-rm
1988 2687 2025 2707 111,
