<?xml version="1.0" encoding="UTF-8"?>
<!DOCTYPE html PUBLIC "-//W3C//DTD XHTML 1.0 Transitional//EN"
    "http://www.w3.org/TR/xhtml1/DTD/xhtml1-transitional.dtd">
<html xmlns="http://www.w3.org/1999/xhtml" xml:lang="en" lang="en">
 <head>
  <title>
</title>
<meta http-equiv="Content-Type" content="text/html;charset=utf-8" />
  <meta name='ocr-system' content='tesseract 3.04.00' />
  <meta name='ocr-capabilities' content='ocr_page ocr_carea ocr_par ocr_line ocrx_word'/>
</head>
<body>
  <div class='ocr_page' id='page_1' title='image "./novaepatrumbibli03maiauoft/novaepatrumbibli03maiauoft_0679.png"; bbox 0 0 2205 3177; ppageno 0'>
   <div class='ocr_carea' id='block_1_1' title="bbox 791 172 1788 205">
    <p class='ocr_par' dir='ltr' id='par_1_1' title="bbox 791 172 1788 205">
     <span class='ocr_line' id='line_1_1' title="bbox 791 172 1788 205; baseline -0.001 0"><span class='ocrx_word' id='word_1_1' title='bbox 791 182 822 205; x_wconf 66' lang='lat' dir='ltr'>nt</span> <span class='ocrx_word' id='word_1_2' title='bbox 849 181 999 204; x_wconf 54' lang='lat' dir='ltr'>esame-M</span> <span class='ocrx_word' id='word_1_3' title='bbox 1027 182 1117 204; x_wconf 71' lang='lat' dir='ltr'>xriv.</span> <span class='ocrx_word' id='word_1_4' title='bbox 1723 172 1788 204; x_wconf 75' lang='lat'>201</span> 
     </span>
    </p>
   </div>
   <div class='ocr_carea' id='block_1_2' title="bbox 115 245 1793 1361">
    <p class='ocr_par' dir='ltr' id='par_1_2' title="bbox 116 245 1793 576">
     <span class='ocr_line' id='line_1_2' title="bbox 118 245 1793 290; baseline -0.002 -8"><span class='ocrx_word' id='word_1_5' title='bbox 118 249 260 285; x_wconf 80' lang='lat' dir='ltr'>factum,</span> <span class='ocrx_word' id='word_1_6' title='bbox 283 252 314 279; x_wconf 89' lang='lat' dir='ltr'>et</span> <span class='ocrx_word' id='word_1_7' title='bbox 335 245 482 279; x_wconf 84' lang='lat' dir='ltr'>alterum</span> <span class='ocrx_word' id='word_1_8' title='bbox 501 246 630 279; x_wconf 86' lang='lat' dir='ltr'>dictum</span> <span class='ocrx_word' id='word_1_9' title='bbox 651 245 841 284; x_wconf 87' lang='lat' dir='ltr'>Adamum,</span> <span class='ocrx_word' id='word_1_10' title='bbox 864 256 1057 290; x_wconf 71' lang='lat' dir='ltr'>novamque</span> <span class='ocrx_word' id='word_1_11' title='bbox 1076 247 1110 278; x_wconf 89' lang='lat' dir='ltr'>iu</span> <span class='ocrx_word' id='word_1_12' title='bbox 1129 245 1214 278; x_wconf 88' lang='lat' dir='ltr'>orbe</span> <span class='ocrx_word' id='word_1_13' title='bbox 1234 246 1451 279; x_wconf 66' lang='lat' dir='ltr'>constitutam</span> <span class='ocrx_word' id='word_1_14' title='bbox 1471 245 1637 281; x_wconf 80' lang='lat' dir='ltr'>radicem.</span> <span class='ocrx_word' id='word_1_15' title='bbox 1660 256 1677 278; x_wconf 89' lang='lat' dir='ltr'>a</span> <span class='ocrx_word' id='word_1_16' title='bbox 1699 252 1793 290; x_wconf 88' lang='lat' dir='ltr'>patre</span> 
     </span>
     <span class='ocr_line' id='line_1_3' title="bbox 119 302 1792 349; baseline -0.002 -10"><span class='ocrx_word' id='word_1_17' title='bbox 119 305 271 339; x_wconf 78' lang='lat' dir='ltr'>benedici</span> <span class='ocrx_word' id='word_1_18' title='bbox 297 310 465 349; x_wconf 87' lang='lat' dir='ltr'>quatenus</span> <span class='ocrx_word' id='word_1_19' title='bbox 493 304 597 337; x_wconf 87' lang='lat' dir='ltr'>homo</span> <span class='ocrx_word' id='word_1_20' title='bbox 623 311 714 339; x_wconf 79' lang='lat' dir='ltr'>erat.</span> <span class='ocrx_word' id='word_1_21' title='bbox 737 310 771 336; x_wconf 92' lang='lat' dir='ltr'>ut</span> <span class='ocrx_word' id='word_1_22' title='bbox 799 309 943 336; x_wconf 77' lang='lat' dir='ltr'>cessaret</span> <span class='ocrx_word' id='word_1_23' title='bbox 970 302 1130 348; x_wconf 82' lang='lat' dir='ltr'>deinceps</span> <span class='ocrx_word' id='word_1_24' title='bbox 1156 304 1206 336; x_wconf 71' lang='lat' dir='ltr'>vis</span> <span class='ocrx_word' id='word_1_25' title='bbox 1232 303 1482 337; x_wconf 69' lang='lat' dir='ltr'>maledictionis</span> <span class='ocrx_word' id='word_1_26' title='bbox 1500 310 1638 336; x_wconf 87' lang='lat' dir='ltr'>terreno</span> <span class='ocrx_word' id='word_1_27' title='bbox 1663 303 1792 339; x_wconf 86' lang='lat' dir='ltr'>homini</span> 
     </span>
     <span class='ocr_line' id='line_1_4' title="bbox 118 360 1789 406; baseline -0.002 -10"><span class='ocrx_word' id='word_1_28' title='bbox 118 363 264 396; x_wconf 79' lang='lat' dir='ltr'>inflictae</span> <span class='ocrx_word' id='word_1_29' title='bbox 277 387 284 399; x_wconf 85' lang='lat'>,</span> <span class='ocrx_word' id='word_1_30' title='bbox 307 362 337 394; x_wconf 89' lang='lat' dir='ltr'>ei</span> <span class='ocrx_word' id='word_1_31' title='bbox 365 373 487 406; x_wconf 79' lang='lat' dir='ltr'>nempe</span> <span class='ocrx_word' id='word_1_32' title='bbox 506 362 564 406; x_wconf 87' lang='lat' dir='ltr'>qui</span> <span class='ocrx_word' id='word_1_33' title='bbox 585 362 694 406; x_wconf 84' lang='lat' dir='ltr'>prima</span> <span class='ocrx_word' id='word_1_34' title='bbox 721 361 861 394; x_wconf 88' lang='lat' dir='ltr'>humani</span> <span class='ocrx_word' id='word_1_35' title='bbox 880 360 1013 404; x_wconf 62' lang='lat' dir='ltr'>generi&gt;</span> <span class='ocrx_word' id='word_1_36' title='bbox 1032 360 1128 393; x_wconf 80' lang='lat' dir='ltr'>radix</span> <span class='ocrx_word' id='word_1_37' title='bbox 1149 360 1255 393; x_wconf 87' lang='lat' dir='ltr'>fuerat</span> <span class='ocrx_word' id='word_1_38' title='bbox 1269 386 1277 398; x_wconf 81' lang='lat'>‚</span> <span class='ocrx_word' id='word_1_39' title='bbox 1298 361 1333 393; x_wconf 88' lang='lat' dir='ltr'>id</span> <span class='ocrx_word' id='word_1_40' title='bbox 1359 367 1409 393; x_wconf 79' lang='lat' dir='ltr'>est</span> <span class='ocrx_word' id='word_1_41' title='bbox 1428 361 1573 394; x_wconf 79' lang='lat' dir='ltr'>Adamo.</span> <span class='ocrx_word' id='word_1_42' title='bbox 1602 362 1687 394; x_wconf 80' lang='lat' dir='ltr'>Nam</span> <span class='ocrx_word' id='word_1_43' title='bbox 1707 362 1789 394; x_wconf 87' lang='lat' dir='ltr'>sicut</span> 
     </span>
     <span class='ocr_line' id='line_1_5' title="bbox 117 416 1792 463; baseline -0.001 -10"><span class='ocrx_word' id='word_1_44' title='bbox 117 423 150 454; x_wconf 91' lang='lat' dir='ltr'>in</span> <span class='ocrx_word' id='word_1_45' title='bbox 180 420 239 453; x_wconf 89' lang='lat' dir='ltr'>illo</span> <span class='ocrx_word' id='word_1_46' title='bbox 266 420 438 452; x_wconf 82' lang='lat' dir='ltr'>maledicti</span> <span class='ocrx_word' id='word_1_47' title='bbox 467 419 591 452; x_wconf 85' lang='lat' dir='ltr'>suimus</span> <span class='ocrx_word' id='word_1_48' title='bbox 613 419 677 463; x_wconf 85' lang='lat' dir='ltr'>(l)</span> <span class='ocrx_word' id='word_1_49' title='bbox 701 419 746 452; x_wconf 88' lang='lat' dir='ltr'>ita</span> <span class='ocrx_word' id='word_1_50' title='bbox 766 419 798 451; x_wconf 90' lang='lat' dir='ltr'>in</span> <span class='ocrx_word' id='word_1_51' title='bbox 818 418 951 451; x_wconf 85' lang='lat' dir='ltr'>Christo</span> <span class='ocrx_word' id='word_1_52' title='bbox 979 416 1167 453; x_wconf 80' lang='lat' dir='ltr'>benedicti:</span> <span class='ocrx_word' id='word_1_53' title='bbox 1189 429 1207 451; x_wconf 89' lang='lat' dir='ltr'>a</span> <span class='ocrx_word' id='word_1_54' title='bbox 1231 429 1301 462; x_wconf 90' lang='lat' dir='ltr'>quo</span> <span class='ocrx_word' id='word_1_55' title='bbox 1320 419 1354 451; x_wconf 88' lang='lat' dir='ltr'>in</span> <span class='ocrx_word' id='word_1_56' title='bbox 1375 419 1572 451; x_wconf 69' lang='lat' dir='ltr'>unixersum</span> <span class='ocrx_word' id='word_1_57' title='bbox 1598 430 1703 463; x_wconf 76' lang='lat' dir='ltr'>genus</span> <span class='ocrx_word' id='word_1_58' title='bbox 1724 425 1792 452; x_wconf 86' lang='lat' dir='ltr'>tra-</span> 
     </span>
     <span class='ocr_line' id='line_1_6' title="bbox 117 475 1790 521; baseline 0.001 -12"><span class='ocrx_word' id='word_1_59' title='bbox 117 478 218 510; x_wconf 87' lang='lat' dir='ltr'>ducta</span> <span class='ocrx_word' id='word_1_60' title='bbox 246 476 304 509; x_wconf 81' lang='lat' dir='ltr'>fuit</span> <span class='ocrx_word' id='word_1_61' title='bbox 328 488 363 509; x_wconf 84' lang='lat' dir='ltr'>ea</span> <span class='ocrx_word' id='word_1_62' title='bbox 385 488 472 521; x_wconf 88' lang='lat' dir='ltr'>quae</span> <span class='ocrx_word' id='word_1_63' title='bbox 499 477 562 521; x_wconf 88' lang='lat' dir='ltr'>ipsi</span> <span class='ocrx_word' id='word_1_64' title='bbox 590 482 625 509; x_wconf 90' lang='lat' dir='ltr'>ut</span> <span class='ocrx_word' id='word_1_65' title='bbox 651 475 780 508; x_wconf 89' lang='lat' dir='ltr'>homini</span> <span class='ocrx_word' id='word_1_66' title='bbox 801 475 878 508; x_wconf 84' lang='lat' dir='ltr'>data</span> <span class='ocrx_word' id='word_1_67' title='bbox 900 475 1007 507; x_wconf 86' lang='lat' dir='ltr'>fuerat</span> <span class='ocrx_word' id='word_1_68' title='bbox 1035 475 1153 519; x_wconf 79' lang='lat' dir='ltr'>gratia.</span> <span class='ocrx_word' id='word_1_69' title='bbox 1183 475 1254 514; x_wconf 86' lang='lat' dir='ltr'>Qua</span> <span class='ocrx_word' id='word_1_70' title='bbox 1282 487 1384 520; x_wconf 85' lang='lat' dir='ltr'>super</span> <span class='ocrx_word' id='word_1_71' title='bbox 1406 487 1441 507; x_wconf 91' lang='lat' dir='ltr'>re</span> <span class='ocrx_word' id='word_1_72' title='bbox 1459 475 1583 519; x_wconf 58' lang='lat' dir='ltr'>gaudio</span> <span class='ocrx_word' id='word_1_73' title='bbox 1609 476 1716 509; x_wconf 75' lang='lat' dir='ltr'>elatus</span> <span class='ocrx_word' id='word_1_74' title='bbox 1735 489 1790 510; x_wconf 76' lang='lat' dir='ltr'>ex·</span> 
     </span>
     <span class='ocr_line' id='line_1_7' title="bbox 116 531 1592 576; baseline -0.001 -10"><span class='ocrx_word' id='word_1_75' title='bbox 116 533 283 567; x_wconf 84' lang='lat' dir='ltr'>clamabat</span> <span class='ocrx_word' id='word_1_76' title='bbox 314 533 471 566; x_wconf 78' lang='lat' dir='ltr'>melodus</span> <span class='ocrx_word' id='word_1_77' title='bbox 492 534 522 566; x_wconf 88' lang='lat'>&#39;:</span> <span class='ocrx_word' id='word_1_78' title='bbox 544 532 716 566; x_wconf 89' lang='lat' dir='ltr'>benedicti</span> <span class='ocrx_word' id='word_1_79' title='bbox 744 544 806 565; x_wconf 87' lang='lat' dir='ltr'>nos</span> <span class='ocrx_word' id='word_1_80' title='bbox 831 544 849 566; x_wconf 86' lang='lat' dir='ltr'>a</span> <span class='ocrx_word' id='word_1_81' title='bbox 875 533 1023 565; x_wconf 91' lang='lat' dir='ltr'>Domino</span> <span class='ocrx_word' id='word_1_82' title='bbox 1048 532 1106 576; x_wconf 84' lang='lat' dir='ltr'>qui</span> <span class='ocrx_word' id='word_1_83' title='bbox 1135 531 1210 564; x_wconf 78' lang='lat' dir='ltr'>fecit</span> <span class='ocrx_word' id='word_1_84' title='bbox 1238 532 1368 565; x_wconf 87' lang='lat' dir='ltr'>caelum</span> <span class='ocrx_word' id='word_1_85' title='bbox 1396 539 1426 564; x_wconf 89' lang='lat' dir='ltr'>et</span> <span class='ocrx_word' id='word_1_86' title='bbox 1455 539 1592 566; x_wconf 85' lang='lat' dir='ltr'>terram.</span> 
     </span>
    </p>

    <p class='ocr_par' dir='ltr' id='par_1_3' title="bbox 225 597 1685 627">
     <span class='ocr_line' id='line_1_8' title="bbox 225 597 1685 627; baseline 0 -6"><span class='ocrx_word' id='word_1_87' title='bbox 225 598 397 627; x_wconf 66' lang='lat' dir='ltr'>Accingere</span> <span class='ocrx_word' id='word_1_88' title='bbox 414 599 521 627; x_wconf 75' lang='lat' dir='ltr'>gladio</span> <span class='ocrx_word' id='word_1_89' title='bbox 539 600 592 621; x_wconf 75' lang='lat' dir='ltr'>tuo</span> <span class='ocrx_word' id='word_1_90' title='bbox 609 605 701 624; x_wconf 71' lang='lat' dir='ltr'>supet·</span> <span class='ocrx_word' id='word_1_91' title='bbox 718 599 820 620; x_wconf 74' lang='lat' dir='ltr'>semun-</span> <span class='ocrx_word' id='word_1_92' title='bbox 838 599 942 625; x_wconf 67' lang='lat' dir='ltr'>tuum,</span> <span class='ocrx_word' id='word_1_93' title='bbox 958 604 975 620; x_wconf 86' lang='lat' dir='ltr'>o</span> <span class='ocrx_word' id='word_1_94' title='bbox 993 599 1115 624; x_wconf 70' lang='lat' dir='ltr'>potens,</span> <span class='ocrx_word' id='word_1_95' title='bbox 1132 598 1230 623; x_wconf 80' lang='lat' dir='ltr'>specie</span> <span class='ocrx_word' id='word_1_96' title='bbox 1248 599 1302 619; x_wconf 71' lang='lat' dir='ltr'>tua</span> <span class='ocrx_word' id='word_1_97' title='bbox 1318 599 1349 619; x_wconf 76' lang='lat' dir='ltr'>et</span> <span class='ocrx_word' id='word_1_98' title='bbox 1366 597 1603 623; x_wconf 72' lang='lat' dir='ltr'>pulchritudine</span> <span class='ocrx_word' id='word_1_99' title='bbox 1621 600 1685 621; x_wconf 71' lang='lat' dir='ltr'>tua.</span> 
     </span>
    </p>

    <p class='ocr_par' dir='ltr' id='par_1_4' title="bbox 115 645 1792 1264">
     <span class='ocr_line' id='line_1_9' title="bbox 212 645 1791 694; baseline 0.001 -12"><span class='ocrx_word' id='word_1_100' title='bbox 212 649 241 682; x_wconf 94' lang='lat' dir='ltr'>O</span> <span class='ocrx_word' id='word_1_101' title='bbox 261 649 422 685; x_wconf 76' lang='lat' dir='ltr'>Domine,</span> <span class='ocrx_word' id='word_1_102' title='bbox 445 650 536 681; x_wconf 88' lang='lat' dir='ltr'>aiunt</span> <span class='ocrx_word' id='word_1_103' title='bbox 549 674 556 683; x_wconf 86' lang='grc'>,</span> <span class='ocrx_word' id='word_1_104' title='bbox 578 654 712 693; x_wconf 88' lang='lat' dir='ltr'>praeter</span> <span class='ocrx_word' id='word_1_105' title='bbox 732 654 825 681; x_wconf 87' lang='lat' dir='ltr'>tuam</span> <span class='ocrx_word' id='word_1_106' title='bbox 846 658 947 693; x_wconf 86' lang='lat' dir='ltr'>supra</span> <span class='ocrx_word' id='word_1_107' title='bbox 969 658 1088 680; x_wconf 88' lang='lat' dir='ltr'>omnes</span> <span class='ocrx_word' id='word_1_108' title='bbox 1108 645 1413 691; x_wconf 72' lang='lat' dir='ltr'>incomparabilem</span> <span class='ocrx_word' id='word_1_109' title='bbox 1434 646 1698 685; x_wconf 69' lang='lat' dir='ltr'>formositatem,</span> <span class='ocrx_word' id='word_1_110' title='bbox 1718 649 1791 694; x_wconf 81' lang='lat' dir='ltr'>gla-</span> 
     </span>
     <span class='ocr_line' id='line_1_10' title="bbox 117 703 1790 751; baseline 0.001 -12"><span class='ocrx_word' id='word_1_111' title='bbox 117 705 175 739; x_wconf 93' lang='lat' dir='ltr'>dio</span> <span class='ocrx_word' id='word_1_112' title='bbox 201 707 303 739; x_wconf 85' lang='lat' dir='ltr'>etiam</span> <span class='ocrx_word' id='word_1_113' title='bbox 328 706 522 751; x_wconf 80' lang='lat' dir='ltr'>accingere,</span> <span class='ocrx_word' id='word_1_114' title='bbox 544 705 635 738; x_wconf 87' lang='lat' dir='ltr'>haud</span> <span class='ocrx_word' id='word_1_115' title='bbox 661 716 741 738; x_wconf 85' lang='lat' dir='ltr'>sane</span> <span class='ocrx_word' id='word_1_116' title='bbox 768 705 878 738; x_wconf 85' lang='lat' dir='ltr'>alieno</span> <span class='ocrx_word' id='word_1_117' title='bbox 898 705 957 738; x_wconf 86' lang='lat' dir='ltr'>sed</span> <span class='ocrx_word' id='word_1_118' title='bbox 978 711 1048 737; x_wconf 90' lang='lat' dir='ltr'>tuo.</span> <span class='ocrx_word' id='word_1_119' title='bbox 1079 704 1167 737; x_wconf 79' lang='lat' dir='ltr'>Nihil</span> <span class='ocrx_word' id='word_1_120' title='bbox 1196 704 1286 737; x_wconf 89' lang='lat' dir='ltr'>enim</span> <span class='ocrx_word' id='word_1_121' title='bbox 1314 703 1462 737; x_wconf 89' lang='lat' dir='ltr'>alienum</span> <span class='ocrx_word' id='word_1_122' title='bbox 1489 711 1544 737; x_wconf 86' lang='lat' dir='ltr'>aut</span> <span class='ocrx_word' id='word_1_123' title='bbox 1572 705 1736 739; x_wconf 78' lang='lat' dir='ltr'>adscitum</span> <span class='ocrx_word' id='word_1_124' title='bbox 1756 708 1790 740; x_wconf 88' lang='lat' dir='ltr'>in</span> 
     </span>
     <span class='ocr_line' id='line_1_11' title="bbox 116 761 1790 807; baseline 0.001 -11"><span class='ocrx_word' id='word_1_125' title='bbox 116 762 251 796; x_wconf 87' lang='lat' dir='ltr'>Christo</span> <span class='ocrx_word' id='word_1_126' title='bbox 277 774 348 796; x_wconf 59' lang='lat' dir='ltr'>esse</span> <span class='ocrx_word' id='word_1_127' title='bbox 375 761 616 797; x_wconf 79' lang='lat' dir='ltr'>adfirmamus,</span> <span class='ocrx_word' id='word_1_128' title='bbox 640 762 698 795; x_wconf 85' lang='lat' dir='ltr'>sed</span> <span class='ocrx_word' id='word_1_129' title='bbox 725 763 795 795; x_wconf 87' lang='lat' dir='ltr'>eius</span> <span class='ocrx_word' id='word_1_130' title='bbox 821 762 894 794; x_wconf 90' lang='lat' dir='ltr'>iure</span> <span class='ocrx_word' id='word_1_131' title='bbox 920 761 1011 795; x_wconf 82' lang='lat' dir='ltr'>credi</span> <span class='ocrx_word' id='word_1_132' title='bbox 1040 762 1178 807; x_wconf 86' lang='lat' dir='ltr'>propria</span> <span class='ocrx_word' id='word_1_133' title='bbox 1198 772 1285 805; x_wconf 83' lang='lat' dir='ltr'>quae</span> <span class='ocrx_word' id='word_1_134' title='bbox 1306 761 1411 794; x_wconf 91' lang='lat' dir='ltr'>Deum</span> <span class='ocrx_word' id='word_1_135' title='bbox 1439 761 1558 794; x_wconf 86' lang='lat' dir='ltr'>decent</span> <span class='ocrx_word' id='word_1_136' title='bbox 1583 788 1589 794; x_wconf 91' lang='lat'>.</span> <span class='ocrx_word' id='word_1_137' title='bbox 1611 788 1617 794; x_wconf 90' lang='lat'>.</span> <span class='ocrx_word' id='word_1_138' title='bbox 1640 789 1646 794; x_wconf 95' lang='lat'>.</span> <span class='ocrx_word' id='word_1_139' title='bbox 1669 770 1790 807; x_wconf 78' lang='lat' dir='ltr'>potens</span> 
     </span>
     <span class='ocr_line' id='line_1_12' title="bbox 116 818 1791 864; baseline 0.001 -12"><span class='ocrx_word' id='word_1_140' title='bbox 116 826 166 853; x_wconf 88' lang='lat' dir='ltr'>est</span> <span class='ocrx_word' id='word_1_141' title='bbox 192 820 302 857; x_wconf 83' lang='lat' dir='ltr'>cuim,</span> <span class='ocrx_word' id='word_1_142' title='bbox 326 819 358 852; x_wconf 88' lang='lat' dir='ltr'>id</span> <span class='ocrx_word' id='word_1_143' title='bbox 385 826 433 852; x_wconf 71' lang='lat' dir='ltr'>est</span> <span class='ocrx_word' id='word_1_144' title='bbox 461 825 667 864; x_wconf 79' lang='lat' dir='ltr'>potestatum</span> <span class='ocrx_word' id='word_1_145' title='bbox 695 819 873 854; x_wconf 87' lang='lat' dir='ltr'>dominus:</span> <span class='ocrx_word' id='word_1_146' title='bbox 896 830 1005 863; x_wconf 87' lang='lat' dir='ltr'>neque</span> <span class='ocrx_word' id='word_1_147' title='bbox 1032 818 1169 851; x_wconf 81' lang='lat' dir='ltr'>aliunde</span> <span class='ocrx_word' id='word_1_148' title='bbox 1195 819 1384 863; x_wconf 82' lang='lat' dir='ltr'>potentiam</span> <span class='ocrx_word' id='word_1_149' title='bbox 1411 819 1556 863; x_wconf 80' lang='lat' dir='ltr'>accepit.</span> <span class='ocrx_word' id='word_1_150' title='bbox 1580 819 1637 852; x_wconf 87' lang='lat' dir='ltr'>sed</span> <span class='ocrx_word' id='word_1_151' title='bbox 1659 820 1791 854; x_wconf 87' lang='lat' dir='ltr'>insitam</span> 
     </span>
     <span class='ocr_line' id='line_1_13' title="bbox 119 875 1792 921; baseline 0.001 -12"><span class='ocrx_word' id='word_1_152' title='bbox 119 877 316 909; x_wconf 87' lang='lat' dir='ltr'>naturaliter</span> <span class='ocrx_word' id='word_1_153' title='bbox 342 875 463 912; x_wconf 79' lang='lat' dir='ltr'>habet.</span> <span class='ocrx_word' id='word_1_154' title='bbox 486 887 563 909; x_wconf 87' lang='lat' dir='ltr'>cum</span> <span class='ocrx_word' id='word_1_155' title='bbox 591 875 732 921; x_wconf 81' lang='lat' dir='ltr'>reliquis</span> <span class='ocrx_word' id='word_1_156' title='bbox 757 877 829 909; x_wconf 90' lang='lat' dir='ltr'>Deo</span> <span class='ocrx_word' id='word_1_157' title='bbox 855 876 1184 909; x_wconf 74' lang='lat' dir='ltr'>convenientissimis</span> <span class='ocrx_word' id='word_1_158' title='bbox 1210 875 1419 908; x_wconf 73' lang='lat' dir='ltr'>ornamentis</span> <span class='ocrx_word' id='word_1_159' title='bbox 1445 876 1504 919; x_wconf 62' lang='lat'>(2).</span> <span class='ocrx_word' id='word_1_160' title='bbox 1536 876 1589 908; x_wconf 79' lang='lat' dir='ltr'>Est</span> <span class='ocrx_word' id='word_1_161' title='bbox 1616 887 1695 909; x_wconf 88' lang='lat' dir='ltr'>sane</span> <span class='ocrx_word' id='word_1_162' title='bbox 1722 876 1792 910; x_wconf 83' lang='lat' dir='ltr'>for-</span> 
     </span>
     <span class='ocr_line' id='line_1_14' title="bbox 117 932 1791 978; baseline 0.001 -12"><span class='ocrx_word' id='word_1_163' title='bbox 117 945 233 967; x_wconf 87' lang='lat' dir='ltr'>mosus</span> <span class='ocrx_word' id='word_1_164' title='bbox 259 934 298 966; x_wconf 88' lang='lat' dir='ltr'>iis</span> <span class='ocrx_word' id='word_1_165' title='bbox 323 934 379 978; x_wconf 90' lang='lat' dir='ltr'>qui</span> <span class='ocrx_word' id='word_1_166' title='bbox 409 944 487 966; x_wconf 85' lang='lat' dir='ltr'>eum</span> <span class='ocrx_word' id='word_1_167' title='bbox 507 933 670 977; x_wconf 72' lang='lat' dir='ltr'>diligunt,</span> <span class='ocrx_word' id='word_1_168' title='bbox 691 932 912 978; x_wconf 84' lang='lat' dir='ltr'>eiusdemque</span> <span class='ocrx_word' id='word_1_169' title='bbox 932 932 1116 965; x_wconf 58' lang='lat' dir='ltr'>adtentum</span> <span class='ocrx_word' id='word_1_170' title='bbox 1140 938 1372 977; x_wconf 72' lang='lat' dir='ltr'>agnoverunt.</span> <span class='ocrx_word' id='word_1_171' title='bbox 1394 933 1522 977; x_wconf 86' lang='lat' dir='ltr'>quique</span> <span class='ocrx_word' id='word_1_172' title='bbox 1542 934 1664 966; x_wconf 86' lang='lat' dir='ltr'>mentis</span> <span class='ocrx_word' id='word_1_173' title='bbox 1683 934 1791 968; x_wconf 85' lang='lat' dir='ltr'>oculis</span> 
     </span>
     <span class='ocr_line' id='line_1_15' title="bbox 117 989 1792 1035; baseline 0.001 -12"><span class='ocrx_word' id='word_1_174' title='bbox 117 991 239 1023; x_wconf 86' lang='lat' dir='ltr'>intueri</span> <span class='ocrx_word' id='word_1_175' title='bbox 266 990 380 1024; x_wconf 66' lang='lat' dir='ltr'>valent</span> <span class='ocrx_word' id='word_1_176' title='bbox 405 990 574 1023; x_wconf 82' lang='lat' dir='ltr'>infinitam</span> <span class='ocrx_word' id='word_1_177' title='bbox 601 991 672 1023; x_wconf 91' lang='lat' dir='ltr'>eius</span> <span class='ocrx_word' id='word_1_178' title='bbox 691 997 724 1024; x_wconf 89' lang='lat' dir='ltr'>et</span> <span class='ocrx_word' id='word_1_179' title='bbox 743 990 1057 1035; x_wconf 86' lang='lat' dir='ltr'>supermundialem</span> <span class='ocrx_word' id='word_1_180' title='bbox 1081 990 1387 1035; x_wconf 82' lang='lat' dir='ltr'>pulchritudinem.</span> <span class='ocrx_word' id='word_1_181' title='bbox 1419 989 1528 1022; x_wconf 83' lang='lat' dir='ltr'>Habet</span> <span class='ocrx_word' id='word_1_182' title='bbox 1548 996 1659 1023; x_wconf 88' lang='lat' dir='ltr'>autem</span> <span class='ocrx_word' id='word_1_183' title='bbox 1681 992 1792 1024; x_wconf 85' lang='lat' dir='ltr'>accin—</span> 
     </span>
     <span class='ocr_line' id='line_1_16' title="bbox 115 1047 1792 1093; baseline 0.001 -12"><span class='ocrx_word' id='word_1_184' title='bbox 115 1054 208 1082; x_wconf 88' lang='lat' dir='ltr'>ctum</span> <span class='ocrx_word' id='word_1_185' title='bbox 228 1048 324 1081; x_wconf 87' lang='lat' dir='ltr'>lateri</span> <span class='ocrx_word' id='word_1_186' title='bbox 345 1047 514 1093; x_wconf 79' lang='lat' dir='ltr'>gladium,</span> <span class='ocrx_word' id='word_1_187' title='bbox 537 1054 572 1081; x_wconf 89' lang='lat' dir='ltr'>ut</span> <span class='ocrx_word' id='word_1_188' title='bbox 593 1048 868 1082; x_wconf 67' lang='lat' dir='ltr'>adversariorum</span> <span class='ocrx_word' id='word_1_189' title='bbox 889 1047 1074 1092; x_wconf 72' lang='lat' dir='ltr'>phalanges</span> <span class='ocrx_word' id='word_1_190' title='bbox 1094 1053 1236 1085; x_wconf 81' lang='lat' dir='ltr'>terreat,</span> <span class='ocrx_word' id='word_1_191' title='bbox 1259 1053 1312 1080; x_wconf 84' lang='lat' dir='ltr'>aut</span> <span class='ocrx_word' id='word_1_192' title='bbox 1334 1048 1434 1080; x_wconf 84' lang='lat' dir='ltr'>etiam</span> <span class='ocrx_word' id='word_1_193' title='bbox 1454 1047 1712 1093; x_wconf 87' lang='lat' dir='ltr'>incredulorum</span> <span class='ocrx_word' id='word_1_194' title='bbox 1732 1060 1792 1082; x_wconf 92' lang='lat' dir='ltr'>au—</span> 
     </span>
     <span class='ocr_line' id='line_1_17' title="bbox 116 1104 1789 1151; baseline 0 -12"><span class='ocrx_word' id='word_1_195' title='bbox 116 1105 247 1139; x_wconf 84' lang='lat' dir='ltr'>daciam</span> <span class='ocrx_word' id='word_1_196' title='bbox 274 1112 483 1151; x_wconf 88' lang='lat' dir='ltr'>compescat‚</span> <span class='ocrx_word' id='word_1_197' title='bbox 505 1105 672 1139; x_wconf 83' lang='lat' dir='ltr'>ultionem</span> <span class='ocrx_word' id='word_1_198' title='bbox 699 1105 765 1138; x_wconf 85' lang='lat' dir='ltr'>illis</span> <span class='ocrx_word' id='word_1_199' title='bbox 784 1116 999 1151; x_wconf 84' lang='lat' dir='ltr'>poenamque</span> <span class='ocrx_word' id='word_1_200' title='bbox 1020 1105 1190 1137; x_wconf 85' lang='lat' dir='ltr'>minitans.</span> <span class='ocrx_word' id='word_1_201' title='bbox 1221 1105 1293 1137; x_wconf 77' lang='lat' dir='ltr'>Hoc</span> <span class='ocrx_word' id='word_1_202' title='bbox 1321 1106 1411 1137; x_wconf 90' lang='lat' dir='ltr'>cnim</span> <span class='ocrx_word' id='word_1_203' title='bbox 1438 1104 1518 1137; x_wconf 84' lang='lat' dir='ltr'>alibi</span> <span class='ocrx_word' id='word_1_204' title='bbox 1545 1116 1683 1149; x_wconf 86' lang='lat' dir='ltr'>quoque</span> <span class='ocrx_word' id='word_1_205' title='bbox 1708 1106 1789 1140; x_wconf 90' lang='lat' dir='ltr'>dicit</span> 
     </span>
     <span class='ocr_line' id='line_1_18' title="bbox 116 1160 1789 1208; baseline 0.001 -13"><span class='ocrx_word' id='word_1_206' title='bbox 116 1163 289 1208; x_wconf 88' lang='lat' dir='ltr'>psalmista</span> <span class='ocrx_word' id='word_1_207' title='bbox 310 1162 338 1195; x_wconf 73' lang='lat' dir='ltr'>‘z</span> <span class='ocrx_word' id='word_1_208' title='bbox 361 1163 422 1195; x_wconf 87' lang='lat' dir='ltr'>nisi</span> <span class='ocrx_word' id='word_1_209' title='bbox 449 1164 604 1196; x_wconf 59' lang='lat' dir='ltr'>conversi</span> <span class='ocrx_word' id='word_1_210' title='bbox 630 1162 779 1198; x_wconf 70' lang='lat' dir='ltr'>fueritis.</span> <span class='ocrx_word' id='word_1_211' title='bbox 802 1162 954 1207; x_wconf 74' lang='lat' dir='ltr'>gladium</span> <span class='ocrx_word' id='word_1_212' title='bbox 982 1173 1080 1195; x_wconf 80' lang='lat' dir='ltr'>suum</span> <span class='ocrx_word' id='word_1_213' title='bbox 1107 1160 1375 1207; x_wconf 79' lang='lat' dir='ltr'>splendificabit:</span> <span class='ocrx_word' id='word_1_214' title='bbox 1402 1174 1443 1194; x_wconf 92' lang='lat' dir='ltr'>en</span> <span class='ocrx_word' id='word_1_215' title='bbox 1470 1173 1587 1194; x_wconf 86' lang='lat' dir='ltr'>arcum</span> <span class='ocrx_word' id='word_1_216' title='bbox 1613 1173 1713 1196; x_wconf 87' lang='lat' dir='ltr'>suum</span> <span class='ocrx_word' id='word_1_217' title='bbox 1740 1164 1789 1196; x_wconf 90' lang='lat' dir='ltr'>in-</span> 
     </span>
     <span class='ocr_line' id='line_1_19' title="bbox 118 1218 1785 1264; baseline 0.001 -12"><span class='ocrx_word' id='word_1_218' title='bbox 118 1219 223 1252; x_wconf 83' lang='lat' dir='ltr'>tendit</span> <span class='ocrx_word' id='word_1_219' title='bbox 250 1220 470 1264; x_wconf 69' lang='lat' dir='ltr'>paravitque;</span> <span class='ocrx_word' id='word_1_220' title='bbox 494 1219 539 1253; x_wconf 87' lang='lat' dir='ltr'>ibi</span> <span class='ocrx_word' id='word_1_221' title='bbox 567 1221 688 1254; x_wconf 83' lang='lat' dir='ltr'>mortis</span> <span class='ocrx_word' id='word_1_222' title='bbox 714 1220 937 1253; x_wconf 82' lang='lat' dir='ltr'>instrumenta</span> <span class='ocrx_word' id='word_1_223' title='bbox 965 1219 1152 1264; x_wconf 72' lang='lat' dir='ltr'>disposuit:</span> <span class='ocrx_word' id='word_1_224' title='bbox 1177 1219 1313 1264; x_wconf 76' lang='lat' dir='ltr'>sagittas</span> <span class='ocrx_word' id='word_1_225' title='bbox 1339 1231 1414 1251; x_wconf 82' lang='lat' dir='ltr'>suas</span> <span class='ocrx_word' id='word_1_226' title='bbox 1441 1218 1640 1252; x_wconf 77' lang='lat' dir='ltr'>ardentibus</span> <span class='ocrx_word' id='word_1_227' title='bbox 1665 1220 1785 1254; x_wconf 81' lang='lat' dir='ltr'>effecit.</span> 
     </span>
    </p>

    <p class='ocr_par' dir='ltr' id='par_1_5' title="bbox 289 1294 1621 1361">
     <span class='ocr_line' id='line_1_20' title="bbox 289 1294 1621 1321; baseline -0.001 -5"><span class='ocrx_word' id='word_1_228' title='bbox 289 1295 327 1316; x_wconf 76' lang='lat' dir='ltr'>Et</span> <span class='ocrx_word' id='word_1_229' title='bbox 346 1295 488 1321; x_wconf 67' lang='lat' dir='ltr'>Intende,</span> <span class='ocrx_word' id='word_1_230' title='bbox 505 1297 534 1316; x_wconf 70' lang='lat' dir='ltr'>et</span> <span class='ocrx_word' id='word_1_231' title='bbox 552 1301 697 1321; x_wconf 75' lang='lat' dir='ltr'>prospere</span> <span class='ocrx_word' id='word_1_232' title='bbox 713 1301 786 1321; x_wconf 62' lang='lat' dir='ltr'>age,</span> <span class='ocrx_word' id='word_1_233' title='bbox 802 1296 832 1317; x_wconf 78' lang='lat' dir='ltr'>et</span> <span class='ocrx_word' id='word_1_234' title='bbox 850 1300 963 1321; x_wconf 66' lang='lat' dir='ltr'>regna,</span> <span class='ocrx_word' id='word_1_235' title='bbox 981 1296 1109 1320; x_wconf 77' lang='lat' dir='ltr'>propter</span> <span class='ocrx_word' id='word_1_236' title='bbox 1127 1294 1289 1315; x_wconf 71' lang='lat' dir='ltr'>vei-itatem</span> <span class='ocrx_word' id='word_1_237' title='bbox 1306 1296 1335 1315; x_wconf 73' lang='lat' dir='ltr'>et</span> <span class='ocrx_word' id='word_1_238' title='bbox 1353 1294 1621 1316; x_wconf 75' lang='lat' dir='ltr'>mansuetudinem</span> 
     </span>
     <span class='ocr_line' id='line_1_21' title="bbox 843 1339 1061 1361; baseline -0.005 0"><span class='ocrx_word' id='word_1_239' title='bbox 843 1346 878 1361; x_wconf 76' lang='lat' dir='ltr'>ac</span> <span class='ocrx_word' id='word_1_240' title='bbox 896 1339 1061 1361; x_wconf 70' lang='lat' dir='ltr'>iustitiam.</span> 
     </span>
    </p>
   </div>
   <div class='ocr_carea' id='block_1_3' title="bbox 111 1392 1794 2761">
    <p class='ocr_par' dir='ltr' id='par_1_6' title="bbox 111 1392 1794 2761">
     <span class='ocr_line' id='line_1_22' title="bbox 212 1392 1789 1439; baseline 0.001 -13"><span class='ocrx_word' id='word_1_241' title='bbox 212 1394 377 1439; x_wconf 85' lang='lat' dir='ltr'>Prospere</span> <span class='ocrx_word' id='word_1_242' title='bbox 403 1405 462 1439; x_wconf 80' lang='lat' dir='ltr'>age</span> <span class='ocrx_word' id='word_1_243' title='bbox 488 1394 588 1431; x_wconf 75' lang='lat' dir='ltr'>dicit,</span> <span class='ocrx_word' id='word_1_244' title='bbox 611 1405 675 1439; x_wconf 84' lang='lat' dir='ltr'>pro</span> <span class='ocrx_word' id='word_1_245' title='bbox 701 1393 779 1427; x_wconf 86' lang='lat' dir='ltr'>iube</span> <span class='ocrx_word' id='word_1_246' title='bbox 806 1392 985 1427; x_wconf 78' lang='lat' dir='ltr'>cuiuslibet</span> <span class='ocrx_word' id='word_1_247' title='bbox 1007 1392 1088 1426; x_wconf 87' lang='lat' dir='ltr'>boni</span> <span class='ocrx_word' id='word_1_248' title='bbox 1108 1393 1223 1438; x_wconf 82' lang='lat' dir='ltr'>operis</span> <span class='ocrx_word' id='word_1_249' title='bbox 1246 1399 1375 1426; x_wconf 84' lang='lat' dir='ltr'>rectum</span> <span class='ocrx_word' id='word_1_250' title='bbox 1405 1394 1466 1426; x_wconf 83' lang='lat' dir='ltr'>iter</span> <span class='ocrx_word' id='word_1_251' title='bbox 1493 1399 1607 1427; x_wconf 87' lang='lat' dir='ltr'>tenere</span> <span class='ocrx_word' id='word_1_252' title='bbox 1633 1405 1710 1431; x_wconf 88' lang='lat' dir='ltr'>eos,</span> <span class='ocrx_word' id='word_1_253' title='bbox 1731 1395 1789 1439; x_wconf 89' lang='lat' dir='ltr'>qui</span> 
     </span>
     <span class='ocr_line' id='line_1_23' title="bbox 116 1450 1790 1495; baseline 0.001 -13"><span class='ocrx_word' id='word_1_254' title='bbox 116 1456 209 1483; x_wconf 90' lang='lat' dir='ltr'>tuam</span> <span class='ocrx_word' id='word_1_255' title='bbox 236 1450 427 1484; x_wconf 83' lang='lat' dir='ltr'>doctrinam</span> <span class='ocrx_word' id='word_1_256' title='bbox 446 1451 565 1484; x_wconf 82' lang='lat' dir='ltr'>sectari</span> <span class='ocrx_word' id='word_1_257' title='bbox 589 1451 832 1487; x_wconf 71' lang='lat' dir='ltr'>decreverunt,</span> <span class='ocrx_word' id='word_1_258' title='bbox 855 1456 955 1494; x_wconf 86' lang='lat' dir='ltr'>atque</span> <span class='ocrx_word' id='word_1_259' title='bbox 975 1450 1019 1483; x_wconf 87' lang='lat' dir='ltr'>ita</span> <span class='ocrx_word' id='word_1_260' title='bbox 1039 1461 1142 1494; x_wconf 80' lang='lat' dir='ltr'>regna</span> <span class='ocrx_word' id='word_1_261' title='bbox 1162 1461 1264 1495; x_wconf 89' lang='lat' dir='ltr'>super</span> <span class='ocrx_word' id='word_1_262' title='bbox 1283 1461 1447 1495; x_wconf 81' lang='lat' dir='ltr'>prospere</span> <span class='ocrx_word' id='word_1_263' title='bbox 1467 1456 1616 1495; x_wconf 79' lang='lat' dir='ltr'>agentes.</span> <span class='ocrx_word' id='word_1_264' title='bbox 1646 1451 1790 1484; x_wconf 86' lang='lat' dir='ltr'>Cernere</span> 
     </span>
     <span class='ocr_line' id='line_1_24' title="bbox 116 1508 1790 1553; baseline 0.002 -13"><span class='ocrx_word' id='word_1_265' title='bbox 116 1514 228 1542; x_wconf 89' lang='lat' dir='ltr'>autem</span> <span class='ocrx_word' id='word_1_266' title='bbox 254 1514 304 1541; x_wconf 89' lang='lat' dir='ltr'>est</span> <span class='ocrx_word' id='word_1_267' title='bbox 328 1508 472 1542; x_wconf 86' lang='lat' dir='ltr'>multam</span> <span class='ocrx_word' id='word_1_268' title='bbox 498 1509 599 1542; x_wconf 80' lang='lat' dir='ltr'>huius</span> <span class='ocrx_word' id='word_1_269' title='bbox 624 1509 792 1542; x_wconf 85' lang='lat' dir='ltr'>sermonis</span> <span class='ocrx_word' id='word_1_270' title='bbox 819 1508 1067 1541; x_wconf 77' lang='lat' dir='ltr'>connexionem</span> <span class='ocrx_word' id='word_1_271' title='bbox 1094 1514 1195 1552; x_wconf 87' lang='lat' dir='ltr'>atque</span> <span class='ocrx_word' id='word_1_272' title='bbox 1225 1508 1409 1553; x_wconf 80' lang='lat' dir='ltr'>sequelam.</span> <span class='ocrx_word' id='word_1_273' title='bbox 1440 1509 1524 1541; x_wconf 88' lang='lat' dir='ltr'>Nam</span> <span class='ocrx_word' id='word_1_274' title='bbox 1552 1520 1658 1553; x_wconf 89' lang='lat' dir='ltr'>quum</span> <span class='ocrx_word' id='word_1_275' title='bbox 1688 1520 1790 1543; x_wconf 86' lang='lat' dir='ltr'>nemo</span> 
     </span>
     <span class='ocr_line' id='line_1_25' title="bbox 115 1564 1790 1610; baseline 0.001 -12"><span class='ocrx_word' id='word_1_276' title='bbox 115 1576 256 1610; x_wconf 88' lang='lat' dir='ltr'>prorsus</span> <span class='ocrx_word' id='word_1_277' title='bbox 276 1576 337 1610; x_wconf 84' lang='lat' dir='ltr'>per</span> <span class='ocrx_word' id='word_1_278' title='bbox 355 1566 444 1599; x_wconf 86' lang='lat' dir='ltr'>viam</span> <span class='ocrx_word' id='word_1_279' title='bbox 463 1565 568 1599; x_wconf 81' lang='lat' dir='ltr'>veluti</span> <span class='ocrx_word' id='word_1_280' title='bbox 595 1572 721 1599; x_wconf 86' lang='lat' dir='ltr'>rectam</span> <span class='ocrx_word' id='word_1_281' title='bbox 742 1565 784 1598; x_wconf 88' lang='lat' dir='ltr'>ad</span> <span class='ocrx_word' id='word_1_282' title='bbox 803 1565 863 1598; x_wconf 86' lang='lat' dir='ltr'>Dei</span> <span class='ocrx_word' id='word_1_283' title='bbox 883 1564 1137 1610; x_wconf 82' lang='lat' dir='ltr'>beneplacitum</span> <span class='ocrx_word' id='word_1_284' title='bbox 1156 1576 1300 1609; x_wconf 81' lang='lat' dir='ltr'>pergere</span> <span class='ocrx_word' id='word_1_285' title='bbox 1319 1572 1453 1610; x_wconf 83' lang='lat' dir='ltr'>posset,</span> <span class='ocrx_word' id='word_1_286' title='bbox 1476 1566 1692 1610; x_wconf 86' lang='lat' dir='ltr'>opprimente</span> <span class='ocrx_word' id='word_1_287' title='bbox 1717 1567 1790 1600; x_wconf 83' lang='lat' dir='ltr'>dia-</span> 
     </span>
     <span class='ocr_line' id='line_1_26' title="bbox 116 1621 1788 1669; baseline 0.002 -15"><span class='ocrx_word' id='word_1_288' title='bbox 116 1621 214 1661; x_wconf 81' lang='lat' dir='ltr'>bolo,</span> <span class='ocrx_word' id='word_1_289' title='bbox 238 1622 365 1656; x_wconf 84' lang='lat' dir='ltr'>idcirco</span> <span class='ocrx_word' id='word_1_290' title='bbox 384 1623 674 1668; x_wconf 80' lang='lat' dir='ltr'>opportunissime</span> <span class='ocrx_word' id='word_1_291' title='bbox 694 1624 806 1669; x_wconf 91' lang='lat' dir='ltr'>primo</span> <span class='ocrx_word' id='word_1_292' title='bbox 826 1633 942 1656; x_wconf 88' lang='lat' dir='ltr'>arcum</span> <span class='ocrx_word' id='word_1_293' title='bbox 963 1621 1127 1660; x_wconf 81' lang='lat' dir='ltr'>intendit,</span> <span class='ocrx_word' id='word_1_294' title='bbox 1151 1628 1186 1655; x_wconf 84' lang='lat' dir='ltr'>ut</span> <span class='ocrx_word' id='word_1_295' title='bbox 1206 1629 1322 1656; x_wconf 85' lang='lat' dir='ltr'>amoto</span> <span class='ocrx_word' id='word_1_296' title='bbox 1348 1622 1489 1656; x_wconf 87' lang='lat' dir='ltr'>diabolo</span> <span class='ocrx_word' id='word_1_297' title='bbox 1507 1624 1646 1668; x_wconf 87' lang='lat' dir='ltr'>eiusque</span> <span class='ocrx_word' id='word_1_298' title='bbox 1674 1625 1788 1664; x_wconf 84' lang='lat' dir='ltr'>sociis,</span> 
     </span>
     <span class='ocr_line' id='line_1_27' title="bbox 114 1679 1792 1726; baseline 0.001 -14"><span class='ocrx_word' id='word_1_299' title='bbox 114 1681 172 1725; x_wconf 86' lang='lat' dir='ltr'>qui</span> <span class='ocrx_word' id='word_1_300' title='bbox 200 1679 310 1714; x_wconf 87' lang='lat' dir='ltr'>bonae</span> <span class='ocrx_word' id='word_1_301' title='bbox 337 1687 533 1714; x_wconf 81' lang='lat' dir='ltr'>sanctorum</span> <span class='ocrx_word' id='word_1_302' title='bbox 558 1680 725 1714; x_wconf 62' lang='lat' dir='ltr'>voluntati</span> <span class='ocrx_word' id='word_1_303' title='bbox 753 1680 993 1718; x_wconf 64' lang='lat' dir='ltr'>adversantur,</span> <span class='ocrx_word' id='word_1_304' title='bbox 1017 1680 1145 1725; x_wconf 72' lang='lat' dir='ltr'>possint</span> <span class='ocrx_word' id='word_1_305' title='bbox 1165 1680 1199 1713; x_wconf 86' lang='lat' dir='ltr'>hi</span> <span class='ocrx_word' id='word_1_306' title='bbox 1220 1680 1380 1725; x_wconf 87' lang='lat' dir='ltr'>deinceps</span> <span class='ocrx_word' id='word_1_307' title='bbox 1399 1691 1563 1726; x_wconf 85' lang='lat' dir='ltr'>prospere</span> <span class='ocrx_word' id='word_1_308' title='bbox 1589 1691 1705 1725; x_wconf 79' lang='lat' dir='ltr'>agere,</span> <span class='ocrx_word' id='word_1_309' title='bbox 1728 1692 1792 1726; x_wconf 91' lang='lat' dir='ltr'>pu-</span> 
     </span>
     <span class='ocr_line' id='line_1_28' title="bbox 116 1737 1792 1783; baseline 0.001 -13"><span class='ocrx_word' id='word_1_310' title='bbox 116 1749 220 1782; x_wconf 86' lang='lat' dir='ltr'>raque</span> <span class='ocrx_word' id='word_1_311' title='bbox 246 1739 297 1770; x_wconf 78' lang='lat' dir='ltr'>via</span> <span class='ocrx_word' id='word_1_312' title='bbox 325 1737 500 1775; x_wconf 82' lang='lat' dir='ltr'>incedere,</span> <span class='ocrx_word' id='word_1_313' title='bbox 523 1744 743 1783; x_wconf 68' lang='lat' dir='ltr'>oppugnante</span> <span class='ocrx_word' id='word_1_314' title='bbox 762 1749 799 1771; x_wconf 83' lang='lat' dir='ltr'>ae</span> <span class='ocrx_word' id='word_1_315' title='bbox 819 1739 996 1771; x_wconf 84' lang='lat' dir='ltr'>resistente</span> <span class='ocrx_word' id='word_1_316' title='bbox 1023 1738 1177 1775; x_wconf 82' lang='lat' dir='ltr'>nemine,</span> <span class='ocrx_word' id='word_1_317' title='bbox 1198 1737 1384 1783; x_wconf 87' lang='lat' dir='ltr'>quominus</span> <span class='ocrx_word' id='word_1_318' title='bbox 1410 1739 1505 1782; x_wconf 84' lang='lat' dir='ltr'>regni</span> <span class='ocrx_word' id='word_1_319' title='bbox 1525 1737 1646 1771; x_wconf 86' lang='lat' dir='ltr'>Christi</span> <span class='ocrx_word' id='word_1_320' title='bbox 1674 1738 1792 1783; x_wconf 83' lang='lat' dir='ltr'>iugum</span> 
     </span>
     <span class='ocr_line' id='line_1_29' title="bbox 113 1795 1792 1841; baseline 0.001 -13"><span class='ocrx_word' id='word_1_321' title='bbox 113 1795 230 1829; x_wconf 82' lang='lat' dir='ltr'>subire</span> <span class='ocrx_word' id='word_1_322' title='bbox 249 1802 386 1841; x_wconf 83' lang='lat' dir='ltr'>queant.</span> <span class='ocrx_word' id='word_1_323' title='bbox 416 1797 516 1829; x_wconf 87' lang='lat' dir='ltr'>Recte</span> <span class='ocrx_word' id='word_1_324' title='bbox 535 1807 618 1841; x_wconf 80' lang='lat' dir='ltr'>ergo</span> <span class='ocrx_word' id='word_1_325' title='bbox 638 1797 731 1829; x_wconf 78' lang='lat' dir='ltr'>aiunt</span> <span class='ocrx_word' id='word_1_326' title='bbox 752 1796 863 1841; x_wconf 83' lang='lat' dir='ltr'>primo</span> <span class='ocrx_word' id='word_1_327' title='bbox 882 1795 1021 1829; x_wconf 85' lang='lat' dir='ltr'>intende</span> <span class='ocrx_word' id='word_1_328' title='bbox 1034 1822 1041 1833; x_wconf 83' lang='grc'>,</span> <span class='ocrx_word' id='word_1_329' title='bbox 1063 1795 1188 1829; x_wconf 84' lang='lat' dir='ltr'>deinde</span> <span class='ocrx_word' id='word_1_330' title='bbox 1208 1808 1374 1841; x_wconf 85' lang='lat' dir='ltr'>prospere</span> <span class='ocrx_word' id='word_1_331' title='bbox 1393 1808 1453 1840; x_wconf 75' lang='lat' dir='ltr'>age</span> <span class='ocrx_word' id='word_1_332' title='bbox 1466 1822 1473 1832; x_wconf 83' lang='grc'>,</span> <span class='ocrx_word' id='word_1_333' title='bbox 1495 1808 1574 1829; x_wconf 72' lang='lat' dir='ltr'>mox</span> <span class='ocrx_word' id='word_1_334' title='bbox 1594 1797 1695 1830; x_wconf 86' lang='lat' dir='ltr'>tertio</span> <span class='ocrx_word' id='word_1_335' title='bbox 1715 1796 1792 1830; x_wconf 85' lang='lat' dir='ltr'>loco</span> 
     </span>
     <span class='ocr_line' id='line_1_30' title="bbox 116 1852 1793 1898; baseline 0.001 -13"><span class='ocrx_word' id='word_1_336' title='bbox 116 1864 231 1897; x_wconf 84' lang='lat' dir='ltr'>regna.</span> <span class='ocrx_word' id='word_1_337' title='bbox 262 1852 401 1885; x_wconf 86' lang='lat' dir='ltr'>Addunt</span> <span class='ocrx_word' id='word_1_338' title='bbox 428 1853 550 1885; x_wconf 87' lang='lat' dir='ltr'>etiam:</span> <span class='ocrx_word' id='word_1_339' title='bbox 576 1859 719 1898; x_wconf 84' lang='lat' dir='ltr'>propter</span> <span class='ocrx_word' id='word_1_340' title='bbox 745 1853 923 1886; x_wconf 70' lang='lat' dir='ltr'>veritatem</span> <span class='ocrx_word' id='word_1_341' title='bbox 949 1860 982 1886; x_wconf 88' lang='lat' dir='ltr'>et</span> <span class='ocrx_word' id='word_1_342' title='bbox 1010 1853 1306 1887; x_wconf 86' lang='lat' dir='ltr'>mansuetudinem</span> <span class='ocrx_word' id='word_1_343' title='bbox 1333 1864 1369 1886; x_wconf 90' lang='lat' dir='ltr'>ac</span> <span class='ocrx_word' id='word_1_344' title='bbox 1396 1853 1570 1886; x_wconf 86' lang='lat' dir='ltr'>iustitiam.</span> <span class='ocrx_word' id='word_1_345' title='bbox 1599 1854 1793 1887; x_wconf 78' lang='lat' dir='ltr'>Mansuetu-</span> 
     </span>
     <span class='ocr_line' id='line_1_31' title="bbox 114 1909 1792 1955; baseline 0.001 -14"><span class='ocrx_word' id='word_1_346' title='bbox 114 1909 248 1945; x_wconf 78' lang='lat' dir='ltr'>dinem.</span> <span class='ocrx_word' id='word_1_347' title='bbox 271 1916 305 1942; x_wconf 88' lang='lat' dir='ltr'>ut</span> <span class='ocrx_word' id='word_1_348' title='bbox 333 1921 430 1947; x_wconf 72' lang='lat' dir='ltr'>reor,</span> <span class='ocrx_word' id='word_1_349' title='bbox 453 1910 560 1942; x_wconf 89' lang='lat' dir='ltr'>immo</span> <span class='ocrx_word' id='word_1_350' title='bbox 586 1910 687 1943; x_wconf 90' lang='lat' dir='ltr'>etiam</span> <span class='ocrx_word' id='word_1_351' title='bbox 713 1911 891 1944; x_wconf 68' lang='lat' dir='ltr'>veritatem</span> <span class='ocrx_word' id='word_1_352' title='bbox 918 1922 956 1944; x_wconf 80' lang='lat' dir='ltr'>ac.</span> <span class='ocrx_word' id='word_1_353' title='bbox 983 1911 1162 1948; x_wconf 83' lang='lat' dir='ltr'>iustitiam,</span> <span class='ocrx_word' id='word_1_354' title='bbox 1185 1911 1267 1944; x_wconf 89' lang='lat' dir='ltr'>nihil</span> <span class='ocrx_word' id='word_1_355' title='bbox 1297 1910 1390 1943; x_wconf 87' lang='lat' dir='ltr'>aliud</span> <span class='ocrx_word' id='word_1_356' title='bbox 1417 1922 1489 1943; x_wconf 71' lang='lat' dir='ltr'>esse</span> <span class='ocrx_word' id='word_1_357' title='bbox 1514 1910 1664 1943; x_wconf 82' lang='lat' dir='ltr'>dicentes</span> <span class='ocrx_word' id='word_1_358' title='bbox 1689 1922 1792 1955; x_wconf 80' lang='lat' dir='ltr'>quani</span> 
     </span>
     <span class='ocr_line' id='line_1_32' title="bbox 113 1967 1791 2013; baseline 0.001 -14"><span class='ocrx_word' id='word_1_359' title='bbox 113 1967 344 2011; x_wconf 73' lang='lat' dir='ltr'>evangelicam</span> <span class='ocrx_word' id='word_1_360' title='bbox 371 1967 563 2000; x_wconf 84' lang='lat' dir='ltr'>doctrinam</span> <span class='ocrx_word' id='word_1_361' title='bbox 590 1978 651 2012; x_wconf 90' lang='lat' dir='ltr'>per</span> <span class='ocrx_word' id='word_1_362' title='bbox 676 1978 780 2012; x_wconf 86' lang='lat' dir='ltr'>quam</span> <span class='ocrx_word' id='word_1_363' title='bbox 805 1967 939 2001; x_wconf 88' lang='lat' dir='ltr'>Christo</span> <span class='ocrx_word' id='word_1_364' title='bbox 966 1967 1106 2001; x_wconf 85' lang='lat' dir='ltr'>subiecti</span> <span class='ocrx_word' id='word_1_365' title='bbox 1134 1979 1269 2001; x_wconf 88' lang='lat' dir='ltr'>sumus:</span> <span class='ocrx_word' id='word_1_366' title='bbox 1292 1969 1416 2001; x_wconf 88' lang='lat' dir='ltr'>etenim</span> <span class='ocrx_word' id='word_1_367' title='bbox 1444 1979 1505 2013; x_wconf 88' lang='lat' dir='ltr'>per</span> <span class='ocrx_word' id='word_1_368' title='bbox 1531 1967 1618 2001; x_wconf 83' lang='lat' dir='ltr'>hanc</span> <span class='ocrx_word' id='word_1_369' title='bbox 1645 1968 1791 2001; x_wconf 80' lang='lat' dir='ltr'>universi</span> 
     </span>
     <span class='ocr_line' id='line_1_33' title="bbox 113 2024 1792 2071; baseline 0 -13"><span class='ocrx_word' id='word_1_370' title='bbox 113 2024 208 2059; x_wconf 90' lang='lat' dir='ltr'>orbis</span> <span class='ocrx_word' id='word_1_371' title='bbox 234 2026 262 2058; x_wconf 89' lang='lat' dir='ltr'>is</span> <span class='ocrx_word' id='word_1_372' title='bbox 288 2037 433 2071; x_wconf 80' lang='lat' dir='ltr'>regnum</span> <span class='ocrx_word' id='word_1_373' title='bbox 459 2025 621 2059; x_wconf 74' lang='lat' dir='ltr'>obtinuit.</span> <span class='ocrx_word' id='word_1_374' title='bbox 650 2026 707 2059; x_wconf 87' lang='lat' dir='ltr'>Est</span> <span class='ocrx_word' id='word_1_375' title='bbox 733 2031 846 2059; x_wconf 87' lang='lat' dir='ltr'>autem</span> <span class='ocrx_word' id='word_1_376' title='bbox 871 2027 1014 2064; x_wconf 65' lang='lat' dir='ltr'>veritas,</span> <span class='ocrx_word' id='word_1_377' title='bbox 1037 2032 1203 2071; x_wconf 86' lang='lat' dir='ltr'>quatenus</span> <span class='ocrx_word' id='word_1_378' title='bbox 1228 2033 1330 2071; x_wconf 78' lang='lat' dir='ltr'>typos</span> <span class='ocrx_word' id='word_1_379' title='bbox 1355 2027 1459 2060; x_wconf 75' lang='lat' dir='ltr'>vincit</span> <span class='ocrx_word' id='word_1_380' title='bbox 1478 2032 1511 2059; x_wconf 91' lang='lat' dir='ltr'>et</span> <span class='ocrx_word' id='word_1_381' title='bbox 1533 2025 1692 2059; x_wconf 87' lang='lat' dir='ltr'>umbram</span> <span class='ocrx_word' id='word_1_382' title='bbox 1717 2037 1792 2059; x_wconf 87' lang='lat' dir='ltr'>mo-</span> 
     </span>
     <span class='ocr_line' id='line_1_34' title="bbox 112 2082 1791 2128; baseline 0 -12"><span class='ocrx_word' id='word_1_383' title='bbox 112 2083 255 2121; x_wconf 79' lang='lat' dir='ltr'>saicam,</span> <span class='ocrx_word' id='word_1_384' title='bbox 278 2082 438 2128; x_wconf 89' lang='lat' dir='ltr'>nudeque</span> <span class='ocrx_word' id='word_1_385' title='bbox 465 2089 497 2115; x_wconf 85' lang='lat' dir='ltr'>et</span> <span class='ocrx_word' id='word_1_386' title='bbox 524 2083 594 2115; x_wconf 88' lang='lat' dir='ltr'>sine</span> <span class='ocrx_word' id='word_1_387' title='bbox 621 2082 806 2116; x_wconf 81' lang='lat' dir='ltr'>involucris</span> <span class='ocrx_word' id='word_1_388' title='bbox 832 2084 1030 2128; x_wconf 65' lang='lat' dir='ltr'>mysterium</span> <span class='ocrx_word' id='word_1_389' title='bbox 1052 2083 1172 2116; x_wconf 86' lang='lat' dir='ltr'>Christi</span> <span class='ocrx_word' id='word_1_390' title='bbox 1193 2083 1305 2117; x_wconf 86' lang='lat' dir='ltr'>docet.</span> <span class='ocrx_word' id='word_1_391' title='bbox 1335 2083 1630 2116; x_wconf 85' lang='lat' dir='ltr'>Mansuetudinem</span> <span class='ocrx_word' id='word_1_392' title='bbox 1654 2094 1791 2127; x_wconf 81' lang='lat' dir='ltr'>quoque</span> 
     </span>
     <span class='ocr_line' id='line_1_35' title="bbox 115 2140 1792 2187; baseline 0 -14"><span class='ocrx_word' id='word_1_393' title='bbox 115 2141 288 2177; x_wconf 82' lang='lat' dir='ltr'>nominat,</span> <span class='ocrx_word' id='word_1_394' title='bbox 309 2141 388 2185; x_wconf 89' lang='lat' dir='ltr'>quia</span> <span class='ocrx_word' id='word_1_395' title='bbox 416 2140 498 2185; x_wconf 78' lang='lat' dir='ltr'>legis</span> <span class='ocrx_word' id='word_1_396' title='bbox 525 2146 615 2174; x_wconf 87' lang='lat' dir='ltr'>caret</span> <span class='ocrx_word' id='word_1_397' title='bbox 641 2141 832 2175; x_wconf 79' lang='lat' dir='ltr'>severitate.</span> <span class='ocrx_word' id='word_1_398' title='bbox 860 2143 1036 2187; x_wconf 83' lang='lat' dir='ltr'>Namque,</span> <span class='ocrx_word' id='word_1_399' title='bbox 1058 2148 1093 2174; x_wconf 90' lang='lat' dir='ltr'>ut</span> <span class='ocrx_word' id='word_1_400' title='bbox 1114 2141 1237 2174; x_wconf 79' lang='lat' dir='ltr'>Paulus</span> <span class='ocrx_word' id='word_1_401' title='bbox 1263 2142 1305 2174; x_wconf 86' lang='lat' dir='ltr'>ait</span> <span class='ocrx_word' id='word_1_402' title='bbox 1328 2142 1357 2177; x_wconf 70' lang='lat'>².</span> <span class='ocrx_word' id='word_1_403' title='bbox 1380 2143 1437 2186; x_wconf 90' lang='lat' dir='ltr'>qui</span> <span class='ocrx_word' id='word_1_404' title='bbox 1465 2142 1590 2185; x_wconf 63' lang='lat' dir='ltr'>Moysis</span> <span class='ocrx_word' id='word_1_405' title='bbox 1610 2140 1719 2185; x_wconf 80' lang='lat' dir='ltr'>legem</span> <span class='ocrx_word' id='word_1_406' title='bbox 1746 2142 1792 2174; x_wconf 91' lang='lat' dir='ltr'>ir-</span> 
     </span>
     <span class='ocr_line' id='line_1_36' title="bbox 114 2196 1791 2235; baseline 0 -5"><span class='ocrx_word' id='word_1_407' title='bbox 114 2198 214 2231; x_wconf 89' lang='lat' dir='ltr'>ritam</span> <span class='ocrx_word' id='word_1_408' title='bbox 241 2197 390 2235; x_wconf 77' lang='lat' dir='ltr'>fecisset,</span> <span class='ocrx_word' id='word_1_409' title='bbox 412 2199 440 2230; x_wconf 83' lang='lat' dir='ltr'>is</span> <span class='ocrx_word' id='word_1_410' title='bbox 465 2199 537 2231; x_wconf 81' lang='lat' dir='ltr'>sine</span> <span class='ocrx_word' id='word_1_411' title='bbox 564 2199 780 2232; x_wconf 88' lang='lat' dir='ltr'>miseratione</span> <span class='ocrx_word' id='word_1_412' title='bbox 801 2197 865 2232; x_wconf 86' lang='lat' dir='ltr'>sub</span> <span class='ocrx_word' id='word_1_413' title='bbox 884 2199 1034 2232; x_wconf 88' lang='lat' dir='ltr'>duorum</span> <span class='ocrx_word' id='word_1_414' title='bbox 1060 2199 1112 2231; x_wconf 62' lang='lat' dir='ltr'>iel</span> <span class='ocrx_word' id='word_1_415' title='bbox 1142 2199 1245 2231; x_wconf 88' lang='lat' dir='ltr'>trium</span> <span class='ocrx_word' id='word_1_416' title='bbox 1264 2199 1461 2232; x_wconf 83' lang='lat' dir='ltr'>testimonio</span> <span class='ocrx_word' id='word_1_417' title='bbox 1486 2196 1684 2231; x_wconf 86' lang='lat' dir='ltr'>necabatur.</span> <span class='ocrx_word' id='word_1_418' title='bbox 1714 2198 1791 2230; x_wconf 84' lang='lat' dir='ltr'>Alio</span> 
     </span>
     <span class='ocr_line' id='line_1_37' title="bbox 112 2255 1792 2301; baseline 0.001 -14"><span class='ocrx_word' id='word_1_419' title='bbox 112 2266 251 2300; x_wconf 84' lang='lat' dir='ltr'>quoque</span> <span class='ocrx_word' id='word_1_420' title='bbox 271 2268 370 2290; x_wconf 80' lang='lat' dir='ltr'>seusu</span> <span class='ocrx_word' id='word_1_421' title='bbox 391 2255 585 2300; x_wconf 70' lang='lat' dir='ltr'>evangelica</span> <span class='ocrx_word' id='word_1_422' title='bbox 606 2255 762 2289; x_wconf 87' lang='lat' dir='ltr'>doctrina</span> <span class='ocrx_word' id='word_1_423' title='bbox 782 2256 1009 2290; x_wconf 87' lang='lat' dir='ltr'>mansuetudo</span> <span class='ocrx_word' id='word_1_424' title='bbox 1029 2256 1172 2289; x_wconf 87' lang='lat' dir='ltr'>dicitur:</span> <span class='ocrx_word' id='word_1_425' title='bbox 1197 2257 1273 2290; x_wconf 81' lang='lat' dir='ltr'>facit</span> <span class='ocrx_word' id='word_1_426' title='bbox 1293 2257 1384 2290; x_wconf 88' lang='lat' dir='ltr'>enim</span> <span class='ocrx_word' id='word_1_427' title='bbox 1404 2262 1598 2290; x_wconf 81' lang='lat' dir='ltr'>mansuetos</span> <span class='ocrx_word' id='word_1_428' title='bbox 1617 2257 1675 2301; x_wconf 82' lang='lat' dir='ltr'>qui</span> <span class='ocrx_word' id='word_1_429' title='bbox 1695 2255 1792 2288; x_wconf 90' lang='lat' dir='ltr'>Chri-</span> 
     </span>
     <span class='ocr_line' id='line_1_38' title="bbox 112 2312 1788 2359; baseline 0.001 -15"><span class='ocrx_word' id='word_1_430' title='bbox 112 2318 165 2346; x_wconf 80' lang='lat' dir='ltr'>sto</span> <span class='ocrx_word' id='word_1_431' title='bbox 183 2312 345 2351; x_wconf 84' lang='lat' dir='ltr'>eredunt,</span> <span class='ocrx_word' id='word_1_432' title='bbox 364 2324 431 2345; x_wconf 76' lang='lat' dir='ltr'>non</span> <span class='ocrx_word' id='word_1_433' title='bbox 452 2312 582 2345; x_wconf 86' lang='lat' dir='ltr'>ultores</span> <span class='ocrx_word' id='word_1_434' title='bbox 600 2324 710 2358; x_wconf 85' lang='lat' dir='ltr'>neque</span> <span class='ocrx_word' id='word_1_435' title='bbox 729 2313 929 2351; x_wconf 81' lang='lat' dir='ltr'>iracundos,</span> <span class='ocrx_word' id='word_1_436' title='bbox 951 2325 1061 2358; x_wconf 89' lang='lat' dir='ltr'>neque</span> <span class='ocrx_word' id='word_1_437' title='bbox 1079 2314 1218 2347; x_wconf 86' lang='lat' dir='ltr'>oculum</span> <span class='ocrx_word' id='word_1_438' title='bbox 1238 2325 1303 2359; x_wconf 91' lang='lat' dir='ltr'>pro</span> <span class='ocrx_word' id='word_1_439' title='bbox 1321 2314 1440 2353; x_wconf 88' lang='lat' dir='ltr'>oculo,</span> <span class='ocrx_word' id='word_1_440' title='bbox 1461 2314 1583 2359; x_wconf 88' lang='lat' dir='ltr'>pedem</span> <span class='ocrx_word' id='word_1_441' title='bbox 1604 2325 1667 2358; x_wconf 90' lang='lat' dir='ltr'>pro</span> <span class='ocrx_word' id='word_1_442' title='bbox 1686 2313 1788 2358; x_wconf 80' lang='lat' dir='ltr'>pede,</span> 
     </span>
     <span class='ocr_line' id='line_1_39' title="bbox 113 2370 1794 2416; baseline 0.001 -14"><span class='ocrx_word' id='word_1_443' title='bbox 113 2381 252 2403; x_wconf 90' lang='lat' dir='ltr'>manum</span> <span class='ocrx_word' id='word_1_444' title='bbox 274 2382 338 2415; x_wconf 87' lang='lat' dir='ltr'>pro</span> <span class='ocrx_word' id='word_1_445' title='bbox 357 2382 461 2403; x_wconf 88' lang='lat' dir='ltr'>manu</span> <span class='ocrx_word' id='word_1_446' title='bbox 482 2376 693 2415; x_wconf 89' lang='lat' dir='ltr'>repetentes;</span> <span class='ocrx_word' id='word_1_447' title='bbox 714 2371 773 2404; x_wconf 91' lang='lat' dir='ltr'>sed</span> <span class='ocrx_word' id='word_1_448' title='bbox 801 2371 1002 2416; x_wconf 86' lang='lat' dir='ltr'>percutienti</span> <span class='ocrx_word' id='word_1_449' title='bbox 1023 2372 1138 2416; x_wconf 89' lang='lat' dir='ltr'>potius</span> <span class='ocrx_word' id='word_1_450' title='bbox 1157 2371 1313 2405; x_wconf 74' lang='lat' dir='ltr'>dextram</span> <span class='ocrx_word' id='word_1_451' title='bbox 1332 2372 1524 2407; x_wconf 79' lang='lat' dir='ltr'>maxillam,</span> <span class='ocrx_word' id='word_1_452' title='bbox 1548 2370 1665 2404; x_wconf 86' lang='lat' dir='ltr'>suadet</span> <span class='ocrx_word' id='word_1_453' title='bbox 1693 2370 1794 2404; x_wconf 82' lang='lat' dir='ltr'>aliam</span> 
     </span>
     <span class='ocr_line' id='line_1_40' title="bbox 112 2427 1790 2474; baseline 0 -14"><span class='ocrx_word' id='word_1_454' title='bbox 112 2427 294 2464; x_wconf 81' lang='lat' dir='ltr'>exhibere:</span> <span class='ocrx_word' id='word_1_455' title='bbox 315 2428 486 2461; x_wconf 88' lang='lat' dir='ltr'>imitantes</span> <span class='ocrx_word' id='word_1_456' title='bbox 511 2440 589 2461; x_wconf 89' lang='lat' dir='ltr'>eum</span> <span class='ocrx_word' id='word_1_457' title='bbox 615 2429 673 2474; x_wconf 89' lang='lat' dir='ltr'>qui</span> <span class='ocrx_word' id='word_1_458' title='bbox 700 2428 785 2462; x_wconf 81' lang='lat' dir='ltr'>dixit</span> <span class='ocrx_word' id='word_1_459' title='bbox 805 2429 836 2462; x_wconf 74' lang='lat'>⁹:</span> <span class='ocrx_word' id='word_1_460' title='bbox 857 2429 975 2463; x_wconf 79' lang='lat' dir='ltr'>discite</span> <span class='ocrx_word' id='word_1_461' title='bbox 1001 2441 1018 2462; x_wconf 92' lang='lat' dir='ltr'>a</span> <span class='ocrx_word' id='word_1_462' title='bbox 1045 2441 1099 2462; x_wconf 78' lang='lat' dir='ltr'>nie</span> <span class='ocrx_word' id='word_1_463' title='bbox 1119 2430 1198 2474; x_wconf 88' lang='lat' dir='ltr'>quia</span> <span class='ocrx_word' id='word_1_464' title='bbox 1226 2430 1316 2462; x_wconf 81' lang='lat' dir='ltr'>mitis</span> <span class='ocrx_word' id='word_1_465' title='bbox 1342 2441 1415 2462; x_wconf 83' lang='lat' dir='ltr'>sum</span> <span class='ocrx_word' id='word_1_466' title='bbox 1443 2436 1472 2462; x_wconf 86' lang='lat' dir='ltr'>et</span> <span class='ocrx_word' id='word_1_467' title='bbox 1502 2429 1640 2461; x_wconf 83' lang='lat' dir='ltr'>humilis</span> <span class='ocrx_word' id='word_1_468' title='bbox 1667 2427 1790 2467; x_wconf 81' lang='lat' dir='ltr'>corde,</span> 
     </span>
     <span class='ocr_line' id='line_1_41' title="bbox 112 2485 1793 2531; baseline 0 -13"><span class='ocrx_word' id='word_1_469' title='bbox 112 2490 145 2518; x_wconf 83' lang='lat' dir='ltr'>et</span> <span class='ocrx_word' id='word_1_470' title='bbox 171 2485 350 2518; x_wconf 71' lang='lat' dir='ltr'>inxcnietis</span> <span class='ocrx_word' id='word_1_471' title='bbox 376 2487 529 2530; x_wconf 86' lang='lat' dir='ltr'>requiem</span> <span class='ocrx_word' id='word_1_472' title='bbox 556 2485 735 2520; x_wconf 87' lang='lat' dir='ltr'>animabus</span> <span class='ocrx_word' id='word_1_473' title='bbox 754 2487 886 2520; x_wconf 51' lang='lat' dir='ltr'>restris.</span> <span class='ocrx_word' id='word_1_474' title='bbox 916 2487 1016 2527; x_wconf 85' lang='lat' dir='ltr'>Quod</span> <span class='ocrx_word' id='word_1_475' title='bbox 1044 2487 1070 2519; x_wconf 85' lang='lat' dir='ltr'>si</span> <span class='ocrx_word' id='word_1_476' title='bbox 1096 2488 1172 2531; x_wconf 71' lang='lat' dir='ltr'>quis</span> <span class='ocrx_word' id='word_1_477' title='bbox 1199 2487 1300 2520; x_wconf 85' lang='lat' dir='ltr'>etiam</span> <span class='ocrx_word' id='word_1_478' title='bbox 1326 2487 1432 2521; x_wconf 81' lang='lat' dir='ltr'>dicat.</span> <span class='ocrx_word' id='word_1_479' title='bbox 1455 2486 1588 2519; x_wconf 74' lang='lat' dir='ltr'>Christo</span> <span class='ocrx_word' id='word_1_480' title='bbox 1615 2486 1676 2530; x_wconf 86' lang='lat' dir='ltr'>ipsi</span> <span class='ocrx_word' id='word_1_481' title='bbox 1705 2486 1793 2518; x_wconf 77' lang='lat' dir='ltr'>veri—</span> 
     </span>
     <span class='ocr_line' id='line_1_42' title="bbox 111 2542 1793 2589; baseline 0.001 -14"><span class='ocrx_word' id='word_1_482' title='bbox 111 2548 216 2576; x_wconf 78' lang='lat' dir='ltr'>tatem</span> <span class='ocrx_word' id='word_1_483' title='bbox 235 2542 471 2576; x_wconf 88' lang='lat' dir='ltr'>omnimodam</span> <span class='ocrx_word' id='word_1_484' title='bbox 492 2543 617 2581; x_wconf 81' lang='lat' dir='ltr'>inesse,</span> <span class='ocrx_word' id='word_1_485' title='bbox 635 2545 763 2589; x_wconf 89' lang='lat' dir='ltr'>quippe</span> <span class='ocrx_word' id='word_1_486' title='bbox 781 2545 839 2589; x_wconf 91' lang='lat' dir='ltr'>qui</span> <span class='ocrx_word' id='word_1_487' title='bbox 861 2544 992 2577; x_wconf 89' lang='lat' dir='ltr'>nullam</span> <span class='ocrx_word' id='word_1_488' title='bbox 1014 2546 1084 2577; x_wconf 70' lang='lat' dir='ltr'>Deo</span> <span class='ocrx_word' id='word_1_489' title='bbox 1103 2544 1242 2588; x_wconf 82' lang='lat' dir='ltr'>dignam</span> <span class='ocrx_word' id='word_1_490' title='bbox 1261 2544 1460 2589; x_wconf 73' lang='lat' dir='ltr'>qualitatem</span> <span class='ocrx_word' id='word_1_491' title='bbox 1482 2543 1669 2579; x_wconf 77' lang='lat' dir='ltr'>desideret.</span> <span class='ocrx_word' id='word_1_492' title='bbox 1687 2544 1793 2577; x_wconf 84' lang='lat' dir='ltr'>immo</span> 
     </span>
     <span class='ocr_line' id='line_1_43' title="bbox 111 2599 1793 2647; baseline 0 -13"><span class='ocrx_word' id='word_1_493' title='bbox 111 2606 145 2634; x_wconf 84' lang='lat' dir='ltr'>et</span> <span class='ocrx_word' id='word_1_494' title='bbox 171 2612 303 2634; x_wconf 88' lang='lat' dir='ltr'>summa</span> <span class='ocrx_word' id='word_1_495' title='bbox 329 2600 591 2634; x_wconf 88' lang='lat' dir='ltr'>mansuetudine</span> <span class='ocrx_word' id='word_1_496' title='bbox 616 2601 811 2646; x_wconf 90' lang='lat' dir='ltr'>iustitiaque</span> <span class='ocrx_word' id='word_1_497' title='bbox 837 2603 879 2635; x_wconf 86' lang='lat' dir='ltr'>sit</span> <span class='ocrx_word' id='word_1_498' title='bbox 905 2602 1095 2647; x_wconf 84' lang='lat' dir='ltr'>praeditus.</span> <span class='ocrx_word' id='word_1_499' title='bbox 1118 2601 1209 2634; x_wconf 77' lang='lat' dir='ltr'>haud</span> <span class='ocrx_word' id='word_1_500' title='bbox 1237 2613 1254 2635; x_wconf 78' lang='lat' dir='ltr'>a</span> <span class='ocrx_word' id='word_1_501' title='bbox 1281 2613 1359 2634; x_wconf 73' lang='lat' dir='ltr'>vera</span> <span class='ocrx_word' id='word_1_502' title='bbox 1387 2602 1667 2646; x_wconf 77' lang='lat' dir='ltr'>interpretatione</span> <span class='ocrx_word' id='word_1_503' title='bbox 1694 2599 1793 2634; x_wconf 84' lang='lat' dir='ltr'>aber-</span> 
     </span>
     <span class='ocr_line' id='line_1_44' title="bbox 112 2656 1794 2703; baseline 0.001 -14"><span class='ocrx_word' id='word_1_504' title='bbox 112 2656 213 2690; x_wconf 86' lang='lat' dir='ltr'>rabit.</span> <span class='ocrx_word' id='word_1_505' title='bbox 243 2659 329 2690; x_wconf 89' lang='lat' dir='ltr'>Nam</span> <span class='ocrx_word' id='word_1_506' title='bbox 356 2668 474 2702; x_wconf 84' lang='lat' dir='ltr'>reapse</span> <span class='ocrx_word' id='word_1_507' title='bbox 500 2664 574 2691; x_wconf 89' lang='lat' dir='ltr'>tum</span> <span class='ocrx_word' id='word_1_508' title='bbox 601 2664 712 2692; x_wconf 89' lang='lat' dir='ltr'>cetera</span> <span class='ocrx_word' id='word_1_509' title='bbox 738 2659 853 2692; x_wconf 87' lang='lat' dir='ltr'>omnia</span> <span class='ocrx_word' id='word_1_510' title='bbox 880 2660 1100 2693; x_wconf 85' lang='lat' dir='ltr'>continentur</span> <span class='ocrx_word' id='word_1_511' title='bbox 1126 2658 1330 2703; x_wconf 66' lang='lat' dir='ltr'>exangelicis</span> <span class='ocrx_word' id='word_1_512' title='bbox 1356 2658 1564 2703; x_wconf 79' lang='lat' dir='ltr'>praeceptis,</span> <span class='ocrx_word' id='word_1_513' title='bbox 1595 2663 1667 2692; x_wconf 88' lang='lat' dir='ltr'>tum</span> <span class='ocrx_word' id='word_1_514' title='bbox 1692 2658 1794 2692; x_wconf 86' lang='lat' dir='ltr'>etiam</span> 
     </span>
     <span class='ocr_line' id='line_1_45' title="bbox 111 2715 1205 2761; baseline 0 -13"><span class='ocrx_word' id='word_1_515' title='bbox 111 2715 250 2748; x_wconf 85' lang='lat' dir='ltr'>iustitia.</span> <span class='ocrx_word' id='word_1_516' title='bbox 280 2716 341 2748; x_wconf 84' lang='lat' dir='ltr'>llis</span> <span class='ocrx_word' id='word_1_517' title='bbox 366 2715 457 2748; x_wconf 86' lang='lat' dir='ltr'>euim</span> <span class='ocrx_word' id='word_1_518' title='bbox 483 2715 589 2748; x_wconf 80' lang='lat' dir='ltr'>sancti</span> <span class='ocrx_word' id='word_1_519' title='bbox 616 2721 649 2748; x_wconf 85' lang='lat' dir='ltr'>et</span> <span class='ocrx_word' id='word_1_520' title='bbox 675 2715 999 2761; x_wconf 78' lang='lat' dir='ltr'>inreprehensibiles</span> <span class='ocrx_word' id='word_1_521' title='bbox 1026 2716 1205 2750; x_wconf 78' lang='lat' dir='ltr'>efficimur.</span> 
     </span>
    </p>
   </div>
   <div class='ocr_carea' id='block_1_4' title="bbox 210 2798 1675 2880">
    <p class='ocr_par' dir='ltr' id='par_1_7' title="bbox 210 2798 1675 2880">
     <span class='ocr_line' id='line_1_46' title="bbox 210 2798 705 2833; baseline 0 -9"><span class='ocrx_word' id='word_1_522' title='bbox 210 2802 246 2830; x_wconf 57' lang='grc'>(1)</span> <span class='ocrx_word' id='word_1_523' title='bbox 265 2798 364 2825; x_wconf 73' lang='lat' dir='ltr'>Adhuc</span> <span class='ocrx_word' id='word_1_524' title='bbox 383 2798 416 2824; x_wconf 86' lang='lat' dir='ltr'>de</span> <span class='ocrx_word' id='word_1_525' title='bbox 436 2802 545 2832; x_wconf 81' lang='lat' dir='ltr'>peccato</span> <span class='ocrx_word' id='word_1_526' title='bbox 565 2798 705 2833; x_wconf 78' lang='lat' dir='ltr'>originali.</span> 
     </span>
     <span class='ocr_line' id='line_1_47' title="bbox 210 2841 1675 2880; baseline 0.001 -12"><span class='ocrx_word' id='word_1_527' title='bbox 210 2845 246 2873; x_wconf 57' lang='lat'>423»</span> <span class='ocrx_word' id='word_1_528' title='bbox 265 2843 365 2870; x_wconf 86' lang='lat' dir='ltr'>Contra</span> <span class='ocrx_word' id='word_1_529' title='bbox 386 2842 502 2870; x_wconf 75' lang='lat' dir='ltr'>Arianos</span> <span class='ocrx_word' id='word_1_530' title='bbox 521 2841 554 2869; x_wconf 88' lang='lat' dir='ltr'>de</span> <span class='ocrx_word' id='word_1_531' title='bbox 573 2842 623 2869; x_wconf 83' lang='lat' dir='ltr'>filii</span> <span class='ocrx_word' id='word_1_532' title='bbox 643 2850 703 2870; x_wconf 80' lang='lat' dir='ltr'>vera</span> <span class='ocrx_word' id='word_1_533' title='bbox 724 2843 881 2875; x_wconf 68' lang='lat' dir='ltr'>divinitate,</span> <span class='ocrx_word' id='word_1_534' title='bbox 902 2853 950 2879; x_wconf 84' lang='lat' dir='ltr'>pro</span> <span class='ocrx_word' id='word_1_535' title='bbox 967 2853 1020 2879; x_wconf 89' lang='lat' dir='ltr'>qua</span> <span class='ocrx_word' id='word_1_536' title='bbox 1040 2845 1144 2880; x_wconf 78' lang='lat' dir='ltr'>ubique</span> <span class='ocrx_word' id='word_1_537' title='bbox 1163 2845 1280 2880; x_wconf 83' lang='lat' dir='ltr'>totisque</span> <span class='ocrx_word' id='word_1_538' title='bbox 1298 2844 1401 2871; x_wconf 81' lang='lat' dir='ltr'>viribus</span> <span class='ocrx_word' id='word_1_539' title='bbox 1421 2844 1542 2879; x_wconf 66' lang='lat' dir='ltr'>(tyrillus</span> <span class='ocrx_word' id='word_1_540' title='bbox 1562 2848 1675 2879; x_wconf 79' lang='lat' dir='ltr'>pugnat.</span> 
     </span>
    </p>
   </div>
   <div class='ocr_carea' id='block_1_5' title="bbox 1646 2900 1679 2922">
    <p class='ocr_par' dir='ltr' id='par_1_8' title="bbox 1646 2900 1679 2922">
     <span class='ocr_line' id='line_1_48' title="bbox 1646 2900 1679 2922; baseline -0.061 0"><span class='ocrx_word' id='word_1_541' title='bbox 1646 2900 1679 2922; x_wconf 63' lang='lat'>‘2⁴³</span> 
     </span>
    </p>
   </div>
   <div class='ocr_carea' id='block_1_6' title="bbox 1831 542 2013 563">
    <p class='ocr_par' dir='ltr' id='par_1_9' title="bbox 1831 542 2013 563">
     <span class='ocr_line' id='line_1_49' title="bbox 1831 542 2013 563; baseline 0.005 -1"><span class='ocrx_word' id='word_1_542' title='bbox 1831 544 1837 550; x_wconf 96' lang='grc'><em>“</em></span> <span class='ocrx_word' id='word_1_543' title='bbox 1851 542 1886 562; x_wconf 42' lang='lat' dir='ltr'>Ps.</span> <span class='ocrx_word' id='word_1_544' title='bbox 1899 543 1976 563; x_wconf 59' lang='lat' dir='ltr'>(LXIIIv</span> <span class='ocrx_word' id='word_1_545' title='bbox 1989 548 2013 563; x_wconf 60' lang='lat' dir='ltr'>:s</span> 
     </span>
    </p>
   </div>
   <div class='ocr_carea' id='block_1_7' title="bbox 1830 609 1884 625">
    <p class='ocr_par' dir='ltr' id='par_1_10' title="bbox 1830 609 1884 625">
     <span class='ocr_line' id='line_1_50' title="bbox 1830 609 1884 625; baseline 0.037 -2"><span class='ocrx_word' id='word_1_546' title='bbox 1830 610 1849 625; x_wconf 72' lang='lat' dir='ltr'>V.</span> <span class='ocrx_word' id='word_1_547' title='bbox 1866 609 1884 625; x_wconf 52' lang='grc' dir='ltr'>ἢ.</span> 
     </span>
    </p>
   </div>
   <div class='ocr_carea' id='block_1_8' title="bbox 1831 720 1964 746">
    <p class='ocr_par' dir='ltr' id='par_1_11' title="bbox 1831 720 1964 746">
     <span class='ocr_line' id='line_1_51' title="bbox 1831 720 1964 746; baseline 0.008 -6"><span class='ocrx_word' id='word_1_548' title='bbox 1831 720 1867 740; x_wconf 79' lang='lat' dir='ltr'>Gr.</span> <span class='ocrx_word' id='word_1_549' title='bbox 1883 728 1903 746; x_wconf 67' lang='grc' dir='ltr'>μ4</span> <span class='ocrx_word' id='word_1_550' title='bbox 1921 723 1964 741; x_wconf 64' lang='grc' dir='ltr'>ξω,</span> 
     </span>
    </p>
   </div>
   <div class='ocr_carea' id='block_1_9' title="bbox 1829 1180 2000 1202">
    <p class='ocr_par' dir='ltr' id='par_1_12' title="bbox 1829 1180 2000 1202">
     <span class='ocr_line' id='line_1_52' title="bbox 1829 1180 2000 1202; baseline 0.006 -1"><span class='ocrx_word' id='word_1_551' title='bbox 1829 1182 1837 1189; x_wconf 83' lang='lat'>’</span> <span class='ocrx_word' id='word_1_552' title='bbox 1855 1180 1887 1201; x_wconf 63' lang='lat'>1²5.</span> <span class='ocrx_word' id='word_1_553' title='bbox 1905 1181 1951 1202; x_wconf 69' lang='lat' dir='ltr'>Vll.</span> <span class='ocrx_word' id='word_1_554' title='bbox 1972 1184 2000 1202; x_wconf 69' lang='lat'>14.</span> 
     </span>
    </p>
   </div>
   <div class='ocr_carea' id='block_1_10' title="bbox 1828 2152 2013 2205">
    <p class='ocr_par' dir='ltr' id='par_1_13' title="bbox 1828 2152 2013 2205">
     <span class='ocr_line' id='line_1_53' title="bbox 1828 2152 2013 2174; baseline -0.016 0"><span class='ocrx_word' id='word_1_555' title='bbox 1828 2154 1842 2164; x_wconf 65' lang='lat'><strong>⁶</strong></span> <span class='ocrx_word' id='word_1_556' title='bbox 1856 2152 1923 2173; x_wconf 76' lang='lat' dir='ltr'>Hebr.</span> <span class='ocrx_word' id='word_1_557' title='bbox 1940 2153 1965 2174; x_wconf 76' lang='grc' dir='ltr'>Χ.</span> <span class='ocrx_word' id='word_1_558' title='bbox 1982 2156 2013 2173; x_wconf 55' lang='lat' dir='ltr'>as.</span> 
     </span>
     <span class='ocr_line' id='line_1_54' title="bbox 1830 2180 1965 2205; baseline 0.015 -7"><span class='ocrx_word' id='word_1_559' title='bbox 1830 2180 1868 2199; x_wconf 67' lang='lat' dir='ltr'>Gr.</span> <span class='ocrx_word' id='word_1_560' title='bbox 1881 2185 1904 2205; x_wconf 34' lang='lat' dir='ltr'>pi</span> <span class='ocrx_word' id='word_1_561' title='bbox 1921 2182 1965 2200; x_wconf 68' lang='lat'>3221.</span> 
     </span>
    </p>
   </div>
   <div class='ocr_carea' id='block_1_11' title="bbox 1832 2442 2018 2464">
    <p class='ocr_par' dir='ltr' id='par_1_14' title="bbox 1832 2442 2018 2464">
     <span class='ocr_line' id='line_1_55' title="bbox 1832 2442 2018 2464; baseline -0.005 -1"><span class='ocrx_word' id='word_1_562' title='bbox 1832 2445 1840 2455; x_wconf 69' lang='lat'>⁸</span> <span class='ocrx_word' id='word_1_563' title='bbox 1850 2442 1930 2464; x_wconf 70' lang='lat' dir='ltr'>Mattltv</span> <span class='ocrx_word' id='word_1_564' title='bbox 1945 2442 1980 2463; x_wconf 69' lang='lat' dir='ltr'>M.</span> <span class='ocrx_word' id='word_1_565' title='bbox 1992 2445 2018 2463; x_wconf 66' lang='lat'>‘22‘</span> 
     </span>
    </p>
   </div>
  </div>
 </body>
</html>
