2205 3177
696 157 729 180 m
755 156 906 179 rsxmnm
932 155 1037 178 van.
1066 156 1105 177 ET
1131 156 1248 178 xrvnt.
1741 144 1808 177 -213

136 230 259 258 ventus
279 223 342 256 sui.
372 222 544 256 Destruxit
564 223 654 255 enim
674 221 801 254 inimici
820 231 959 254 omnem
978 221 1165 265 potentiam
1178 246 1185 257 ,
1209 218 1330 253 orbem
1353 219 1518 255 servavit,
1541 217 1609 251 fide
1629 218 1811 251 iustiticans

133 288 349 328 peccatores,
374 286 475 324 atque
502 279 544 313 ad
571 279 794 325 adoptionem
820 288 945 311 vocans
972 277 1128 311 homines
1155 276 1197 310 ab
1223 276 1493 310 extremitatibus
1518 276 1658 314 mundi,
1689 277 1812 321 partim

131 338 303 372 >doctrinis
328 338 491 383 sapientia
518 337 647 383 plenis,
670 336 792 382 partim
819 335 922 369 etiam
948 335 1126 380 insperatis
1153 335 1337 380 prodigiis,
1359 346 1396 368 ex
1424 334 1549 379 quibus
1574 334 1730 367 homines
1750 345 1812 379 po—

132 401 275 430 tuerunt
301 406 484 439 agnoscere
510 394 621 440 qualis
639 399 855 439 quantusque
880 398 985 430 esset,
1008 398 1039 424 ct
1063 392 1156 436 quod
1178 392 1372 425 nullatenus
1392 398 1486 437 patre
1507 393 1575 425 Deo
1595 392 1735 424 inferior
1754 392 1807 424 sit.

133 455 245 488 Porro
272 452 330 486 ubi
356 454 483 486 sirium
509 452 658 497 perfecta
684 449 869 496 aequalitas
894 455 963 488 cst,
987 448 1034 482 ibi
1060 450 1201 483 omnino
1227 449 1370 483 eandem
1394 461 1532 494 quoquc
1557 461 1628 482 esse
1655 448 1812 483 substan—

131 512 218 545 tiam
245 522 380 544 necesse
406 516 455 543 est
478 510 540 555 (l).

234 559 366 614 Βάρεις
393 568 507 602 denuo
529 566 678 600 dicimus
703 565 896 610 nuncupari
917 563 1105 597 nobiliores
1131 574 1284 608 quasque
1311 569 1434 596 turres.
1464 564 1580 608 ltaque
1607 555 1738 609 βάρεις
1766 576 1816 597 re-

132 625 248 671 putari
273 630 405 670 queunt
422 624 537 669 magni
555 623 747 667 delectique
766 623 830 655 viri
849 622 895 655 cix
905 621 994 654 itatis
1012 621 1090 657 Dei.
1111 620 1169 664 qui
1190 621 1223 652 in
1249 631 1287 653 ea
1313 619 1500 655 excellunt:
1524 621 1558 653 in
1581 620 1706 665 quihus
1724 622 1813 654 Deus

134 683 372 728 cognoscitur,
395 681 479 715 dum
505 692 564 714 eos
589 680 742 714 defendit
768 685 948 724 servatque
968 690 1007 712 ex
1027 676 1284 712 tentationibus.
1313 678 1447 710 Horum
1467 689 1528 711 nos
1548 689 1626 722 pars
1645 678 1813 723 quodam—

136 740 244 774 modo
271 751 407 777 sumus,
428 739 487 783 qui
515 744 592 783 post
617 737 695 771 illos
714 737 787 771 xice
806 737 1048 782 magistrorum
1077 735 1270 780 fungimur,
1293 736 1419 780 quique
1440 733 1482 767 al)
1502 735 1549 767 eis
1569 742 1658 768 rcctc
1684 742 1717 768 et
1742 736 1813 769 sine

135 809 256 831 errore
283 797 372 830 dicta
397 797 620 841 excipientes,
643 806 817 829 sermones
836 794 916 828 inde
936 800 1071 827 nostros
1091 792 1352 830 confirmamus,
1376 792 1459 825 dum
1486 793 1635 826 veritatis
1654 793 1812 837 dogmata

138 856 227 889 tueri
246 854 442 892 studemus,
463 859 496 887 et
515 852 675 887 subiectis
693 851 794 886 nobis
813 851 974 898 plebibus
999 862 1136 884 morum
1163 851 1355 884 doctrinam
1382 851 1584 895 exponimus
1604 852 1663 895 ¹52).
1690 852 1814 884 Narra—

137 923 214 946 mus
240 917 353 945 autem
380 911 464 944 haec
490 921 508 944 a
534 910 753 956 generatione
779 910 814 943 in
840 909 1116 955 generationem,
1140 909 1219 953 quia
1246 919 1379 941 sacrum
1402 913 1559 941 nostrum
1584 909 1814 952 magisterium

135 968 181 1003 ad
207 974 364 1014 posteros
389 979 528 1013 quoque
554 974 690 1002 nostros
716 967 858 1014 perenni
885 967 1098 1000 successione
1125 966 1377 999 transmittitur.
1406 966 1446 998 Et
1473 964 1613 1010 quidem
1639 976 1814 1002 sacrorum

136 1025 320 1060 doctorum
340 1036 454 1059 sermo
473 1036 609 1071 semper
627 1031 728 1070 atque
747 1025 840 1058 omni
861 1030 1016 1069 tempore
1036 1022 1168 1056 viribus
1187 1023 1314 1069 pollet,
1337 1023 1417 1068 quia
1437 1023 1526 1055 Deus
1544 1021 1695 1055 Christus
1715 1034 1814 1056 num-

138 1095 242 1128 quam
268 1082 427 1123 cessabit,
450 1084 558 1117 immo
583 1094 686 1129 super
713 1094 774 1117 nos
801 1088 968 1128 perpetuo
994 1080 1161 1127 regnabit.

762 1178 925 1217 PSALM
931 1178 991 1216 US
1020 1178 1192 1215 XLVIII.

801 1265 839 1287 ln
857 1265 964 1292 finem,
981 1264 1057 1287 filiis
1073 1264 1160 1287 Cor-e.

235 1317 414 1350 Praesente
438 1316 562 1350 morali
588 1315 723 1362 psalmo
749 1314 905 1349 divinum
932 1313 1101 1353 tribunal,
1125 1320 1158 1347 et
1177 1325 1263 1359 quae
1283 1314 1412 1347 cunctis
1438 1312 1635 1347 hominibus
1654 1319 1816 1347 eventura

138 1380 219 1408 sunt
244 1374 503 1420 praedicantur,
525 1386 587 1408 nec
606 1385 676 1407 non
695 1373 767 1407 dies
785 1372 845 1406 illa
871 1383 939 1417 qua
965 1378 1156 1406 creaturam
1175 1383 1271 1405 suam
1289 1372 1379 1405 Deus
1405 1372 1440 1404 in
1466 1371 1628 1405 iudicium
1654 1370 1812 1404 adducet.

140 1431 307 1466 Videntur
333 1438 446 1466 autem
473 1431 534 1466 filii
559 1432 645 1466 Core
671 1431 909 1477 apostolorum
934 1441 1117 1476 personam
1144 1441 1262 1475 gerere
1290 1431 1349 1474 qui
1375 1429 1498 1462 mundi
1528 1430 1714 1462 initiatores
1743 1428 1817 1462 fue-

140 1495 221 1522 runt
241 1489 307 1534 (3);
329 1501 368 1523 ex
393 1488 519 1534 quibus
545 1495 795 1534 consequenter
819 1488 855 1522 in
881 1488 1076 1521 universam
1102 1493 1228 1520 terram
1254 1486 1430 1520 doctrinae
1456 1487 1663 1532 praedicatio
1689 1486 1817 1520 diffun-

139 1546 253 1580 ditur:
276 1558 315 1581 ac
332 1547 438 1581 veluti
458 1553 535 1581 ante
555 1546 752 1593 linguarum
772 1545 1008 1579 confusionem
1029 1557 1137 1579 unum
1156 1551 1228 1579 erat
1246 1544 1407 1578 omnihus
1425 1543 1553 1578 labium
1574 1555 1710 1588 unaque
1730 1554 1814 1582 vox,

140 1605 186 1638 ita
206 1616 296 1638 nunc
316 1611 433 1650 gentes
451 1616 571 1639 omnes
590 1610 751 1650 totusque
767 1603 918 1637 mundus
936 1604 1116 1648 cunctique
1133 1603 1305 1642 homines,
1327 1603 1426 1635 unius
1443 1602 1578 1635 auditus
1597 1608 1697 1646 atque
1718 1602 1819 1634 unius

140 1661 255 1696 cordis
274 1661 378 1701 fiunt,
399 1673 466 1696 una
485 1662 567 1708 ipsis
586 1662 773 1696 adsonaute
793 1661 961 1695 doctrina.
990 1662 1133 1694 Prorsus
1152 1661 1244 1693 enim
1263 1659 1413 1693 tardiore
1431 1665 1503 1692 erat
1528 1659 1642 1704 lingua
1662 1658 1817 1703 beneque

141 1720 308 1765 loquendi
333 1721 451 1765 ignara
479 1721 589 1765 prisca
615 1719 689 1759 lex,
710 1731 796 1765 quae
823 1719 927 1764 longo
946 1719 1002 1752 vix
1022 1719 1182 1756 circuitu,
1204 1718 1316 1752 littera
1342 1717 1600 1762 quodammodo
1626 1717 1816 1754 denne-ato,

142 1777 200 1810 Dei
228 1776 329 1810 nobis
355 1777 479 1822 placita
499 1788 608 1823 prope
627 1775 853 1810 balbutiebat.
882 1775 947 1809 Sed
966 1787 1042 1810 ecce
1062 1776 1201 1809 demum
1220 1776 1346 1820 Moysis
1365 1786 1403 1808 os
1421 1775 1739 1820 eloquentissimum
1762 1785 1820 1807 ex-

144 1834 209 1866 titit
228 1833 398 1872 Christus,
420 1834 478 1878 qui
499 1840 601 1879 typos
620 1833 662 1867 ad
680 1834 860 1867 veritatem
879 1833 1040 1871 contulit,
1062 1839 1095 1866 et
1114 1831 1241 1877 ubique
1261 1831 1398 1866 obviam
1418 1832 1685 1865 necessariarum
1705 1841 1820 1864 rerum

143 1892 375 1936 cognitionem
401 1892 572 1936 exposuit.
601 1892 643 1924 Et
667 1891 723 1924 lex
748 1891 889 1936 quidem
913 1902 1020 1924 unum
1047 1890 1171 1924 erudiit
1195 1890 1365 1924 carnalem
1389 1889 1590 1923 Isralielem.
1612 1895 1645 1922 at
1670 1888 1822 1922 Christus

142 1948 320 1994 explicatis
346 1949 618 1983 mansuetudinis
645 1960 724 1982 suae
751 1948 880 1982 retibus
906 1948 1073 1982 mundum
1095 1949 1292 1982 universum
1311 1949 1412 1993 cepit.
1440 1948 1560 1980 Merito
1584 1958 1667 1991 ergo
1693 1946 1821 1979 cunctis

145 2012 255 2040 terrae
281 2006 402 2040 incolis
429 2007 547 2040 suadet
575 2018 662 2052 quae
687 2013 894 2052 sequuntur:
919 2006 1033 2039 audite
1059 2006 1140 2039 haec
1166 2017 1284 2039 omnes
1309 2012 1426 2051 gentes
1451 2011 1515 2038 etc-

269 2072 435 2095 lncliuabo
453 2074 487 2095 iu
505 2073 689 2100 parabolam
706 2079 815 2095 aurem
831 2079 944 2099 meam,
959 2073 1099 2099 aperiam
1116 2073 1149 2093 in
1167 2071 1318 2098 psalterio
1334 2071 1574 2098 propositionem
1590 2075 1698 2092 meam.

241 2124 315 2157 Hoc
343 2123 487 2169 perinde
513 2130 563 2157 est
589 2135 627 2157 ac
652 2124 678 2156 si
705 2123 851 2157 diceret:
880 2123 986 2156 homo
1011 2121 1207 2167 disputandi
1234 2122 1378 2167 cupidus
1403 2132 1466 2166 ego
1492 2132 1588 2158 sum,
1617 2126 1648 2153 et
1675 2118 1820 2152 obscura

143 2192 303 2226 quaeque
329 2188 431 2226 atque
450 2181 604 2215 involuta
624 2181 834 2215 theoremata
854 2179 1077 2214 libentissime
1097 2179 1203 2213 disco.
1233 2179 1332 2220 Quod
1353 2180 1378 2211 si
1397 2178 1484 2212 forte
1503 2177 1621 2211 eadem
1642 2177 1722 2210 llaec
1743 2188 1821 2221 ape—

146 2239 231 2274 rire.
253 2238 287 2271 id
308 2244 358 2271 est
377 2239 560 2284 conspicua
580 2237 727 2272 reddere
746 2250 833 2283 opus
852 2239 912 2276 sit,
935 2243 1110 2283 gratanter
1129 2236 1227 2270 facio.
1254 2238 1330 2270 Non
1350 2237 1441 2270 enim
1460 2234 1643 2269 iniucunda
1663 2234 1725 2267 crit
1745 2244 1820 2267 ora-

142 2296 193 2329 tio
213 2307 287 2329 mea
301 2322 308 2334 ‚
331 2295 390 2329 sed
410 2297 516 2329 instar
535 2296 655 2329 cantici
676 2295 837 2341 psalterio
858 2295 1049 2340 temperati.
1078 2295 1351 2340 Propositionem
1368 2305 1451 2327 vero
1470 2292 1549 2326 dicit
1570 2292 1621 2330 id,
1642 2290 1735 2336 quod
1756 2288 1818 2324 sihi

146 2352 332 2387 dicendum
364 2354 540 2399 proponit.
570 2355 710 2399 Semper
740 2359 853 2387 autem
879 2353 1071 2386 iucunditas
1101 2352 1249 2386 admixta
1276 2359 1325 2385 est
1350 2358 1545 2384 sanctorum
1575 2349 1737 2383 sermoni.
1769 2349 1820 2382 Sic

146 2412 239 2444 enim
265 2412 534 2457 sapientissimus
558 2423 697 2457 quoque
724 2411 847 2445 Paulus
872 2410 991 2445 scribit
1015 2412 1044 2443 ':
1071 2424 1085 2441 «
1107 2411 1149 2443 sit
1175 2421 1288 2443 sermo
1313 2416 1425 2442 nester
1450 2408 1518 2441 sale
1545 2407 1722 2445 contlitus;
1746 2420 1761 2437 »
1784 2413 1819 2440 ut

149 2480 272 2514 nempe
299 2468 518 2503 audientibus
537 2470 577 2503 sit
597 2470 777 2515 gratiosus.
797 2469 893 2503 Certe
913 2480 1014 2503 nemo
1033 2466 1223 2507 dubitabit,
1244 2468 1326 2513 quin
1345 2468 1372 2500 is
1390 2467 1531 2500 omnino
1550 2465 1718 2499 iucundus
1743 2476 1819 2510 gra—

150 2533 271 2571 tusque
298 2527 459 2561 studiosis
484 2528 620 2561 virtutis
646 2528 699 2562 sit.

250 2653 283 2682 ³11)
305 2650 466 2677 Adfirmatio
486 2650 661 2686 defensioque
680 2656 720 2678 est
738 2651 863 2679 vocabuli
882 2652 989 2679 nicaeni
1009 2654 1152 2687 ἑμιιπιος.

249 2698 281 2725 «22
304 2695 424 2729 Insignis
443 2695 503 2722 laus
522 2694 663 2722 doctrinae
682 2700 762 2731 atque
781 2697 952 2724 auctoritatis
967 2698 1077 2724 Patrutn
1097 2696 1240 2729 ecclesiae3
1256 2703 1373 2731 quorum
1393 2702 1420 2722 se
1439 2697 1542 2729 partem
1563 2701 1632 2721 esse.
1654 2698 1746 2728 utpote
1765 2695 1821 2728 epi-

149 2747 264 2775 scopum
284 2743 310 2766 et
329 2738 521 2766 alexandrinae
540 2740 669 2767 ecclesiae
689 2740 866 2775 magistrum,
886 2740 954 2767 dicit
970 2740 1099 2776 Cyrillus.

252 2787 284 2815 (31
306 2785 372 2811 Tres
392 2784 441 2811 lios
460 2784 562 2819 priores
582 2784 728 2811 versiculos
748 2784 891 2812 maurinus
904 2785 1047 2812 Athanasii
1067 2784 1154 2811 editor
1174 2785 1243 2811 inter
1262 2784 1380 2811 auctoris
1393 2783 1436 2810 sui
1450 2783 1578 2817 reliquias
1598 2783 1702 2817 posuit3
1718 2787 1823 2809 ‹entiu-

146 2827 260 2856 dicente
280 2833 370 2856 tamen
390 2829 449 2856 iure
469 2829 619 2864 meritoque
638 2829 748 2857 Nicetae
766 2828 859 2857 codiee
878 2830 1016 2862 vaticano,
1037 2829 1084 2857 ubi
1104 2829 1237 2865 reliquam
1256 2836 1364 2864 quoque
1383 2832 1485 2863 partem
1506 2828 1648 2854 continuat
1667 2826 1791 2863 cyrillus.

1853 633 1889 651 1,ι“.
1905 637 1925 656 Jt.
1943 634 1986 651 21).

1859 2302 1896 2320 (ir.
1911 2308 1932 2326 lh
1949 2305 1994 2320 ¹02¹.

1862 2422 1867 2428 ·
1884 2418 1969 2439 Coloss

1985 2418 2007 2439 ll·
2033 2424 2043 2437 t-
