2205 3177
782 192 814 213 nv
840 191 993 213 PSALMUM
1020 193 1126 214 xxxv.
1733 187 1793 219 161

117 255 269 290 sitalem.
298 253 562 289 sublimitatem.
592 254 854 299 absolutamque
880 255 1101 287 eminentiam
1127 255 1371 300 intelligamus.
1402 258 1491 297 Quid
1519 259 1609 291 enim
1637 259 1800 293 excelsius

120 310 311 347 montibus,
335 310 503 349 nubibus,
526 317 627 356 atque
653 311 770 344 caelo?
796 311 875 344 Loci
903 317 1016 343 autem
1043 313 1207 345 sententia
1234 313 1316 346 haec
1343 320 1409 347 est:
1432 315 1644 353 misericors,
1668 316 1797 361 inquit,

120 370 226 405 Deus.
249 375 281 402 et
300 380 402 402 verax
416 395 423 405 ,
445 375 475 401 ct
498 370 620 407 iustus,
642 380 711 402 non
730 368 884 401 misereri
904 369 1145 402 tantummodo
1166 371 1277 407 noxit,
1299 383 1419 404 verum
1440 373 1542 406 ctiam
1561 379 1730 417 quatenus
1748 386 1800 407 ve-

125 438 182 459 rax
208 432 277 463 est,
299 426 372 459 odit
398 438 456 459 cos
481 428 538 470 qui
566 425 687 459 dolum
707 432 820 458 mente
840 425 975 462 fovent,
998 432 1029 458 et
1051 426 1229 460 fraudibus
1249 434 1323 460 sunt
1353 430 1487 461 assueti.
1517 430 1691 469 Quatenus
1718 443 1800 464 xero

124 484 292 528 aequitate
313 483 437 528 pollet,
458 495 545 528 quae
564 483 734 516 altissimis
753 482 928 515 montibus
948 483 1160 519 aemulatur,
1184 484 1283 517 bonis
1302 486 1443 530 quidem
1463 499 1654 532 congruum
1674 490 1801 532 gratiae

123 552 247 574 munus
273 543 445 577 conteret,
468 541 635 586 perversis
661 546 775 573 autem
801 541 957 573 meritam
985 552 1142 586 poenam.

624 605 772 628 nomines
788 608 819 628 et
836 607 977 628 iumenta
994 606 1143 633 salvabis,
1160 607 1300 629 Domine.

219 656 305 689 Huic
333 656 408 689 loco
434 656 554 689 similis
573 661 623 688 est
641 655 727 688 alius
746 655 858 690 Pauli.
881 667 959 688 cum
979 655 1130 689 duorum
1151 656 1362 701 populorum
1383 658 1526 692 salutem
1547 671 1717 705 exponere
1737 672 1799 694 no—

121 712 173 746 bis
200 713 327 751 voluit,
349 715 407 758 qui
434 711 722 758 appellationibus
748 711 927 745 hominum
949 724 986 746 ac
1006 713 1239 746 iumentorum
1267 714 1492 752 denotantur:
1518 716 1696 750 hominum
1722 719 1799 762 qui-

120 769 220 807 dem,
248 770 453 804 ludaeorum
480 781 541 803 ceu
568 770 642 814 lege
669 769 710 802 ad
738 769 993 803 distinctionem
1018 769 1100 803 boni
1129 771 1277 814 malique
1303 771 1540 808 eruditorum:
1567 774 1799 807 iumentorum

121 834 253 866 autem,
275 827 543 863 irrationalium.
565 827 794 860 ethnicorum.
823 828 909 860 Nam
930 840 980 872 ni)
990 828 1132 860 sterium
1152 840 1169 861 a
1191 828 1264 873 lege
1284 835 1315 861 et
1336 829 1513 874 prophetis
1534 830 1647 863 ludaei
1668 831 1796 870 edocti,

121 886 344 919 nihilominus
370 884 587 922 excidcruut;
609 884 734 917 ethnici
761 891 894 922 autem,
915 886 974 930 qui
1001 886 1048 918 nil
1076 885 1273 919 huiusmodi
1294 886 1492 922 audierant.
1516 889 1679 933 assumpti
1706 896 1795 923 sunt.

121 942 174 977 Ob
200 955 275 977 eam
293 955 364 977 rem
386 943 493 976 Daxid
520 943 581 976 ait:
603 942 725 976 iudicia
752 949 826 981 tua,
848 943 991 988 abyssus
1012 943 1135 983 multa,
1159 943 1192 976 itl
1212 951 1259 977 est
1280 945 1637 990 incomprehensibilia
1659 958 1798 992 prorsus

120 1006 153 1034 et
178 999 422 1034 inscrutabilia.
452 1001 606 1045 Namque
626 1011 664 1033 ea
683 1000 850 1034 curiosius
875 1002 1017 1034 scrutari
1039 1000 1144 1039 xclle,
1165 1013 1253 1046 quae
1272 1008 1423 1035 mentem
1442 1002 1609 1036 excedunt
1630 1003 1794 1042 hominis,

120 1057 352 1102 periculosum
380 1058 589 1102 noxiumque
615 1063 676 1091 est.
706 1057 940 1098 Quamobrem
959 1059 1124 1104 scriptum
1145 1065 1193 1092 est
1215 1059 1245 1091 'z
1272 1059 1393 1092 altiora
1414 1066 1445 1092 te
1466 1071 1509 1093 ne
1530 1061 1714 1105 quaesieris
1735 1062 1794 1106 (l).

118 1116 159 1148 Et
185 1126 303 1148 rursus
327 1115 357 1148 'z
384 1126 494 1160 neque
521 1114 694 1160 superflua
713 1116 842 1161 sapias,
864 1127 906 1149 ne
934 1116 1021 1149 forte
1040 1115 1272 1162 obstupescas.
1299 1138 1321 1142 —
1346 1118 1406 1150 Dei
1426 1129 1595 1150 summam
1622 1118 1800 1163 placidita-

120 1180 188 1206 tem
202 1200 210 1211 ,
232 1180 265 1207 et
290 1172 559 1219 incomparabile
584 1173 746 1207 bonitatis
765 1173 900 1207 culmen
921 1173 973 1207 vel
1001 1173 1079 1208 hinc
1098 1180 1216 1207 rursus
1240 1186 1447 1220 cognoscere
1468 1175 1556 1209 licet.
1586 1177 1720 1209 Etenim
1739 1176 1800 1211 be-

120 1231 320 1275 nignitatem
339 1242 434 1264 suam
454 1231 574 1264 creatis
593 1229 754 1264 omnibus
773 1242 791 1264 a
810 1242 844 1264 se
864 1230 968 1264 rebus
986 1232 1153 1277 impertiri
1173 1231 1354 1277 dignatur.
1375 1244 1487 1277 neque
1507 1232 1705 1266 hominibus
1724 1240 1800 1267 tan-

121 1293 216 1325 tum,
245 1287 305 1321 sed
331 1289 431 1321 etiam
458 1286 663 1321 animalibus
694 1288 824 1321 ratione
850 1287 1056 1322 carentibus,
1087 1290 1217 1334 Nempe
1246 1289 1331 1322 dixit
1360 1289 1483 1323 alicubi
1512 1290 1521 1300 '
1548 1290 1630 1324 divo
1660 1302 1798 1336 quoque

122 1346 239 1379 lonae:
262 1352 296 1379 tu
322 1346 462 1391 quidem
481 1345 676 1379 cucurbitae
702 1346 925 1391 compateris.
948 1347 1043 1379 cuius
1063 1347 1238 1392 augendae
1265 1359 1364 1381 causa
1385 1348 1576 1381 molestiam
1602 1348 1734 1383 nullam
1753 1349 1802 1382 la—

121 1402 284 1437 boremve
305 1404 426 1442 tulisti,
449 1405 577 1452 quippe
596 1415 683 1448 quae
701 1415 768 1437 una
787 1410 887 1437 nocte
907 1410 1023 1437 exorta
1042 1411 1108 1441 est:
1128 1416 1193 1449 ego
1213 1417 1298 1439 vero
1315 1406 1456 1439 Ninivae
1475 1418 1544 1440 non
1563 1418 1700 1451 parcam
1718 1406 1796 1440 urbi

120 1472 280 1506 magnae,
309 1473 412 1506 quam
439 1462 516 1506 plus
543 1468 679 1494 centum
704 1462 824 1506 viginti
851 1461 1030 1495 hominum
1057 1463 1150 1495 milia
1177 1462 1354 1499 incolunt,
1383 1464 1441 1508 qui
1468 1465 1621 1498 nesciunt
1647 1465 1731 1510 quid
1756 1466 1799 1499 sit

119 1518 208 1551 inter
225 1518 401 1552 dexteram
421 1525 454 1552 et
472 1519 645 1552 sinistram
663 1530 775 1557 suam,
793 1525 826 1552 et
845 1520 994 1553 iumenta
1013 1520 1144 1553 multa?
1159 1521 1246 1560 Quin
1268 1521 1371 1554 etiam
1390 1522 1583 1566 psalmistae
1601 1522 1675 1567 lyra
1689 1524 1798 1556 Deum

117 1575 324 1614 admiratur,
348 1588 409 1610 ceu
428 1577 487 1622 qui
507 1576 647 1610 foenum
674 1577 851 1615 iumentis,
872 1583 905 1611 et
931 1577 1075 1611 herbam
1100 1579 1239 1612 servitio
1258 1578 1440 1612 hominum
1460 1579 1537 1612 facit
1557 1581 1683 1613 exoriri
1704 1580 1728 1614 '.
1757 1582 1798 1614 Et

116 1633 257 1678 quidem
285 1633 416 1668 sabbati
442 1646 580 1681 quoque
600 1635 682 1668 dum
703 1635 811 1680 legem
838 1635 1021 1673 conderet.
1047 1647 1181 1669 eausam
1208 1636 1399 1670 edisserens
1417 1636 1463 1670 ob
1482 1649 1585 1682 quam
1611 1638 1695 1671 nihil
1720 1649 1796 1672 om-

118 1691 200 1725 nino
226 1692 361 1736 operari
388 1692 525 1730 liceret,
547 1699 583 1725 ut
610 1693 815 1737 requiescat,
838 1693 968 1737 inquit.
990 1705 1108 1726 servus
1134 1699 1230 1731 tuus,
1253 1700 1286 1726 et
1311 1693 1435 1728 ancilla
1461 1700 1537 1733 tua,
1560 1701 1591 1729 et
1618 1694 1796 1740 subiugale

117 1753 234 1787 tuum,
256 1755 288 1782 et
306 1750 454 1794 quodvis
474 1751 664 1784 iumentum
684 1756 782 1783 tuum
803 1749 827 1783 '.
857 1749 958 1790 Quod
978 1751 1004 1783 si
1025 1750 1113 1783 forte
1133 1751 1317 1796 praedictis
1336 1751 1508 1785 adversari
1527 1752 1684 1786 videatur
1703 1754 1796 1787 Pauli

117 1818 183 1840 vox
210 1807 371 1841 dicentis:
394 1820 476 1840 num
496 1808 538 1841 de
558 1807 671 1841 bobus
697 1819 777 1841 cura
804 1814 853 1841 est
879 1809 950 1842 Deo
972 1808 1007 1841 '2³
1034 1809 1302 1855 respondemus,
1325 1816 1594 1843 consentaneum
1621 1810 1739 1847 fuisse.
1763 1818 1796 1845 ut

118 1864 202 1909 legis
221 1863 365 1898 umbrae
384 1876 472 1910 quae
490 1866 667 1898 ieritatem
689 1864 924 1911 parturiebant
944 1872 1132 1905 cessarent;
1150 1878 1262 1911 neque
1280 1866 1409 1901 idcirco
1426 1868 1690 1902 existimandum
1708 1880 1796 1906 esse,

117 1923 273 1955 omnium
299 1928 490 1956 creatorem
517 1922 697 1956 clementia
723 1934 850 1957 carere.

459 1987 724 2013 Quemadmodum
740 1989 962 2016 multiplicasti
979 1991 1225 2013 misericordiam
1242 1992 1344 2019 tuam,
1361 1991 1454 2014 Deus.

213 2037 289 2077 Quo
316 2043 472 2083 tempore
492 2038 551 2071 Dei
571 2037 723 2071 Verbum
749 2044 858 2072 terrae
883 2039 1004 2073 incolis
1029 2040 1140 2073 illuxit
1160 2041 1195 2074 in
1214 2041 1394 2075 hominum
1416 2041 1658 2080 similitudine,
1680 2049 1711 2076 et
1732 2054 1795 2088 pro

116 2095 273 2129 omnium
299 2095 407 2129 salute
433 2102 580 2129 mortem
608 2095 768 2141 pertulit,
789 2097 825 2130 in
852 2108 952 2130 carne
979 2097 1156 2135 videlicet,
1186 2104 1266 2132 tune
1292 2099 1464 2132 cumulata
1489 2105 1538 2133 est
1565 2100 1796 2134 misericordia

118 2154 189 2186 Dei.
212 2154 288 2187 Non
309 2154 400 2187 enim
420 2152 532 2186 solum
551 2154 619 2187 iam
638 2154 840 2191 lsrahelem,
863 2154 969 2188 veluti
988 2155 1073 2189 olim
1092 2167 1153 2200 per
1172 2157 1330 2200 Moysen,
1353 2156 1514 2195 redemit,
1536 2158 1595 2191 sed
1615 2158 1656 2191 ad
1678 2170 1797 2192 omnes

119 2210 276 2244 homines
302 2210 420 2244 salutis
446 2212 551 2256 gratia
578 2212 727 2244 manavit
740 2238 747 2249 ,
773 2223 916 2257 sagenae
936 2213 1044 2246 instar
1063 2213 1235 2246 attrahens
1253 2225 1314 2259 per
1334 2213 1439 2248 fidem
1458 2214 1500 2248 ad
1520 2216 1671 2248 veritatis
1698 2222 1797 2249 natu-

118 2268 266 2313 ralisque
292 2269 352 2302 Dei
379 2270 632 2313 coguitionem,
659 2270 800 2314 Deoque
828 2270 915 2315 patri
941 2281 1001 2315 per
1027 2270 1331 2304 sanctificationem
1358 2273 1534 2317 proximos
1561 2273 1696 2306 faciens.

618 2335 656 2357 ln
675 2336 810 2364 tegmine
827 2336 951 2358 alarum
970 2338 1098 2359 tuarum
1114 2338 1296 2364 sperabunt.

213 2386 303 2430 Ergo
331 2384 395 2418 sub
414 2385 476 2418 alis
494 2385 670 2430 degimuS‚
692 2385 726 2418 id
753 2392 803 2419 est
822 2385 886 2419 sub
908 2387 1054 2431 tegmine
1074 2386 1217 2424 Christi,
1239 2387 1284 2420 ita
1311 2394 1346 2420 ut
1373 2387 1477 2422 verba
1496 2388 1649 2421 dicamus
1675 2389 1795 2421 (antici

116 2444 330 2476 canticorum
351 2443 380 2475 ἐ
403 2441 564 2476 umbram
590 2443 662 2476 eius
687 2444 851 2488 expetivi,
874 2450 905 2477 et
933 2443 1016 2477 sedi.
1046 2445 1134 2485 Quin
1161 2451 1192 2478 et
1220 2445 1291 2490 ipse
1317 2446 1476 2479 Servator
1495 2446 1557 2478 ait:
1579 2457 1644 2491 ego
1671 2446 1716 2478 uti
1744 2447 1796 2478 iu·-

118 2501 257 2545 niperus
283 2499 455 2533 condensa
477 2501 522 2544 (2)
544 2500 566 2532 '.
591 2501 775 2534 Versantur
794 2501 908 2546 itaque
929 2500 992 2534 sub
1012 2501 1074 2535 alis
1096 2502 1169 2535 eius
1188 2502 1195 2546 Ι
1211 2502 1346 2547 electi.]
1367 2502 1545 2536 Cumulata
1564 2502 1714 2547 denique
1733 2503 1794 2536 mi·

116 2557 303 2591 sericordia
330 2557 412 2595 fuit,
435 2558 525 2590 iuxta
553 2556 658 2590 dictas
685 2569 795 2604 nuper
820 2559 981 2592 rationes.

218 2685 253 2712 (1)
273 2682 369 2708 Denuo
388 2681 569 2708 Ecclesiastici
590 2681 737 2708 auctoritas
756 2682 827 2717 apud
842 2683 985 2718 Cyrillum.
1008 2682 1175 2709 Mediteutur
1193 2687 1283 2710 autem
1304 2683 1369 2709 haec.
1389 2683 1443 2715 illi,
1459 2684 1507 2718 qui
1526 2684 1661 2711 humanae
1681 2684 1793 2711 rationis

119 2727 221 2753 viribus
240 2726 302 2761 plus
321 2735 407 2761 aequo
427 2727 562 2753 nituntur.
585 2726 668 2761 Saepe
688 2726 759 2753 enim
780 2736 835 2754 non
854 2728 883 2754 in
903 2728 991 2754 lucem
1011 2728 1057 2754 sed
1078 2729 1105 2754 ln
1126 2727 1352 2762 profundissimas
1366 2735 1489 2755 errorum
1508 2729 1548 2754 vel
1568 2728 1650 2756 etiam
1669 2728 1794 2756 incredu-

120 2769 205 2798 litatis
225 2771 350 2798 tenebras
370 2771 522 2797 incurrunt.

217 2819 240 2841 μὶ
272 2816 309 2841 lta
331 2819 371 2842 est
390 2816 418 2841 in
438 2823 549 2849 graec-0,
563 2821 589 2842 et
608 2816 646 2842 sic
666 2824 774 2851 quoque
787 2817 912 2843 Nobilius
927 2818 955 2843 in
971 2818 1079 2844 sixtina.
1102 2818 1184 2843 Porro
1198 2816 1317 2852 Cyrillus
1336 2816 1410 2844 hune
1424 2818 1509 2844 Oseae
1529 2818 1618 2844 locum
1639 2818 1672 2844 (le
1686 2817 1793 2844 Christo

119 2861 246 2894 witelltgfi‘,
267 2865 347 2885 ‘simu
368 2869 393 2885 iix
415 2861 610 2886 <annuitque-io
631 2860 662 2886 ad
685 2869 700 2895 i·
718 2860 851 2887 mesticium
876 2867 1034 2895 proportant

1838 1078 1845 1086 ·
1863 1076 1928 1098 Eecli.
1945 1077 1983 1097 111.
1998 1080 2029 1097 Ξῖ.

1838 1136 1846 1144 ⁸
1857 1133 1928 1154 Eccle.
1941 1134 2029 1155 V11.17,

1837 1308 1845 1316 ’
1862 1306 1909 1326 Ion.
1927 1306 1963 1326 lv.
1980 1309 1998 1325 ⁹.

1837 1593 1845 1601 ¹
1861 1591 1897 1612 ΡΞ,
1912 1591 1969 1612 Cltt.
1988 1595 2017 1612 ta.

1835 1649 1873 1670 Gr.
1886 1655 1908 1675 p.
1926 1653 1971 1670 255.

1836 1756 1931 1802 LEthl.
1948 1757 2019 1777 xxti!

1837 1825 1845 1833 V
1862 1822 1878 1843 ῐ.
1892 1822 1944 1843 Cor<
1958 1823 1994 1842 tx<
2009 1826 2020 1841 υ

1836 2462 1844 2468 ¹
1860 2459 1915 2480 Cant
1942 2459 1968 2479 n.
1984 2464 1995 2477 :z

1834 2519 1843 2526 ”
1859 2516 1896 2539 Os.
1913 2517 1970 2538 ΧΙΥ,
1988 2520 2006 2537 ik
