2205 3177
209 472 216 478 ⁸
231 469 265 488 Ρ»
276 468 353 488 xxlll.
367 471 388 487 ιι,

226 691 301 725 llum&
320 689 398 710 xxm.

263 875 299 894 Gt
315 880 337 899 ρΔ
353 876 396 894 ’ἆυ-’1,

211 1671 218 1678 ·
238 1669 270 1689 l'sv
285 1668 400 1689 {lxxxiiii

213 2006 245 2025 'l
276 2006 347 2026 sltem
365 2007 400 2026 lt.

268 2303 305 2320 m,
319 2305 340 2325 p.
356 2302 402 2319 ω’..

438 273 502 305 190
939 281 965 301 s.
995 279 1120 301 crium
1148 279 1366 301 Arsxmumm
1394 279 1597 301 EerANArio

436 346 608 378 tenth-ritis
624 345 668 388 d)
682 370 689 379 ,
710 354 804 375 meos
824 354 840 376 a
862 342 959 375 iobis
979 348 1127 376 avertam
1148 343 1278 376 oculos.
1302 345 1340 376 Et
1360 344 1385 376 si
1407 354 1523 388 preces
1542 349 1670 376 x‘estras
1690 342 2012 387 multiplicaveritis,
2035 354 2103 376 non

438 410 548 435 tamen
576 413 636 434 ios
663 400 818 434 audiam:
843 412 919 432 uam
949 411 1068 432 manus
1094 407 1224 433 wstrae
1250 408 1409 433 cruentae
1429 405 1518 433 snut.
1548 400 1649 432 Set-us
1668 411 1750 432 xero
1773 411 1850 432 cum
1870 399 2105 436 vocabuntur,

439 466 508 491 tum
536 457 747 504 apparebunt
775 458 970 502 conspectui
999 458 1078 492 Dei:
1099 458 1263 503 scriptum
1290 464 1340 491 cst
1365 458 1455 491 enim
1476 458 1506 489 ':
1531 457 1621 489 oculi
1648 457 1784 489 Domini
1811 468 1914 502 super
1940 458 2056 490 iustos.

836 521 976 544 Fuerunt
997 522 1149 548 lucr-smm-
1166 529 1250 545 :nene
1268 523 1343 544 niu-i
1362 523 1452 549 punis
1469 523 1523 544 dtu
1541 524 1703 548 noctuque.

534 572 737 605 Derelictum
765 584 780 603 a
809 584 954 616 superna
985 572 1215 605 misericordia
1245 572 1426 605 lsralielem
1456 584 1575 617 graves
1601 573 1845 617 corripuerunt
1875 571 2108 605 calamitates:

437 636 582 663 xastatae
602 631 691 662 euim
712 629 848 662 suerunt
870 629 1011 662 Iudaeae
1038 630 1189 662 civitates
1209 641 1225 662 a
1246 640 1390 662 romano
1409 630 1570 663 exercitu.
1600 630 1637 662 Et
1658 629 1750 674 quod
1773 630 1855 662 haec
1875 634 1985 662 essent
2004 637 2111 660 even-

439 694 532 723 tura,
555 686 706 720 Christus
726 686 936 731 praedixerat
961 687 987 718 ':
1014 701 1028 716 u
1051 698 1157 730 quum
1179 686 1348 723 videritis,
1371 687 1496 731 inquit,
1519 685 1690 720 obsessam
1711 685 1753 719 ab
1773 685 1976 720 exercitibus
1996 686 2113 719 Hieru-

438 746 559 779 salem.
583 751 661 778 tunc
679 743 796 776 dicetis
817 743 991 776 montibus
1016 744 1148 788 operite
1168 755 1247 779 nos,
1270 749 1303 776 et
1322 742 1468 776 collibus
1494 744 1601 777 cadite
1627 756 1729 788 super
1749 756 1822 776 nos.
1848 759 1863 775 υ
1887 745 1979 776 llaec
1998 750 2110 777 autem

441 803 572 835 ludaeis
599 800 804 847 patientibus
824 799 1121 836 coniiciabantur,
1145 801 1191 833 uti
1213 812 1274 845 par
1294 807 1381 838 erat,
1404 801 1562 834 nonnulli
1583 802 1735 834 finitimi:
1759 813 1893 846 semper
1918 801 2009 834 enim
2028 812 2112 846 pro-

439 861 547 893 ximae
573 865 690 903 gentes
716 857 907 902 gaudebant
922 883 929 893 ‚
951 857 1034 890 dum
1056 858 1076 890 ii
1096 857 1190 891 bello
1211 857 1432 902 fatigarentur
1450 863 1483 891 et
1502 858 1590 891 male
1616 870 1650 891 se
1676 857 1852 892 haberent.
1883 858 1972 902 Ergo
1992 859 2112 891 iueun-

437 918 562 950 dorum
590 916 927 959 necessariorumque
954 914 1049 951 loco.
1077 916 1206 960 inquit.
1228 915 1261 947 id
1288 921 1333 948 est
1363 927 1498 948 mensae
1525 914 1679 960 cibique,
1708 916 1846 960 contigit
1874 916 1957 949 mihi
1984 915 2113 949 eiulare

438 986 618 1019 amaroque
638 973 720 1007 flere
746 979 889 1017 propter
915 973 1121 1018 insperatam
1149 984 1263 1005 rerum
1282 973 1316 1005 in
1338 973 1432 1018 peius
1450 972 1718 1006 inclinationem.
1747 974 1986 1013 Quorumnam
2006 984 2112 1018 porro

438 1032 609 1065 malorum
629 1030 793 1063 memoria
813 1030 984 1062 cruciatur
1003 1029 1153 1062 Israhel?
1173 1030 1323 1062 Primum
1343 1030 1422 1075 quia
1443 1030 1549 1062 Deum
1568 1029 1708 1063 offendit
1721 1056 1728 1067 ,
1749 1037 1892 1076 propter
1911 1042 2011 1063 suum
2030 1042 2114 1064 con-

437 1096 486 1122 tra
513 1088 683 1121 Christum
711 1088 850 1120 facinus.
881 1086 1010 1120 Deinde
1036 1087 1129 1131 quod
1158 1087 1248 1120 salus
1276 1099 1336 1132 per
1354 1099 1433 1121 eum
1452 1093 1592 1132 operata
1619 1087 1748 1120 inutilis
1767 1087 2027 1132 quodammodo
2047 1086 2111 1121 sibi

439 1146 555 1183 fuerit.
581 1152 613 1178 et
640 1145 733 1178 omni
762 1156 820 1189 spe
848 1143 937 1177 bona
964 1144 1144 1181 exciderit,
1174 1156 1210 1178 ae
1237 1150 1306 1177 tam
1331 1143 1492 1189 gravibus
1518 1144 1765 1178 calamitatibus
1791 1150 1969 1189 correptus
1995 1144 2108 1178 suerit.

439 1204 551 1236 Tertio
577 1202 724 1247 denique
750 1201 843 1246 quod
864 1201 945 1234 haec
966 1202 1148 1246 patientem
1176 1200 1363 1234 irridebant
1390 1201 1547 1235 nonnulli
1567 1201 1737 1235 dicentes:
1760 1201 1817 1235 ubi
1838 1208 1887 1235 est
1905 1203 1994 1235 Deus
2014 1202 2112 1235 tuus?

611 1276 768 1302 Quoniam
785 1276 927 1297 transibo
943 1276 977 1297 in
995 1276 1096 1297 locum
1113 1275 1309 1297 tabernaculi
1327 1275 1540 1301 admirabilis,
1556 1282 1652 1303 usque
1668 1276 1708 1298 ad
1725 1277 1847 1298 domum
1865 1275 1940 1303 nei,

723 1321 756 1342 in
774 1326 842 1342 voce
858 1319 1064 1342 exultationis
1082 1321 1113 1342 et
1130 1319 1346 1347 consessionis,
1361 1320 1429 1342 soni
1448 1320 1560 1342 festum
1576 1319 1765 1342 celebrantis
1783 1319 1824 1348 (2).

534 1376 598 1416 Qui
617 1373 663 1408 ob
683 1374 901 1407 inimicorum
923 1375 1113 1407 irrisionem
1133 1380 1302 1411 maerent.
1325 1385 1393 1407 non
1416 1374 1632 1407 mediocriter
1652 1385 1711 1419 spe
1731 1374 1912 1407 meliorum
1932 1384 2049 1407 rerum
2066 1385 2115 1407 re-

439 1439 616 1470 creantur.
639 1438 741 1477 atque
761 1431 803 1464 ad
822 1431 1004 1477 gaudium,
1027 1438 1246 1476 mentemque
1265 1443 1366 1476 supra
1386 1430 1575 1476 quemlibet
1594 1442 1785 1465 maerorem
1806 1431 2002 1475 erigendam
2021 1436 2115 1464 tran-

438 1491 575 1527 siliunt,
597 1488 662 1523 sibi
689 1488 857 1534 spondent
878 1488 1038 1526 salutem,
1062 1489 1233 1533 vitamque
1253 1500 1314 1521 suo
1334 1495 1491 1533 tempore
1515 1494 1777 1523 consecuturos,
1799 1488 1999 1532 divinasque
2017 1487 2114 1521 sedes

441 1559 505 1581 una
526 1559 603 1581 cum
622 1547 696 1581 aliis
715 1547 839 1579 sanctis
858 1545 1031 1582 adituros,
1054 1552 1086 1579 et
1106 1546 1285 1591 participes
1305 1545 1481 1579 sollemnis
1500 1545 1645 1578 laetitiae
1666 1545 1757 1578 illins
1776 1544 1867 1583 fore,
1889 1556 1976 1589 quae
1994 1546 2029 1578 in
2048 1545 2115 1578 lau-

440 1605 556 1639 dando
575 1606 781 1638 incessanter
799 1604 869 1636 Deo
889 1608 1054 1636 versatur.
1077 1604 1169 1636 Haec
1188 1604 1279 1636 enim
1299 1608 1432 1636 sanctos
1450 1602 1547 1635 decet
1567 1602 1797 1639 sollemnitas:
1818 1613 1921 1647 quam
1940 1613 2013 1636 rem
2033 1601 2114 1635 alibi

441 1663 520 1696 item
548 1662 598 1695 dix
608 1673 647 1694 us
666 1661 772 1694 David
794 1660 954 1693 adfirmat
973 1660 1001 1692 ἐ
1027 1674 1042 1691 «
1065 1659 1154 1693 beati
1181 1661 1240 1705 qui
1266 1659 1421 1693 habitant
1440 1660 1474 1692 in
1497 1659 1602 1693 domo
1621 1665 1694 1697 tua,
1717 1671 1778 1704 per
1804 1659 1934 1692 saecula
1962 1659 2115 1693 saeculo—

441 1731 516 1752 rum
545 1717 733 1752 laudabunt
760 1723 804 1751 te.
831 1731 846 1747 »
869 1716 1091 1751 Admirabilis
1108 1729 1192 1751 vero
1211 1716 1421 1750 tabernaculi
1442 1717 1596 1751 nomine.
1618 1717 1676 1749 Dei
1698 1716 1839 1749 domum
1867 1715 2024 1753 denotat,
2046 1721 2116 1750 ter-

442 1782 583 1809 restrem
609 1775 752 1811 scilicet,
774 1785 861 1819 quae
881 1774 1032 1807 caelestis
1052 1774 1210 1808 ecclesiae
1230 1774 1375 1807 imitatio
1394 1780 1455 1807 est.
1484 1774 1639 1818 Namque
1659 1774 1759 1806 altius
1782 1785 1876 1819 spem
1897 1784 1990 1806 suam
2011 1774 2116 1807 sancti

441 1832 628 1869 extollunt,
657 1831 730 1865 fore
755 1831 882 1864 scilieet
910 1837 947 1864 ut
975 1837 1051 1876 post
1075 1831 1176 1864 huius
1201 1831 1290 1864 vitae
1318 1842 1517 1868 aerumnas,
1546 1831 1689 1876 excipiat
1715 1842 1749 1863 se
1776 1830 1987 1864 beatissimus
2012 1829 2113 1867 finis,

441 1888 597 1922 mirabile
616 1889 675 1921 Dei
695 1899 881 1933 supernum
903 1887 1179 1925 tabernaculum,
1200 1894 1233 1921 et
1252 1889 1394 1921 interius
1413 1888 1486 1921 eius
1506 1888 1697 1932 penetrale,
1718 1891 1789 1932 quo
1807 1886 1850 1921 ab
1870 1888 2029 1932 angelicis
2046 1889 2117 1921 vir-

441 1946 569 1980 tutibus
595 1946 672 1979 elati
699 1945 979 1983 introducentur,
1001 1946 1105 1979 veluti
1127 1945 1351 1991 Symmachus
1376 1945 1474 1978 dicit:
1498 1945 1759 1990 transportabor
1785 1957 1891 1991 usque
1910 1945 1953 1979 ad
1972 1945 2116 1978 domum

441 2004 513 2037 Dei.
545 2003 639 2037 Unde
658 2009 691 2037 et
707 2002 836 2036 dictum
865 2002 949 2035 illud
970 2003 1000 2035 ἐ
1024 2016 1040 2034 «
1063 2004 1235 2048 rapiemur
1264 2003 1296 2036 in
1324 2002 1428 2036 nube.
1454 2017 1470 2033 »
1493 2003 1564 2036 Iam
1582 2014 1663 2047 prae
1683 2002 1833 2036 sensibili
1851 2003 1977 2047 Moysis
2002 2001 2118 2036 taber-

442 2061 581 2097 naculo,
604 2060 832 2094 intellectuale
852 2060 936 2093 illud
957 2060 1144 2105 appellavit
1163 2059 1384 2098 admirabile,
1407 2072 1525 2093 verum
1544 2060 1668 2093 scilicet
1696 2060 1782 2093 illud
1801 2060 1896 2104 quod
1915 2060 2024 2097 Deus,
2045 2070 2115 2092 non

441 2118 563 2155 homo,
585 2117 770 2151 constituit.
800 2116 900 2156 Quod
926 2117 953 2150 si
979 2117 1143 2162 gaudium
1162 2118 1195 2150 in
1216 2117 1316 2150 caelis
1337 2116 1373 2150 lit
1394 2117 1523 2162 angelis
1541 2118 1601 2150 Dei
1622 2128 1723 2162 super
1750 2128 1820 2149 uno
1839 2122 2015 2161 peccatore
2035 2126 2117 2161 pae-

443 2176 617 2209 nitentiam
644 2180 783 2219 agente.
806 2185 919 2207 nonne
939 2185 1085 2218 aequum
1113 2175 1174 2212 sit,
1195 2186 1302 2219 quum
1323 2175 1433 2207 anima
1453 2175 1565 2219 aliqua
1579 2200 1586 2211 ,
1609 2181 1789 2219 postquam
1817 2174 1896 2207 satis
1914 2173 1947 2206 in
1967 2173 2031 2206 hac
2049 2173 2116 2206 vita

440 2233 585 2267 exercita
612 2232 736 2269 fuerit,
765 2232 798 2264 in
825 2237 956 2265 sanctas
982 2231 1142 2265 caelestes
1167 2232 1265 2265 sedes
1290 2231 1489 2269 devenerit,
1519 2232 1622 2265 laetas
1646 2243 1747 2265 voces
1771 2231 1863 2264 illius
1888 2229 2117 2264 multitudinis

441 2290 599 2327 excitari,
621 2289 720 2322 saluti
740 2289 949 2321 salvatorum
966 2289 1183 2334 plaudentis?
1201 2290 1290 2322 Hinc
1309 2290 1373 2322 ait:
1394 2300 1535 2335 pergam
1554 2301 1631 2322 cum
1648 2300 1732 2322 voce
1752 2288 1969 2321 exultationis
1984 2293 2017 2321 et
2035 2298 2118 2321 con·-

440 2347 608 2385 fessionis,
630 2346 772 2390 sonique
794 2345 916 2379 festum
935 2344 1158 2383 celebrantis;
1181 2345 1329 2390 hymnos
1347 2347 1507 2379 nimirum
1529 2345 1660 2383 dicem,
1683 2352 1715 2378 et
1741 2357 1819 2379 cum
1839 2345 1964 2379 feriatis
1989 2345 2117 2378 cantica

441 2405 607 2438 extollens
633 2404 796 2437 servatori
822 2403 968 2436 Christo.

681 2478 786 2505 (lusu-e
804 2479 906 2500 tristis
921 2484 967 2505 es,
983 2479 1090 2500 anima
1105 2484 1187 2505 mea,
1202 2480 1233 2500 et
1249 2484 1347 2504 qum-e
1363 2479 1531 2500 conturbus
1549 2479 1611 2500 met
1629 2478 1728 2505 spen-n
1747 2478 1780 2500 ln
1800 2477 1879 2503 nco,

812 2523 961 2549 quoniam
976 2522 1145 2544 confitebor
1163 2522 1231 2548 iun
1247 2522 1332 2544 salus
1349 2522 1453 2544 vultus
1469 2523 1527 2544 mei
1548 2522 1629 2544 neus
1646 2528 1745 2544 meus-

533 2577 714 2609 Tristitiam
735 2575 912 2620 obiurgat.
935 2587 994 2621 spe
1013 2577 1047 2609 in
1066 2576 1238 2609 Christum
1257 2581 1427 2609 recreatus
1447 2576 1598 2621 populus
1617 2575 1817 2611 crucifixor.
1840 2575 1972 2620 aitque:
1994 2575 2020 2607 si
2040 2580 2119 2607 tem-

441 2644 520 2677 pus,
542 2644 563 2666 ο
590 2634 720 2671 anima,
743 2633 920 2666 decretum
947 2632 1027 2671 fuit,
1049 2644 1119 2678 quo
1146 2639 1260 2665 nostra
1287 2644 1348 2677 per
1376 2632 1480 2665 fidem
1506 2633 1657 2671 vocatio,
1679 2633 1782 2666 ducet
1808 2644 1869 2665 nos
1895 2643 1973 2665 cum
1998 2631 2117 2665 ceteris

440 2688 662 2723 iubilantibus
683 2689 723 2722 ad
744 2690 831 2722 illud
860 2689 1138 2725 tabernaculum,
1160 2700 1266 2734 quare
1293 2690 1396 2722 tristis
1416 2702 1468 2727 es,
1489 2696 1520 2722 et
1547 2701 1704 2723 maerore
1731 2689 1930 2723 conficeris?
1956 2690 2059 2734 Sper-a
2083 2687 2115 2720 in

538 2795 572 2822 (1)
593 2793 623 2819 ln
643 2796 716 2819 textu
736 2800 832 2828 graeco
851 2792 952 2819 codicis
968 2794 996 2819 B.
1012 2801 1092 2824 tuam
1111 2794 1140 2820 in
1159 2792 1218 2820 cod.
1236 2794 1268 2819 A.
1285 2792 1336 2819 hoc·
1355 2793 1445 2824 deest)
1463 2794 1565 2828 legitur
1585 2795 1694 2828 ἕκτεωῃς
1711 2794 1876 2826 tetenderis;
1891 2792 1937 2820 sed
1956 2793 2015 2818 sine
2033 2791 2117 2819 dubio

442 2835 584 2870 pluraliter
603 2837 759 2870 ponendum
780 2842 819 2864 est
838 2839 972 2865 &arsi-‘ms

539 2882 574 2910 (2)
593 2880 726 2907 Graecum
745 2882 907 2909 vocabulum
928 2883 1088 2918 έιρκίζο-ιτος
1110 2883 1265 2918 sequimur,
1287 2891 1350 2910 cum
1370 2884 1538 2918 Hieronymo
1561 2885 1600 2910 sie
1620 2883 1778 2910 hebraicum
1797 2883 1993 2916 interpretante
2015 2882 2045 2908 in
2067 2890 2117 2909 sua

443 2923 563 2959 psalterii
584 2924 770 2951 translatione.
