2205 3177
187 542 191 546 ·
215 539 221 559 ι
248 539 283 564 [ρ.
301 538 329 559 ιιι
357 540 362 557 ι

185 1455 191 1460 ·
206 1453 250 1472 m.
263 1451 333 1473 xxllt

185 1508 190 1515 “
208 1505 223 1525 Ι.
238 1504 294 1526 Timv
313 1508 328 1526 t.
343 1510 374 1526 ευ.

185 1531 209 1551 tt.
226 1536 236 1551 -.’
264 1534 284 1551 1·

254 1566 290 1586 (ir⁴
305 1573 325 1593 p.
343 1569 374 1587 73.

213 1684 265 1702 (tux
283 1682 329 1702 M.
349 1686 378 1703 ti.

187 2482 194 2489 ·
212 2479 245 2499 P«,
260 2480 375 2501 manv.

189 2546 193 2550 ⁴
215 2542 247 2563 ra.
265 2543 341 2564 xxm.
361 2548 365 2564 1

419 165 457 198 28
915 173 942 196 s.
971 174 1099 197 crustu
1125 174 1344 198 Atexaxnmxl
1370 175 1574 200 εΧΡιΛΝΛτιο

412 240 566 285 sanguini
593 245 623 272 et
651 239 762 274 carni.
791 239 860 283 ipse
886 239 1014 284 pariter
1040 239 1241 274 eorumdem
1265 240 1370 273 factus
1392 246 1442 274 est
1469 242 1655 287 particeps,
1676 248 1709 275 ut
1731 253 1793 288 per
1818 249 1966 277 mortem
1987 254 2086 277 suam

413 297 602 330 destrueret
621 295 719 328 illum
745 296 803 340 qui
829 296 950 329 mortis
970 303 1172 342 potestatem
1195 296 1341 331 habebat
1366 312 1382 329 »
1406 297 1440 330 id
1466 304 1514 331 est
1539 297 1733 338 diabolum,
1755 299 1900 345 illosque
1922 300 2081 334 liberaret

413 354 469 398 qui
496 359 587 386 metu
613 353 734 385 mortis
757 353 791 385 in
817 354 974 387 universa
1003 354 1069 387 vita
1097 365 1155 387 sua
1180 355 1378 388 servitutem
1407 353 1613 388 serviebant.
1641 355 1730 400 Ergo
1756 357 1818 390 nisi
1838 368 1931 390 mors
1955 355 2083 390 abolita

415 417 499 444 essct
512 436 519 446 .
537 421 662 444 vanum
682 410 799 444 suisset
818 411 867 444 rei
886 411 1084 451 consilium,
1103 413 1221 446 inutile
1239 424 1378 457 quoque
1397 411 1496 445 nobis
1515 413 1596 457 ipsis
1614 412 1853 447 incarnationis
1871 415 1942 448 eius
1960 420 2085 459 myste-

414 469 519 505 rium,
541 473 572 501 et
591 479 610 501 a
636 468 724 500 vitae
747 479 806 512 spe
832 468 1084 503 excidisse-mus.
1115 471 1230 503 Vocati
1255 476 1368 503 autem
1396 469 1520 503 suimus
1539 469 1581 503 ad
1608 469 1846 514 adoptionem,
1867 472 1996 516 Deiquc
2022 470 2084 504 filii

412 526 651 563 nominamur,
672 530 709 558 ut
736 526 779 558 ait
807 527 943 571 sapiens
969 527 1138 561 Iohannes
1158 528 1181 560 '.
1211 527 1311 567 Quod
1339 528 1365 561 si
1392 538 1490 565 tere,
1511 526 1705 572 adoptionis
1730 528 1853 566 instar,
1874 528 2086 573 redemptio-

411 593 489 615 nem
514 583 672 628 corporis
697 584 803 616 nostri
830 584 1032 630 recipimus,
1052 596 1220 629 quaenam
1248 584 1329 618 haec
1357 584 1495 618 tandem
1520 584 1730 630 redemptio,
1756 585 1819 618 nisi
1847 596 1909 619 nos
1934 585 2087 618 Christus

411 640 558 673 victores
578 641 697 674 mortis
716 640 849 675 effecit?
876 642 941 674 Aut
967 641 1145 686 quomodo
1163 641 1358 675 immutabit
1377 653 1502 688 corpus
1527 641 1728 675 humilitatis
1747 647 1899 680 nostrae,
1921 641 2087 687 facietque

411 696 521 729 simile
542 698 680 742 corpori
700 697 830 743 gloriae
855 699 958 732 suae'?
978 698 1203 738 Quandonam
1224 698 1289 732 hoc
1307 698 1457 738 accidet,
1483 700 1546 733 nisi
1566 710 1660 733 mors
1679 698 1851 733 destructa
1876 698 2000 732 fuerit?
2019 699 2087 732 Aut

412 765 498 799 quae
519 755 580 788 erit
602 756 746 789 mutatio
766 755 855 794 illis,
874 757 933 800 qui
953 756 1072 789 eadem
1095 756 1309 795 conditione,
1332 757 1437 789 immo
1460 758 1560 790 etiam
1582 757 1715 802 peiore,
1738 756 1842 790 futuri
1868 756 1956 790 sint?

506 811 638 845 videsis
663 819 776 846 autem
795 813 973 857 quomodo
1000 814 1174 858 ingeniose
1199 815 1422 846 necessariam
1443 814 1602 859 exprimit
1626 814 1892 853 confessionem,
1919 812 2015 858 quod
2035 811 2088 846 di-

412 880 489 902 cere
515 875 695 914 oporteat,
725 876 845 903 cuncta
872 882 944 903 csse
975 876 1208 903 resurrectura
1240 869 1453 915 temporibus
1483 870 1741 916 praedestinatis
1766 877 1900 904 terrena
1926 880 2085 916 corpora.

413 926 498 959 Nam
523 927 568 964 si,
593 927 719 972 inquit,
743 938 804 972 per
831 927 1025 960 universam
1052 938 1069 960 a
1086 928 1159 960 Deo
1185 927 1385 972 inspiratam
1408 928 1612 973 scripturam
1630 928 1802 962 Christum
1828 928 2050 961 resurrexisse
2068 938 2087 961 a

413 984 556 1016 mortuis
574 983 808 1029 praedicatur,
825 983 1003 1029 quomodo
1022 984 1182 1018 nonnulli
1202 984 1293 1030 apud
1313 995 1374 1018 vos
1392 985 1503 1023 aiunt,
1521 984 1671 1019 suturam
1690 996 1760 1019 non
1779 997 1850 1019 esse
1870 991 2088 1019 mortuorum

414 1042 722 1074 resurrectionem?
743 1042 897 1075 Mortuus
916 1048 966 1075 est
989 1043 1101 1080 enim,
1125 1048 1162 1075 ut
1186 1053 1296 1088 nuper
1321 1042 1488 1081 diximus,
1510 1054 1581 1076 non
1606 1044 1656 1076 sui
1683 1054 1782 1077 causa
1808 1042 1868 1076 sed
1893 1048 2030 1081 nostra3
2051 1048 2088 1076 ut

412 1099 574 1141 quoniam
600 1100 671 1144 ipse
696 1099 763 1132 vita
790 1105 859 1138 est,
881 1105 1002 1145 utpote
1027 1106 1147 1133 natura
1173 1111 1232 1133 sua
1258 1100 1366 1137 Deus,
1388 1100 1499 1133 carnis
1524 1110 1603 1133 suae
1629 1106 1740 1134 morte
1767 1101 1976 1134 interimeret
1994 1110 2088 1133 mor-

414 1161 499 1192 tem,
519 1161 675 1190 secutura
701 1168 783 1189 mox
808 1156 1004 1202 exemplum
1030 1157 1101 1190 eius
1127 1157 1277 1190 hominis
1303 1163 1437 1190 natura.
1466 1157 1599 1190 Revixit
1623 1158 1732 1195 enim,
1757 1157 1932 1202 factusque
1955 1163 2005 1191 est
2028 1168 2088 1190 ve—

415 1212 474 1245 luti
501 1212 672 1247 inchoatio
699 1213 918 1247 humanitatis
943 1215 1214 1259 transmigrantis
1241 1214 1283 1247 ad
1311 1215 1436 1252 vitam,
1464 1219 1564 1259 atque
1590 1215 1635 1248 ad
1658 1213 1951 1248 immortalitatem
1976 1219 2088 1247 morte

413 1268 544 1303 devicta
571 1271 786 1304 instauratae.
814 1272 909 1304 Nova
935 1271 1026 1304 enim
1053 1278 1225 1307 creatura,
1246 1271 1409 1317 quicquid
1428 1272 1462 1304 in
1481 1271 1615 1305 Christo
1641 1277 1703 1305 est.
1724 1272 1880 1305 Iamvero
1901 1281 2010 1316 quum
2034 1281 2089 1304 res

414 1326 496 1360 haec
523 1326 595 1361 fieri
622 1329 790 1373 coeperit,
812 1328 990 1373 quomodo
1016 1329 1050 1362 in
1077 1330 1176 1362 terris
1201 1327 1439 1362 manebimus?
1465 1330 1533 1362 Aut
1550 1329 1728 1374 quomodo
1752 1328 1911 1362 nonnulli
1936 1334 2088 1362 vestrum

412 1384 539 1418 audent
565 1384 696 1424 dicere,
724 1396 795 1419 non
821 1397 892 1419 esse
918 1392 1170 1419 resurrecturos
1195 1386 1375 1419 mortuos?
1398 1385 1589 1420 Verisimile
1615 1391 1665 1419 est
1690 1386 1764 1420 heic
1789 1385 1933 1431 intelligi
1955 1384 2089 1419 Saddu-

355 1458 373 1472 κ.
412 1453 509 1475 caeos
527 1443 554 1475 ἐ
576 1443 702 1476 etenim
722 1443 757 1476 hi
778 1442 936 1476 dicebant
958 1442 1049 1476 haud
1070 1442 1143 1476 sore
1161 1443 1465 1481 resurrectionem,
1481 1454 1592 1488 neque
1612 1454 1684 1477 esse
1704 1443 1879 1489 angelum,
1897 1453 2008 1487 neque
2026 1443 2090 1487 spi-

415 1500 530 1532 ritum.
561 1498 864 1534 Calumniabantur
884 1506 998 1534 autem
1022 1500 1282 1534 resurrectionis
1307 1500 1509 1544 mysterium
1529 1499 1540 1509 ⁹
1559 1501 1778 1545 Hymenaeus
1801 1510 1940 1545 quoque
1957 1505 1990 1533 et
2008 1498 2089 1532 Ale-

414 1557 561 1596 xander,
589 1557 740 1591 dicentes
770 1559 1056 1591 resurrectionem
1087 1559 1153 1591 iam
1185 1558 1348 1591 evenisse.
1377 1558 1621 1591 Verumtamen
1652 1557 1687 1591 hi
1713 1558 1747 1591 in
1775 1556 1843 1591 fide
1872 1556 2088 1601 naufragium

416 1615 503 1660 passi
528 1621 625 1655 sunt,
654 1626 790 1661 unaque
817 1615 872 1649 alii
898 1616 956 1660 qui
983 1615 1124 1649 exoletis
1150 1616 1306 1660 ipsorum
1332 1616 1432 1660 nugis
1458 1614 1698 1649 adhaeserunt.

560 1681 648 1708 Quod
666 1683 690 1704 εἰ
709 1682 854 1705 Christus
872 1688 932 1704 non
950 1682 1136 1709 resurrexit,
1153 1682 1258 1704 inanis
1274 1682 1382 1708 utique
1399 1682 1443 1704 est
1460 1681 1555 1704 etiam
1571 1681 1763 1708 praedicatio
1779 1681 1884 1703 nostra
1901 1679 1943 1710 (1).

510 1732 612 1764 Primi
631 1743 842 1777 consequens
861 1738 908 1765 est
928 1731 1133 1765 secundum:
1155 1743 1233 1765 cum
1252 1731 1403 1765 secundo
1423 1737 1534 1765 autem
1554 1730 1743 1764 destruitur
1761 1731 1930 1776 primum:
1951 1741 2021 1775 quo
2038 1729 2089 1764 fa-

415 1794 487 1826 cto,
510 1787 544 1820 id
563 1795 614 1822 est
631 1799 649 1822 a
670 1787 772 1822 nobis
788 1788 938 1827 credito,
963 1800 1048 1822 iana
1067 1790 1129 1822 erit
1152 1795 1349 1823 sanctorum
1373 1788 1610 1834 apostolorum
1630 1788 1856 1834 praedicatio:
1880 1798 1966 1822 vana
1986 1788 2088 1822 etiam

418 1844 520 1877 tides:
541 1845 584 1878 ita
610 1847 702 1879 enim
727 1858 762 1880 se
787 1845 891 1880 hahet
916 1846 1071 1880 doctrina
1091 1846 1190 1885 fidei,
1211 1858 1298 1891 quae
1316 1858 1378 1891 per
1400 1852 1535 1880 sanctos
1552 1846 1708 1880 homines
1730 1845 1855 1879 erudiit
1875 1846 1910 1879 in
1928 1846 2089 1880 universo

414 1901 500 1935 orbe
526 1903 684 1936 initiatos.
714 1904 781 1937 Cur
807 1915 889 1948 ergo
915 1903 1043 1937 diutius
1062 1904 1259 1942 credemus,
1280 1905 1307 1937 si
1334 1910 1371 1937 ut
1396 1903 1501 1948 aliqui
1526 1903 1649 1937 volunt
1675 1914 1744 1937 non
1768 1903 1889 1937 revixit
1912 1902 2088 1936 Christus?

416 1959 548 1993 Etenim
567 1959 641 1993 falsi
662 1966 762 1994 testes
782 1960 1082 2006 deprehendemur
1101 1961 1264 1995 adversus
1282 1962 1408 1999 Deum,
1430 1961 1526 2006 quasi
1543 1961 1716 1994 Christum
1737 1960 1966 1999 suscitaverit,
1985 1971 2089 2005 quem

415 2028 533 2062 reapse
550 2029 618 2052 non
638 2019 825 2057 suscitavit,
850 2020 875 2051 si
895 2025 985 2052 certe
1008 2020 1135 2053 mortui
1154 2031 1223 2053 non
1241 2026 1437 2064 resurgunt.
1465 2020 1548 2052 Tum
1567 2030 1650 2052 vero
1668 2025 1760 2052 tanta
1778 2024 1976 2052 sanctorum
1997 2017 2089 2052 mul-

416 2075 545 2114 titudo,
566 2075 743 2120 quomodo
764 2076 917 2110 falsitatis
934 2077 1063 2110 crimen
1082 2076 1226 2110 xitabit‘?
1246 2077 1342 2110 Certe
1360 2076 1459 2110 nullo
1484 2075 1591 2110 modo
1617 2076 1651 2109 hi
1670 2076 1774 2110 sancti
1795 2075 1926 2114 forent,
1948 2076 2007 2121 qui
2032 2085 2088 2109 ca-

414 2132 563 2167 lumniae
582 2134 617 2166 in
636 2134 743 2167 Deum
761 2135 891 2167 crimen
916 2135 1150 2168 incurrissent.
1179 2134 1244 2167 Sed
1264 2135 1354 2167 enim
1374 2134 1458 2168 haec
1477 2133 1575 2168 aliter
1593 2145 1628 2168 se
1648 2132 1797 2171 habent;
1817 2134 1890 2173 sine
1908 2132 2087 2166 mendacio

415 2190 506 2223 enim
532 2189 691 2224 doctores
717 2192 824 2225 nostri
851 2191 1023 2225 Christum
1050 2192 1235 2225 surrexisse
1261 2191 1433 2225 dixerunt.

773 2255 859 2282 (luo-l
877 2257 902 2280 si
921 2256 1065 2279 “hristus
1082 2263 1141 2278 non
1161 2257 1349 2283 resurrexit,
1364 2263 1443 2279 vana
1460 2257 1505 2279 est
1522 2257 1623 2279 vestra
1641 2255 1726 2279 fides.

512 2305 692 2339 Verissime
716 2311 875 2350 recteque
903 2305 1091 2339 admodum
1117 2306 1238 2339 ceteris
1256 2305 1290 2338 id
1307 2316 1445 2350 quoque
1470 2304 1577 2338 addit.
1606 2304 1740 2338 Etenim
1761 2302 1922 2338 iustificat
1946 2302 2086 2349 quidem

415 2362 518 2399 fides:
546 2363 591 2396 ita
618 2369 749 2400 tamen,
778 2363 803 2395 si
830 2363 906 2407 quis
931 2362 1032 2395 huius
1058 2374 1123 2407 ope
1148 2363 1319 2395 xesaniam
1346 2361 1441 2395 illam
1458 2368 1625 2407 expurget
1650 2361 1745 2406 quod
1762 2361 1914 2395 Christus
1938 2371 2008 2395 non
2033 2372 2088 2394 re-

415 2421 614 2454 surrexerit.
642 2420 732 2460 Quid
759 2431 865 2465 porro
892 2420 1054 2453 interest?
1081 2421 1210 2464 Nempe
1237 2420 1382 2464 antiquis
1407 2419 1608 2453 criminibus
1634 2419 1746 2453 adhuc
1771 2425 1947 2457 tenemur,
1968 2429 2088 2464 pecca-

417 2484 488 2510 tum
509 2489 578 2511 non
597 2477 756 2512 eluimus.
786 2478 924 2511 Frustra
944 2478 1047 2510 etiam
1066 2476 1166 2509 divus
1184 2476 1343 2510 melodus
1362 2477 1407 2510 ait
1427 2477 1458 2509 ⁹:
1483 2491 1498 2507 «
1520 2476 1772 2523 complacuisti,
1793 2477 1955 2514 Domine,
1976 2481 2087 2509 terrae

418 2541 510 2573 tuae,
532 2535 691 2569 remisisti
718 2535 912 2580 iniquitates
937 2533 1067 2580 populo
1087 2540 1162 2571 tuo,
1187 2533 1351 2578 operuisti
1368 2535 1483 2568 omnia
1502 2540 1638 2580 peccata
1663 2545 1796 2568 eorum.
1824 2547 1839 2565 »
1859 2534 1901 2567 Et
1917 2543 2035 2567 rursus
2055 2533 2084 2565 ‘z

421 2606 436 2620 «
459 2591 546 2625 beati
572 2604 721 2637 quorum
748 2593 907 2625 remissae
926 2597 1002 2625 sunt
1022 2592 1233 2636 iniquitates,
1254 2597 1285 2623 et
1305 2602 1453 2636 quorum
1474 2598 1608 2637 peccata
1628 2591 1762 2626 obtecta
1787 2597 1866 2625 sunt
1885 2590 1944 2636 (2).
1965 2590 2086 2624 Beatus

419 2650 468 2681 xir
486 2651 538 2682 cui
559 2662 626 2684 non
647 2651 863 2696 imputaverit
885 2650 1051 2683 Dominus
1071 2655 1218 2694 peccata.
1243 2663 1258 2679 »
1284 2649 1323 2682 Et
1342 2649 1483 2693 quidem
1509 2650 1595 2683 hanc
1614 2648 1861 2683 beatitudinem
1880 2648 1922 2682 ad
1942 2647 2086 2681 Iudaeos

417 2712 446 2738 et
469 2707 621 2740 ethnicos
640 2708 816 2741 dilatatam
835 2708 881 2740 ait
900 2706 1018 2740 beatus
1043 2706 1164 2739 Paulus
1184 2707 1216 2739 in
1237 2707 1380 2751 epistola
1406 2706 1447 2739 ad
1468 2708 1659 2740 Romanos:
1683 2720 1698 2737 «
1720 2705 1889 2741 iustificati
1914 2705 2006 2738 enim
2030 2715 2085 2737 su-

515 2792 549 2819 (1)
570 2789 644 2816 Adde
665 2791 691 2817 in
711 2798 806 2825 graeco
826 2794 899 2817 textu
920 2792 995 2824 ἡμῶν.

517 2835 547 2857 ’2
570 2833 666 2860 Confer
687 2834 795 2868 Eulogii
817 2834 1001 2870 fragmentum
1021 2838 1093 2861 retro
1112 2833 1184 2869 apud
1204 2841 1253 2861 nos
1272 2841 1312 2867 gr.
1335 2841 1360 2868 p.
1383 2837 1440 2861 104.
1462 2841 1489 2860 n*
1511 2837 1536 2861 2,
