2205 3177
157 1012 198 1031 ·t¹-
217 1012 301 1032 txxxt
319 1016 337 1032 11

159 1244 165 1251 ⁸
185 1242 201 1260 l*
227 1242 292 1261 lvxi!
321 1245 348 1261 Ι.’,

389 185 456 216 20ss
892 193 919 214 s.
949 193 1074 214 11111111
1103 193 1323 215 maxumum
1351 192 1556 214 exmutmrm

389 258 545 291 dextera.
567 268 653 301 qnae
679 262 771 289 extra
799 267 937 289 omnem
965 256 1150 289 tumultuin
1178 263 1281 302 ponet
1310 268 1368 290 eos
1394 257 1452 300 qui
1474 257 1532 289 Dei
1556 255 1710 301 partibus
1736 255 1939 293 adhaerent:
1960 267 2067 300 quae-

388 327 454 360 que
481 315 592 346 omnia
620 313 724 346 ardua
752 313 1004 358 complanabit.
1027 320 1056 346 et
1087 325 1204 359 aspera
1232 314 1273 347 ad
1303 314 1475 347 lenitatem
1496 312 1695 345 transferet.
1717 319 1748 345 et
1774 313 1941 357 gradibile
1969 313 2065 346 saciet

389 371 481 416 quod
509 369 653 403 sublime
679 376 725 402 cst
741 396 748 404 .
771 376 801 402 et
829 369 1058 415 superborum
1087 371 1308 416 supercilium
1335 370 1481 403 deiiciet.

890 435 1070 457 §onum-un!
1089 438 1118 457 e(
1138 436 1285 457 nun-butue
1301 437 1375 457 num
1392 441 1491 461 aquae
1508 436 1564 457 eu·-

486 488 597 530 Δ11111115
623 492 782 518 sonantes
808 492 838 518 et
869 485 1021 524 turbatas
1048 486 1216 531 intelliges
1235 487 1387 529 gentium
1414 484 1691 520 multitudinem:
1714 485 1759 517 sic
1784 485 1874 517 enim
1896 485 1955 517 has
1973 485 2070 517 voci-

331 563 339 571 „
389 551 460 576 tare
479 543 562 575 solet
584 544 744 587 inspirata
765 543 954 587 scriptura:
976 543 1081 576 veluti
1103 544 1144 576 ait
1173 542 1297 576 alicubi
1318 542 1361 575 de
1380 543 1501 575 Ninive
1523 542 1552 574 ἐ
1575 542 1714 577 Ninive,
1736 548 1771 574 ut
1793 553 1900 585 aquae
1920 542 2067 586 piscina,

388 612 494 645 aquae
514 601 615 633 illins.
640 600 735 632 Alius
756 600 799 633 ill
820 612 959 645 quoque
979 607 1114 634 sanctus
1134 601 1303 646 propheta
1324 601 1367 633 ait
1389 600 1417 632 ἐ
1438 600 1522 633 haee
1541 599 1620 632 dicit
1642 599 1825 635 Dominus,
1845 600 1902 643 qui
1924 599 2069 644 imperat

387 659 482 702 aquis
508 658 642 692 inultis.
673 657 706 689 id
733 664 781 690 est
808 657 979 701 gentihus.
1010 659 1176 702 Regnavit
1202 659 1291 690 enim
1319 669 1423 702 super
1453 668 1574 690 omnes
1604 662 1722 701 gentes
1747 656 1912 689 Christus.
1942 655 2006 689 Sed
2036 662 2070 690 et

389 721 540 749 montes.
564 715 690 759 inquit,
714 714 838 747 turbati
866 721 941 747 sunt
964 714 1009 747 oh
1031 714 1268 748 tortitudinem
1297 714 1400 747 illius.
1429 715 1561 747 Montes
1589 714 1731 747 sortasse
1757 713 1839 746 dicit
1864 713 2070 748 illustriores

388 774 420 805 in
442 772 572 805 inundo
599 773 755 805 homin-cs
768 798 775 806 .
798 773 961 817 ranisque
980 772 1136 817 gloriolis
1156 771 1404 817 superbientes.
1434 771 1499 804 Sed
1520 777 1552 804 et
1571 771 1605 804 lii
1635 770 1761 803 turbati
1781 776 1876 807 sunt,
1899 776 1932 803 et
1950 776 2070 804 contra

387 836 520 863 sant-tos
547 830 726 873 magistros
750 836 1051 863 consurrexerunt.
1073 831 1317 863 Verumtamen
1337 828 1420 861 nihil
1442 828 1494 861 his
1514 840 1638 861 nocere
1664 828 1770 861 xaluit
1797 827 1958 861 scelestus
1976 828 2071 861 Sata-

389 899 466 922 nas:
489 898 566 920 nam
585 888 643 932 qui
665 888 759 919 initio
779 893 913 920 sanctos
933 888 1115 932 magistros
1135 885 1431 932 persequebantur
1444 912 1452 924 ‚
1473 886 1595 919 Christi
1619 885 1744 918 deinde
1763 885 2069 918 mansuetudinem

387 944 512 976 sectati
531 953 628 978 smil.
653 950 685 977 et
705 944 982 987 exangelicorum
1003 944 1245 977 mandatorum
1265 944 1342 977 facti
1363 949 1441 977 sunt
1460 949 1641 976 amatores.
1671 942 1773 982 Quod
1793 943 1965 976 admirans
1990 941 2073 976 bea-

390 1008 442 1035 tus
468 1003 532 1034 Dax
543 1001 574 1034 id
603 1000 710 1034 aiebat
735 1003 764 1033 ’ς
791 1016 805 1031 ι(
829 1002 911 1035 haec
937 1003 1081 1034 mutatio
1107 1002 1266 1035 dexterae
1292 1001 1429 1035 excelsi.
1455 1014 1470 1032 »

848 1066 1005 1089 Fluminis
1022 1068 1155 1094 impetus
1171 1066 1347 1089 laetificant
1362 1067 1522 1089 civitatem
1538 1065 1608 1088 nei.

484 1116 583 1156 Quod
612 1116 739 1149 flumen
760 1116 952 1162 appellatus
972 1118 1013 1150 sit
1033 1118 1134 1150 etiam
1153 1117 1307 1150 Christus
1333 1117 1529 1161 saepissime
1549 1116 1583 1149 in
1604 1116 1726 1149 sanctis
1752 1115 1873 1149 litteris
1886 1141 1893 1153 ,
1914 1116 1985 1148 sine
2004 1115 2071 1149 du·

393 1173 450 1206 bio
476 1175 659 1218 comperiet
688 1174 828 1207 sedulus
855 1181 1036 1207 scrutator.
1066 1175 1117 1207 Ait
1146 1175 1237 1207 enim
1263 1175 1334 1220 ipse
1360 1174 1403 1206 de
1429 1172 1530 1207 nobis
1550 1185 1611 1218 per
1637 1184 1744 1206 unum
1770 1173 1814 1206 de
1840 1173 1962 1206 sanctis
1988 1183 2070 1218 pro-

390 1231 499 1276 phetis
516 1231 542 1263 ‘z
571 1245 586 1262 ι(
601 1243 678 1264 ecce
697 1242 761 1276 ego
781 1232 917 1264 declino
937 1243 1040 1276 super
1059 1243 1134 1265 eam
1154 1238 1189 1265 ut
1209 1231 1338 1264 flumen
1357 1231 1466 1276 pacis,
1483 1237 1516 1264 et
1534 1231 1620 1264 sicut
1639 1236 1827 1263 torrentem
1846 1229 2070 1266 inundantem

389 1289 533 1333 gloriam
553 1290 719 1333 gentium.
747 1304 761 1319 »
785 1290 942 1334 Apteqne
962 1289 1149 1323 admodum
1169 1289 1249 1322 dicit
1271 1289 1424 1322 declino:
1446 1295 1519 1322 erat
1538 1289 1629 1321 enim
1648 1289 1714 1321 iter
1732 1289 1823 1324 eius.
1846 1288 1915 1321 sive
1933 1288 1987 1321 via
2005 1287 2069 1332 ipsi

389 1346 562 1391 proposita
590 1346 632 1378 ad
661 1346 869 1379 Israhelitas:
893 1346 951 1380 sed
979 1353 1162 1391 postquam
1190 1346 1223 1379 lii
1251 1345 1355 1379 fidem
1382 1345 1626 1391 repudiarunt,
1648 1345 1802 1390 nihilque
1822 1345 1916 1390 pensi
1939 1343 2070 1378 habue-

340 1423 348 1431 »
390 1409 465 1435 rnnt
488 1409 520 1435 ut
543 1403 669 1436 fluenta
687 1404 758 1436 eius
777 1405 1038 1449 participarent,
1050 1409 1238 1449 (propterea
1257 1404 1343 1437 iuste
1361 1403 1550 1436 admodum
1568 1402 1611 1436 ad
1631 1414 1692 1436 nos
1709 1402 1891 1436 declinavit
1908 1413 1948 1436 ex
1965 1402 2071 1436 ethni-

388 1461 434 1493 cis
460 1467 615 1497 vocatos,
639 1460 815 1506 factusque
834 1467 882 1495 est
904 1460 1005 1495 nobis
1031 1461 1160 1495 flumen
1187 1462 1279 1506 pacis
1298 1467 1329 1494 et
1350 1467 1485 1494 torrens
1509 1460 1694 1494 inundans.
1721 1480 1744 1485 -
1769 1459 1995 1494 Sanctificavit
2019 1465 2071 1492 ta-

388 1517 613 1551 bernaculum
640 1530 739 1551 suum
767 1519 973 1552 Altissimns.
1003 1538 1025 1543 -
1050 1517 1322 1551 Tabernaculum
1353 1519 1481 1564 pariter
1506 1517 1652 1551 dicimus
1681 1518 1754 1551 eius
1779 1529 1851 1551 esse
1877 1517 2066 1551 ecclesiam.

389 1574 525 1608 Habitat
552 1576 642 1609 enim
670 1576 704 1608 in
732 1577 855 1609 sanetis
881 1576 925 1620 12)
952 1576 1084 1621 piisque
1111 1575 1309 1614 animabus,
1331 1581 1462 1609 sanctas
1487 1586 1543 1609 eas
1569 1575 1735 1613 reddens,
1757 1575 1840 1608 dum
1866 1574 1972 1608 sancti
1998 1574 2071 1619 Spi-

388 1633 472 1665 ritus
500 1632 577 1666 sacit
604 1633 798 1678 participes.

915 1698 1088 1721 Adiuvabit
1104 1705 1173 1722 enm
1189 1699 1272 1722 neus
1288 1706 1379 1722 mune
1394 1699 1545 1723 diluculo.

485 1750 569 1789 Quia
589 1761 725 1783 summo
744 1761 844 1783 mane
863 1750 1005 1795 contigit
1026 1751 1161 1784 Domini
1181 1752 1404 1789 resurrectio,
1426 1750 1505 1784 ideo
1523 1750 1605 1784 dicit
1624 1761 1699 1783 eam
1718 1749 1940 1783 adiutorium.
1962 1745 2071 1781 Adiu-

389 1812 487 1838 vatur
514 1813 627 1839 autem
654 1808 771 1840 civitas
790 1808 849 1839 Dei
871 1807 1172 1852 appropinquante
1191 1808 1258 1842 die.
1288 1809 1343 1841 Est
1364 1808 1428 1841 alia
1448 1809 1549 1841 etiam
1575 1808 1695 1844 lectio.
1717 1818 1805 1853 quae
1824 1805 1946 1839 habet:
1968 1816 2072 1851 opem

390 1862 470 1895 feret
492 1864 521 1896 ei
541 1864 630 1897 Deus
648 1864 744 1896 vultu
764 1864 828 1903 (Ὦς
849 1871 1026 1897 conservat
1046 1866 1135 1898 enim
1153 1865 1307 1899 illaesam
1326 1867 1630 1911 incorruptamque
1649 1863 1943 1910 pulchritudinem
1960 1862 2070 1901 itlius,

388 1920 654 1954 intellectualem
682 1921 860 1959 videlicet,
887 1933 965 1955 cum
992 1921 1034 1955 ab
1062 1922 1264 1956 adversariis
1290 1922 1587 1969 perturbationem
1614 1923 1753 1967 patitur.
1783 1921 1954 1961 Quamdiu
1980 1921 2072 1954 enim

388 1979 499 2011 anima
519 1979 717 2012 inxiolaiam
740 1980 771 2011 in
794 1985 899 2012 semet
920 1980 1043 2013 retinet
1063 1979 1185 2017 fidem,
1208 1987 1239 2013 et
1259 1981 1415 2013 onmium
1435 1981 1602 2013 virtutum
1620 1986 1821 2013 ornamenta
1841 1977 1904 2011 sibi
1924 1979 2074 2011 circum-

388 2036 504 2079 ponit.
526 2036 820 2080 pulrhritudinem
843 2036 1109 2070 intellectualem
1130 2037 1249 2075 habet,
1272 2049 1339 2083 qua
1358 2038 1511 2071 Christus
1529 2049 1668 2082 quoque
1689 2037 1846 2070 laetatur.
1868 2036 1995 2069 Verum
2013 2033 2073 2068 ubi

387 2092 430 2125 ab
450 2093 564 2126 officio
583 2095 777 2129 recesserit.
799 2095 912 2127 statim
933 2093 969 2127 fit
991 2095 1100 2140 turpis
1119 2101 1149 2128 et
1170 2096 1330 2128 insuavis.
1352 2095 1416 2129 Sed
1437 2102 1550 2129 tamen
1570 2095 1637 2128 hoc
1656 2106 1725 2128 non
1746 2094 1893 2139 patietur
1912 2092 2070 2131 ecclesia,

387 2149 483 2182 cuius
509 2150 581 2195 ipse
608 2151 903 2195 pulchritudinem
931 2157 1057 2185 tuetur.
1088 2153 1156 2185 lam
1185 2152 1344 2186 ecclesiae
1370 2153 1486 2186 vultus
1511 2152 1656 2197 intelligi
1684 2157 1827 2197 possunt
1853 2150 1960 2195 ipsius
1986 2149 2075 2183 anti—

387 2207 496 2243 stites,
520 2218 607 2251 quos
633 2208 734 2240 etiam
763 2208 902 2241 roborat
930 2221 1065 2254 semper
1091 2209 1260 2247 Christus,
1284 2216 1319 2243 ut
1346 2211 1478 2254 possint
1504 2209 1736 2254 evangelicam
1755 2208 1949 2241 doctrinam
1970 2207 2071 2240 tueri.

711 2272 862 2294 Dominus-
881 2274 1034 2296 virtutum
1052 2275 1225 2301 nobiscum,
1241 2276 1399 2301 suscepto·-
1416 2277 1521 2297 noster
1538 2275 1622 2297 Deus
1640 2274 1746 2297 lacob-

481 2321 580 2361 Quod
609 2322 633 2354 si
661 2323 737 2366 quis
757 2322 856 2355 aliam
884 2334 1023 2368 quoque
1050 2324 1342 2369 interpretationis
1366 2325 1534 2358 rationem
1561 2324 1654 2357 malit
1677 2323 1742 2369 (4),
1766 2322 1858 2356 haud
1877 2323 1907 2356 ei
1928 2322 2074 2356 deerunt

387 2378 542 2421 egregiae
562 2379 729 2411 notiones.
752 2378 938 2412 Nobiscum
959 2381 1051 2413 enim
1072 2380 1133 2413 fuit
1154 2381 1320 2414 virtutum
1339 2382 1524 2419 Dominus,
1541 2392 1619 2414 cum
1639 2382 1729 2413 inter
1749 2391 1811 2413 nos
1830 2385 1879 2413 est
1898 2385 2072 2417 versatus,

387 2434 495 2467 forma
523 2436 611 2468 servi
639 2442 813 2481 suscepta.
836 2443 867 2470 et
890 2436 1008 2470 habitu
1029 2438 1187 2471 inventus
1207 2444 1242 2471 ut
1263 2438 1381 2471 homo.
1411 2438 1544 2472 Idcirco
1570 2439 1672 2471 etiam
1699 2437 1893 2482 appellatus
1913 2436 1975 2469 fuit
1993 2436 2079 2468 Em-

387 2542 413 2564 et
432 2544 551 2566 montem
572 2540 624 2566 tide
644 2541 806 2567 translatum
827 2549 842 2568 a
861 2542 994 2575 Gregorio
1015 2543 1225 2576 thaumaturgO,
1241 2543 1344 2576 priscae
1364 2547 1391 2569 et
1410 2551 1503 2577 graves
1522 2547 1637 2570 narrant
1656 2542 1796 2570 historiae.
1816 2541 1893 2568 Nihil
1913 2544 1985 2568 certe
2005 2539 2075 2567 divi-

388 2590 436 2609 nae
457 2584 587 2611 voluntati
608 2585 719 2612 resistit.

497 2633 519 2657 t;
540 2629 626 2655 11111110
645 2634 687 2656 est
707 2629 779 2656 idem
801 2631 930 2665 propheta
951 2632 1095 2658 Nalnimus
1115 2631 1257 2665 utriusque
1277 2631 1343 2657 dicti
1365 2635 1468 2658 auctor.

495 2674 509 2697 2
539 2673 627 2699 (Index
643 2682 716 2700 unus
729 2676 812 2707 αἰγίοις
825 2695 830 2705 ,
844 2675 921 2710 quasi
936 2675 1138 2702 substantivum
1154 2676 1270 2701 sanctis.
1287 2675 1339 2701 Sed
1355 2676 1440 2708 alius,
1457 2675 1484 2702 id
1500 2680 1541 2703 est
1555 2676 1616 2703 cod.
1633 2677 1670 2702 M.
1685 2675 1704 2702 f.
1720 2678 1767 2707 76,
1786 2679 1857 2702 recte
1873 2675 1976 2706 εἰηιίιις,
1991 2672 2074 2707 idque

388 2722 413 2739 111
434 2718 506 2740 textu
527 2724 565 2746 er.
588 2718 762 2744 scribendum
784 2724 832 2745 est,

486 2762 519 2789 ’,τὶς
542 2760 578 2785 tta
599 2769 692 2795 reapse
711 2764 883 2797 septuaginta
904 2764 1080 2798 interpretes,
1096 2768 1127 2790 ut
1145 2763 1219 2789 vides
1238 2764 1266 2789 in
1286 2763 1405 2790 editione
1424 2772 1546 2791 romana.
1570 2765 1610 2791 lta
1631 2763 1732 2790 hahent
1746 2763 1924 2795 Ambrosius,
1941 2761 2074 2796 Augusti-

387 2809 452 2827 nus.
473 2806 500 2827 et
518 2803 709 2837 Cassiodorus,
730 2811 756 2833 et
777 2807 903 2841 psalteria
925 2808 1046 2842 aliquot,
1067 2808 1140 2842 apud
1160 2807 1341 2834 Sabaterium.

486 2849 520 2876 ‘45
542 2848 611 2873 Ere«)
631 2848 705 2876 deest
726 2851 798 2884 prior
818 2852 915 2886 Cyrilli
935 2852 1139 2887 interpretatio,
1160 2852 1193 2878 ab
1212 2852 1347 2885 eclogario
1366 2853 1476 2879 omissa.
