2205 3177
753 207 786 233 m
812 208 966 233 rsammt
992 209 1114 233 xxx1x.
1715 199 1781 233 185

95 294 136 316 ex
158 279 297 325 Virgine
324 288 451 323 corpus
478 275 569 315 filio,
593 275 673 320 quia
690 275 760 308 iam
778 273 980 308 holocausta
1005 272 1070 306 sibi
1096 284 1166 307 non
1189 272 1384 319 placerent:
1407 271 1491 306 dum
1510 272 1670 306 Servator
1696 272 1782 307 inte-

97 342 161 374 rim
185 337 275 384 patri
301 336 451 370 diceret:
473 345 551 367 ecce
575 339 679 380 prout
701 332 842 366 voluisti
865 331 985 367 venio:
1010 331 1107 364 cuius
1124 331 1314 365 voluntatis
1337 331 1444 376 gratia
1465 336 1642 376 peccatum
1660 330 1782 365 mundi

98 396 258 434 abstulit,
278 399 447 427 mactatus
466 393 538 438 ipse
563 398 596 425 et
621 390 758 424 oblatus
776 400 843 435 pro
868 389 1024 422 omnium
1048 395 1207 434 peccat03
1227 395 1265 422 ut
1289 388 1376 423 facta
1395 388 1536 422 demum
1560 388 1779 427 remissione,

97 463 315 498 nequaquam
344 456 462 497 postea
490 447 658 483 sacrificio
683 458 748 492 pro
775 446 922 492 peccatis
946 456 1035 492 opus
1060 445 1162 479 foret.

632 512 672 535 In
690 512 793 539 capite
809 511 888 534 libri
905 512 1057 538 seriptum
1073 512 1118 533 est
1138 511 1176 534 de
1192 517 1249 534 me.
1547 540 1551 544 Α

194 568 303 613 Caput
323 566 406 600 dicit
425 575 595 599 summam
612 562 719 596 veluti
740 567 982 596 contentarum
1000 562 1036 594 in
1056 560 1148 594 libro
1167 562 1431 600 sententiarum,
1452 573 1540 606 quae
1559 562 1723 596 nimirum
1742 561 1785 595 de

97 628 256 660 nostrum
276 624 434 658 omnium
454 626 628 655 servatore
646 619 782 653 Christo
800 619 1006 664 loquuntur.
1021 619 1116 651 ,Sane
1134 617 1313 651 sciendum
1332 624 1398 656 est,
1416 619 1530 664 ipsum
1547 631 1686 664 quoque
1706 630 1786 665 pro-

99 683 241 729 phetam
266 680 481 715 Ezechielem
507 683 607 723 caput
634 676 715 710 libri
741 676 856 711 dicere
883 677 1079 710 universam
1105 686 1202 709 suam
1228 675 1513 721 comprehensam
1538 676 1608 710 illic
1634 677 1787 722 prophe-

100 742 182 774 tiam
202 740 227 772 ⁹.
256 739 369 772 Dictio
389 742 502 771 autem
525 749 539 765 «
562 735 598 767 in
618 734 728 780 capite
747 733 827 767 libri
853 734 1021 779 scriptum
1041 738 1091 766 est
1110 732 1152 766 de
1171 743 1227 766 me
1249 746 1265 764 »
1288 733 1335 766 sic
1354 732 1576 777 intelligenda
1595 739 1658 767 est.
1686 734 1788 769 Liber

98 795 328 843 quincuplex,
352 800 463 828 totum
483 798 533 826 est
551 792 679 837 Moysis
698 792 988 837 sapientissimum
1007 791 1192 836 scriptum;
1214 796 1317 835 caput
1337 796 1452 823 autem
1471 790 1577 823 veluti
1602 797 1704 836 atque
1722 792 1789 825 ini-

100 856 187 888 tium
213 852 363 887 universi
389 850 468 884 libri
495 849 553 883 illa
579 855 630 883 est
654 861 742 894 quae
768 849 900 894 genesis
926 848 1141 894 appellatur,
1164 846 1223 881 ubi
1242 858 1331 893 quae
1356 847 1400 881 de
1425 848 1541 881 Isaaco
1567 847 1786 889 scribuntur,

101 912 145 946 ad
170 911 344 946 Christum
369 914 461 942 recte
487 907 698 941 referuntur.
728 908 858 941 Rursus
885 912 989 952 caput
1014 897 1207 951 significare
1232 905 1325 951 apud
1351 905 1485 939 divinas
1512 906 1698 951 scripturas
1724 907 1789 940 ini-

102 970 206 1008 tium,
228 967 290 1002 tibi
315 965 415 1000 facile
440 964 685 1011 persuadebis,
707 965 735 998 si
761 964 857 998 Pauli
882 964 1014 998 dictum
1040 963 1212 1009 intelliges
1231 963 1263 996 ἐ
1285 963 1398 996 omnis
1423 964 1488 997 viri
1515 969 1617 1009 caput
1635 963 1789 998 Christus

101 1032 171 1065 est,
193 1030 296 1070 caput
322 1029 438 1058 autem
457 1022 612 1056 mulieris
631 1020 702 1061 vir,
726 1028 829 1068 caput
849 1021 1000 1067 denique
1016 1021 1142 1055 Christi
1160 1022 1263 1054 Deus.
1292 1021 1431 1054 Initium
1457 1021 1587 1067 quippe
1608 1022 1673 1054 viri
1692 1021 1790 1055 Chri-

101 1091 173 1117 stus
192 1088 260 1122 est,
279 1082 339 1127 qui
358 1080 458 1114 illum
479 1092 519 1114 ex
538 1080 649 1113 nihilo
669 1080 711 1113 ad
730 1079 946 1113 existendum
966 1079 1142 1125 produxit.
1170 1079 1279 1125 Caput
1297 1080 1426 1124 pariter
1445 1079 1601 1112 mulieris
1618 1080 1688 1119 vir,
1709 1080 1790 1125 quia

100 1142 174 1186 ipsa
200 1139 244 1173 de
269 1139 347 1172 viro
373 1143 507 1184 sumpta
536 1137 612 1170 fuit.
641 1137 765 1171 Christi
790 1148 875 1171 vero
900 1143 1003 1183 caput
1029 1137 1139 1173 Deus,
1168 1136 1249 1181 quia
1273 1136 1381 1181 ipsius
1406 1135 1573 1169 naturalis
1599 1135 1691 1170 filius
1716 1143 1787 1176 est,

101 1197 276 1243 habetque
302 1206 492 1241 numquam
518 1195 693 1240 inceptum
716 1195 925 1240 principium
944 1195 1138 1239 genitorem
1156 1205 1278 1232 suum,
1299 1205 1378 1227 cum
1404 1204 1475 1239 quo
1501 1194 1791 1239 sempiternaliter

102 1255 272 1289 coexistit.
300 1253 496 1287 Versiculos
522 1252 585 1285 hos
611 1251 736 1285 Paulus·
761 1263 901 1296 quoque
920 1252 956 1285 in
975 1252 1121 1297 epistola
1147 1251 1191 1285 ad
1216 1249 1411 1290 Hebraeos,
1432 1263 1474 1285 ex
1497 1251 1687 1285 Servatoris
1713 1262 1793 1297 per-

104 1324 188 1347 sona
214 1311 325 1346 dictos
350 1311 409 1344 ait.
438 1312 523 1344 Nam
550 1322 658 1355 quum
679 1310 816 1343 dixisset
837 1309 1039 1343 animalium
1066 1311 1232 1355 sanguine
1256 1309 1333 1343 tolli
1360 1315 1499 1355 peccata
1525 1320 1595 1342 non
1621 1310 1790 1355 potuisse,

103 1370 201 1404 addit
220 1370 252 1402 ':
276 1369 356 1403 ideo
374 1369 529 1402 Christus
548 1367 720 1401 mundum
746 1367 945 1412 ingrediens
969 1367 1052 1400 dicit
1077 1367 1187 1413 patri:
1209 1366 1320 1412 legale
1345 1367 1414 1400 iam
1441 1366 1639 1400 nullatenus
1664 1366 1792 1400 sacrifi-

104 1427 195 1461 cium
209 1452 217 1465 ,
239 1426 309 1460 sive
335 1436 401 1472 pro
426 1426 538 1459 salute
557 1426 627 1458 sive
646 1435 710 1470 pro
730 1431 889 1470 peccato,
912 1423 1072 1463 voluisti3
1093 1425 1178 1458 mihi
1204 1426 1318 1470 potius
1338 1436 1463 1470 corpus
1482 1424 1673 1470 perfecisti:
1696 1424 1793 1458 veni-

105 1495 192 1529 que,
214 1484 343 1529 inquit,
365 1488 467 1528 atque
493 1481 580 1515 adeo
607 1481 748 1520 adsum,
776 1481 992 1516 voluntatem
1018 1489 1112 1516 tuam
1139 1488 1373 1516 exsecuturus.
1402 1483 1481 1515 Mox
1507 1480 1620 1515 addit:
1646 1480 1793 1515 destruit

106 1542 276 1587 primum,
299 1545 338 1574 ut
356 1540 504 1573 alterum
524 1539 728 1577 constituat;
753 1539 789 1572 id
808 1545 858 1572 est
876 1539 1041 1573 sacrificia
1063 1539 1218 1585 repellit,
1239 1545 1277 1573 ut
1296 1538 1449 1573 oblatam
1468 1550 1486 1572 a
1505 1550 1540 1572 se
1558 1539 1705 1572 hostiam
1725 1545 1793 1573 sta—

105 1598 222 1638 biliat,
244 1609 333 1644 quae
351 1608 431 1631 cum
451 1596 560 1630 odore
578 1596 755 1630 suavitatis
773 1597 927 1631 ascendit
945 1597 988 1630 ad
1006 1598 1115 1631 Deum
1136 1603 1267 1642 patrem
1279 1623 1287 1636 ,
1307 1598 1464 1644 corporis
1482 1597 1555 1631 eius
1573 1597 1693 1642 gratia.

632 1661 672 1684 Et
689 1661 790 1691 legem
807 1663 895 1685 tuam
911 1663 945 1685 in
962 1662 1063 1686 medio
1080 1662 1182 1685 cordis
1197 1662 1269 1685 mei.

202 1712 342 1747 Habens
367 1718 482 1746 autem
508 1718 601 1746 tuam
626 1711 844 1746 voluntatem
868 1713 958 1746 intra
977 1723 1033 1746 me
1052 1712 1285 1751 reconditam;
1306 1712 1342 1745 id
1368 1713 1478 1751 enim,
1498 1717 1536 1746 ut
1560 1718 1664 1757 puto,
1685 1711 1794 1745 deno-

107 1776 181 1804 tant
198 1770 305 1804 verba
322 1771 359 1804 in
377 1769 493 1804 medio
511 1769 642 1802 ventris
662 1768 707 1815 (1)
728 1770 816 1807 mei;
836 1781 911 1803 rem
929 1769 1018 1804 hanc
1037 1769 1191 1815 cognatis
1209 1770 1294 1803 meis
1311 1769 1528 1803 manifestam
1547 1769 1681 1803 faciam.
1704 1769 1795 1802 Scire

107 1828 200 1861 enim
221 1839 286 1861 nos
304 1833 459 1873 oportet,
480 1826 653 1860 Christum
673 1826 814 1860 solitum
833 1826 936 1861 fuisse
955 1827 1115 1873 specialia
1134 1826 1307 1872 quaedam
1325 1826 1487 1872 dogmata
1506 1826 1648 1860 delectis
1665 1825 1798 1871 aliquot

110 1885 263 1930 aperire,
285 1895 356 1918 non
382 1889 496 1917 autem
516 1882 678 1917 omnibus
697 1883 855 1917 absolute
881 1890 914 1918 et
939 1885 1012 1918 sine
1037 1885 1237 1918 discrimine
1255 1883 1381 1918 dicere.
1410 1882 1645 1924 Quamobrem
1664 1883 1797 1917 Iudaeis

110 1954 180 1976 non
207 1943 282 1976 sine
307 1940 482 1987 parabolis
505 1940 734 1985 loquebatur:
755 1942 880 1975 sanctis
903 1953 989 1976 vero
1015 1942 1200 1988 apostolis,
1220 1941 1394 1976 defaecata
1419 1948 1535 1976 mente
1560 1941 1743 1987 praeditis,
1765 1947 1797 1974 et

110 2000 359 2045 exquisitarum
385 1998 623 2032 doctrinarum
649 1998 851 2044 capacibus,
874 1999 994 2039 vobis,
1017 1999 1147 2040 aiebat,
1171 2000 1291 2034 datum
1309 2006 1360 2034 est
1378 2011 1480 2034 nosse
1498 1999 1596 2044 regni
1614 1998 1775 2044 mysteria
1788 2023 1795 2037 ,

110 2057 178 2090 illis
204 2048 320 2090 autem
339 2066 572 2101 nequaquam.
600 2075 624 2081 -
648 2055 796 2090 Pulchre
815 2063 931 2090 autem
950 2057 1114 2096 facimus,
1138 2058 1165 2090 si
1184 2063 1341 2092 ventrem
1360 2063 1518 2091 nostrum
1537 2066 1744 2102 purgamus,
1763 2054 1799 2088 id

110 2121 162 2148 est
187 2114 359 2153 levamus,
380 2119 419 2146 ut
443 2114 472 2147 is
498 2113 612 2158 legem
630 2114 769 2147 Domini
796 2114 905 2159 possit
929 2115 1020 2148 intra
1040 2126 1075 2148 se
1093 2115 1260 2161 recipere.
1288 2116 1432 2149 Animae
1451 2126 1560 2161 porro
1584 2119 1723 2161 venter,
1743 2124 1799 2147 re-

111 2171 330 2218 ceptaculum
356 2177 407 2205 est
432 2171 641 2217 spiritalium
666 2170 842 2211 ciborum,
863 2172 899 2205 id
926 2178 977 2206 est
1001 2173 1125 2206 mentis
1150 2172 1307 2207 facultas.

546 2236 749 2260 ,ii-nunciavi
766 2237 924 2260 iustitiam
940 2239 1029 2261 tuam
1044 2238 1079 2260 in
1096 2238 1225 2261 ecelesia
1241 2245 1367 2268 magna.

207 2287 329 2332 Magna
348 2291 399 2319 est
417 2285 575 2325 ecclesia,
597 2286 730 2331 magnis
750 2285 908 2320 videlicet
928 2287 1156 2333 perfectisque
1174 2288 1307 2334 repleta
1326 2288 1525 2323 hominibus
1538 2315 1545 2328 ,
1566 2289 1687 2334 inqua
1707 2286 1800 2333 psal-

111 2344 212 2378 mista
237 2344 399 2378 iustitiam
425 2343 656 2377 annunciabat
675 2355 736 2389 per
756 2343 862 2378 fidem
881 2345 970 2379 Iesu.
999 2346 1097 2379 Hanc
1117 2352 1231 2380 autem
1251 2347 1323 2393 ipse
1349 2353 1510 2386 noverat,
1531 2352 1650 2392 utpote
1668 2346 1704 2379 in
1723 2356 1800 2379 eam

113 2401 300 2439 admissus,
324 2401 507 2446 eidemque
533 2400 807 2446 inseparabiliter
832 2401 942 2436 factus
967 2403 1157 2437 familiaris.
1186 2404 1288 2444 Quod
1313 2416 1397 2438 vero
1422 2404 1637 2449 evangelicae
1663 2403 1802 2448 praedi-

113 2459 256 2493 cationis
282 2460 392 2492 virtus
419 2469 480 2503 per
505 2458 700 2491 universam
719 2465 847 2493 terram
872 2459 1085 2499 reboaverit,
1106 2472 1337 2507 magnamque
1362 2461 1560 2499 ecclesiam,
1581 2460 1616 2494 id
1643 2466 1694 2494 est
1719 2471 1801 2495 con-

111 2517 266 2550 stitutam
286 2527 304 2550 a
323 2516 459 2549 Christo
479 2522 792 2561 congregatamque
811 2518 1093 2562 cognoscentium
1113 2518 1302 2553 adventum
1320 2519 1393 2553 eius
1418 2518 1694 2557 multitudinem,
1715 2529 1802 2551 sono

112 2584 175 2606 suo
202 2573 445 2618 compleverit,
469 2584 509 2605 ex
529 2571 821 2618 subsequentibus
839 2580 952 2620 patet:
973 2587 1044 2609 non
1063 2576 1156 2609 enim
1174 2575 1266 2610 labia
1285 2587 1345 2610 sua
1371 2574 1543 2614 cohibuit,
1563 2574 1623 2609 sed
1641 2585 1706 2621 per
1724 2586 1802 2608 san-

110 2637 184 2665 ctos
209 2631 374 2676 deinceps
397 2631 623 2677 evangelistas
649 2630 803 2677 aliosque
823 2631 961 2667 labente
984 2639 1142 2679 tempore
1161 2634 1344 2679 magistros
1365 2633 1533 2678 loquitur.
1562 2634 1719 2679 Namque
1738 2632 1803 2667 hos

109 2688 234 2722 Christi
256 2687 345 2721 labia
366 2687 498 2727 dicere,
522 2699 592 2722 non
616 2694 667 2722 est
685 2688 928 2735 incongruum.
958 2690 1082 2725 Scribit
1105 2702 1190 2735 ergo
1209 2690 1311 2725 divus
1334 2691 1458 2725 Paulus
1478 2691 1509 2723 ':
1536 2691 1563 2724 si
1583 2691 1802 2736 experimen-

113 2751 186 2779 tum
214 2745 378 2790 quaeritis
406 2745 479 2779 eius
508 2746 568 2790 qui
596 2746 631 2778 in
661 2757 717 2779 me
745 2745 901 2792 loquitur
930 2749 1097 2783 Christus.
1126 2749 1235 2782 Porro
1263 2754 1379 2782 notam
1411 2749 1499 2793 patri
1529 2748 1611 2782 dicit
1638 2749 1801 2783 iustitiam

197 2874 233 2904 (1)
251 2872 352 2900 Recole
371 2871 576 2900 adnotationem
595 2877 717 2902 nostram
738 2882 764 2910 p.
784 2882 825 2910 gr.
846 2878 905 2903 295.

1817 394 1856 416 Gr.
1873 400 1896 421 p.
1913 399 1959 416 ΜΓ».

1822 742 1832 754 ⁸
1847 742 1927 763 Ezech.
1942 742 1970 764 Π.
1986 747 2004 763 2.

1824 976 1832 987 ⁸
1848 976 1865 997 1.
1878 976 1931 998 Cor.
1947 977 1986 998 XI.
2000 980 2019 999 2.

1828 1381 1837 1391 ⁸
1852 1379 1921 1401 fictir.
1937 1379 1963 1401 Χ.
1980 1382 1998 1400 ει.

1831 1780 1868 1801 Gr.
1884 1786 1905 1806 p.
1920 1782 1967 1802 ⁴290.

1832 2245 1853 2260 v.
1870 2242 1903 2260 w.

1837 2700 2042 2723 'll.Cor.)illI.2.
