<?xml version="1.0" encoding="UTF-8"?>
<!DOCTYPE html PUBLIC "-//W3C//DTD XHTML 1.0 Transitional//EN"
    "http://www.w3.org/TR/xhtml1/DTD/xhtml1-transitional.dtd">
<html xmlns="http://www.w3.org/1999/xhtml" xml:lang="en" lang="en">
 <head>
  <title>
</title>
<meta http-equiv="Content-Type" content="text/html;charset=utf-8" />
  <meta name='ocr-system' content='tesseract 3.04.00' />
  <meta name='ocr-capabilities' content='ocr_page ocr_carea ocr_par ocr_line ocrx_word'/>
</head>
<body>
  <div class='ocr_page' id='page_1' title='image "./novaepatrumbibli03maiauoft/novaepatrumbibli03maiauoft_0600.png"; bbox 0 0 2205 3177; ppageno 0'>
   <div class='ocr_carea' id='block_1_1' title="bbox 187 1258 375 1279">
    <p class='ocr_par' dir='ltr' id='par_1_1' title="bbox 187 1258 375 1279">
     <span class='ocr_line' id='line_1_1' title="bbox 187 1258 375 1279; baseline -0.005 0"><span class='ocrx_word' id='word_1_1' title='bbox 187 1258 273 1279; x_wconf 63' lang='lat' dir='ltr'>&#39;matth</span> <span class='ocrx_word' id='word_1_2' title='bbox 291 1260 375 1279; x_wconf 45' lang='lat' dir='ltr'>‚XXI-j..</span> 
     </span>
    </p>
   </div>
   <div class='ocr_carea' id='block_1_2' title="bbox 199 1377 373 1397">
    <p class='ocr_par' dir='ltr' id='par_1_2' title="bbox 199 1377 373 1397">
     <span class='ocr_line' id='line_1_2' title="bbox 199 1377 373 1397; baseline 0 0"><span class='ocrx_word' id='word_1_3' title='bbox 199 1381 203 1385; x_wconf 87' lang='grc'><strong>“</strong></span> <span class='ocrx_word' id='word_1_4' title='bbox 223 1377 277 1397; x_wconf 64' lang='lat' dir='ltr'>Rom</span> <span class='ocrx_word' id='word_1_5' title='bbox 301 1377 330 1397; x_wconf 63' lang='grc'>11(</span> <span class='ocrx_word' id='word_1_6' title='bbox 360 1390 373 1397; x_wconf 53' lang='lat'>1.</span> 
     </span>
    </p>
   </div>
   <div class='ocr_carea' id='block_1_3' title="bbox 430 206 1589 238">
    <p class='ocr_par' dir='ltr' id='par_1_3' title="bbox 430 206 1589 238">
     <span class='ocr_line' id='line_1_3' title="bbox 430 206 1589 238; baseline -0.001 0"><span class='ocrx_word' id='word_1_7' title='bbox 430 206 494 238; x_wconf 76' lang='lat'>122</span> <span class='ocrx_word' id='word_1_8' title='bbox 929 214 956 236; x_wconf 90' lang='grc'>5.</span> <span class='ocrx_word' id='word_1_9' title='bbox 985 213 1113 236; x_wconf 66' lang='lat' dir='ltr'>‹tx-nitu</span> <span class='ocrx_word' id='word_1_10' title='bbox 1139 213 1359 237; x_wconf 51' lang='lat' dir='ltr'>maxsumum</span> <span class='ocrx_word' id='word_1_11' title='bbox 1385 214 1589 238; x_wconf 64' lang='lat' dir='ltr'>memmi-10</span> 
     </span>
    </p>
   </div>
   <div class='ocr_carea' id='block_1_4' title="bbox 417 280 2095 839">
    <p class='ocr_par' dir='ltr' id='par_1_4' title="bbox 794 280 1726 309">
     <span class='ocr_line' id='line_1_4' title="bbox 794 280 1726 309; baseline 0.002 -6"><span class='ocrx_word' id='word_1_12' title='bbox 794 280 901 304; x_wconf 64' lang='lat' dir='ltr'>Nonne</span> <span class='ocrx_word' id='word_1_13' title='bbox 918 283 1099 309; x_wconf 66' lang='lat' dir='ltr'>cognoscent</span> <span class='ocrx_word' id='word_1_14' title='bbox 1116 287 1234 309; x_wconf 78' lang='lat' dir='ltr'>omnes,</span> <span class='ocrx_word' id='word_1_15' title='bbox 1249 283 1304 309; x_wconf 77' lang='lat' dir='ltr'>qui</span> <span class='ocrx_word' id='word_1_16' title='bbox 1320 284 1493 309; x_wconf 75' lang='lat' dir='ltr'>open-anuu-</span> <span class='ocrx_word' id='word_1_17' title='bbox 1509 282 1726 309; x_wconf 62' lang='lat' dir='ltr'>iniquitatem?</span> 
     </span>
    </p>

    <p class='ocr_par' dir='ltr' id='par_1_5' title="bbox 421 334 2093 551">
     <span class='ocr_line' id='line_1_5' title="bbox 519 334 2092 380; baseline 0.001 -12"><span class='ocrx_word' id='word_1_18' title='bbox 519 334 710 369; x_wconf 74' lang='lat' dir='ltr'>versiculus</span> <span class='ocrx_word' id='word_1_19' title='bbox 730 334 784 367; x_wconf 87' lang='lat' dir='ltr'>hic</span> <span class='ocrx_word' id='word_1_20' title='bbox 803 335 1045 379; x_wconf 72' lang='lat' dir='ltr'>interrogative</span> <span class='ocrx_word' id='word_1_21' title='bbox 1066 334 1230 380; x_wconf 81' lang='lat' dir='ltr'>legendus</span> <span class='ocrx_word' id='word_1_22' title='bbox 1247 342 1308 369; x_wconf 89' lang='lat' dir='ltr'>est.</span> <span class='ocrx_word' id='word_1_23' title='bbox 1327 335 1496 376; x_wconf 82' lang='lat' dir='ltr'>Quoniam</span> <span class='ocrx_word' id='word_1_24' title='bbox 1516 335 1663 373; x_wconf 80' lang='lat' dir='ltr'>dixerat,</span> <span class='ocrx_word' id='word_1_25' title='bbox 1681 347 1800 369; x_wconf 89' lang='lat' dir='ltr'>omnes</span> <span class='ocrx_word' id='word_1_26' title='bbox 1818 336 2092 374; x_wconf 69' lang='lat' dir='ltr'>declinaverunt,</span> 
     </span>
     <span class='ocr_line' id='line_1_6' title="bbox 423 392 2092 439; baseline -0.001 -12"><span class='ocrx_word' id='word_1_27' title='bbox 423 401 453 428; x_wconf 79' lang='lat' dir='ltr'>et</span> <span class='ocrx_word' id='word_1_28' title='bbox 480 398 666 438; x_wconf 83' lang='lat' dir='ltr'>operantur</span> <span class='ocrx_word' id='word_1_29' title='bbox 692 392 827 436; x_wconf 88' lang='lat' dir='ltr'>inique,</span> <span class='ocrx_word' id='word_1_30' title='bbox 856 403 947 425; x_wconf 83' lang='lat' dir='ltr'>nunc</span> <span class='ocrx_word' id='word_1_31' title='bbox 973 393 1037 425; x_wconf 88' lang='lat' dir='ltr'>ait:</span> <span class='ocrx_word' id='word_1_32' title='bbox 1067 404 1148 425; x_wconf 89' lang='lat' dir='ltr'>num</span> <span class='ocrx_word' id='word_1_33' title='bbox 1175 404 1258 439; x_wconf 88' lang='lat' dir='ltr'>ergo</span> <span class='ocrx_word' id='word_1_34' title='bbox 1283 393 1317 426; x_wconf 93' lang='lat' dir='ltr'>hi</span> <span class='ocrx_word' id='word_1_35' title='bbox 1344 394 1529 426; x_wconf 88' lang='lat' dir='ltr'>Dominum</span> <span class='ocrx_word' id='word_1_36' title='bbox 1556 393 1724 438; x_wconf 71' lang='lat' dir='ltr'>cognituri</span> <span class='ocrx_word' id='word_1_37' title='bbox 1751 399 1847 435; x_wconf 81' lang='lat' dir='ltr'>sunt,</span> <span class='ocrx_word' id='word_1_38' title='bbox 1875 398 1909 427; x_wconf 87' lang='lat' dir='ltr'>et</span> <span class='ocrx_word' id='word_1_39' title='bbox 1934 394 1966 427; x_wconf 92' lang='lat' dir='ltr'>in</span> <span class='ocrx_word' id='word_1_40' title='bbox 1994 393 2092 427; x_wconf 89' lang='lat' dir='ltr'>illum</span> 
     </span>
     <span class='ocr_line' id='line_1_7' title="bbox 422 448 2093 496; baseline 0.001 -13"><span class='ocrx_word' id='word_1_41' title='bbox 422 450 606 484; x_wconf 71' lang='lat' dir='ltr'>credituri?</span> <span class='ocrx_word' id='word_1_42' title='bbox 626 450 711 482; x_wconf 89' lang='lat' dir='ltr'>Sane</span> <span class='ocrx_word' id='word_1_43' title='bbox 731 449 828 482; x_wconf 89' lang='lat' dir='ltr'>multi</span> <span class='ocrx_word' id='word_1_44' title='bbox 849 448 1005 483; x_wconf 88' lang='lat' dir='ltr'>credent:</span> <span class='ocrx_word' id='word_1_45' title='bbox 1027 449 1082 482; x_wconf 89' lang='lat' dir='ltr'>alii</span> <span class='ocrx_word' id='word_1_46' title='bbox 1111 456 1222 483; x_wconf 89' lang='lat' dir='ltr'>tamen</span> <span class='ocrx_word' id='word_1_47' title='bbox 1242 450 1276 483; x_wconf 89' lang='lat' dir='ltr'>in</span> <span class='ocrx_word' id='word_1_48' title='bbox 1296 450 1533 484; x_wconf 70' lang='lat' dir='ltr'>incredulitate</span> <span class='ocrx_word' id='word_1_49' title='bbox 1552 449 1773 496; x_wconf 85' lang='lat' dir='ltr'>perstabunt,</span> <span class='ocrx_word' id='word_1_50' title='bbox 1793 457 1828 485; x_wconf 92' lang='lat' dir='ltr'>et</span> <span class='ocrx_word' id='word_1_51' title='bbox 1845 457 2093 496; x_wconf 80' lang='lat' dir='ltr'>persequentur</span> 
     </span>
     <span class='ocr_line' id='line_1_8' title="bbox 421 505 1325 551; baseline 0 -11"><span class='ocrx_word' id='word_1_52' title='bbox 421 519 478 540; x_wconf 75' lang='lat' dir='ltr'>ens</span> <span class='ocrx_word' id='word_1_53' title='bbox 504 518 541 540; x_wconf 89' lang='lat' dir='ltr'>ac</span> <span class='ocrx_word' id='word_1_54' title='bbox 568 505 739 539; x_wconf 69' lang='lat' dir='ltr'>vexabunt</span> <span class='ocrx_word' id='word_1_55' title='bbox 764 507 822 551; x_wconf 94' lang='lat' dir='ltr'>qui</span> <span class='ocrx_word' id='word_1_56' title='bbox 849 507 884 539; x_wconf 94' lang='lat' dir='ltr'>in</span> <span class='ocrx_word' id='word_1_57' title='bbox 909 506 1078 540; x_wconf 79' lang='lat' dir='ltr'>Christum</span> <span class='ocrx_word' id='word_1_58' title='bbox 1107 506 1325 540; x_wconf 80' lang='lat' dir='ltr'>crediderint.</span> 
     </span>
    </p>

    <p class='ocr_par' dir='ltr' id='par_1_6' title="bbox 889 571 1633 600">
     <span class='ocr_line' id='line_1_9' title="bbox 889 571 1633 600; baseline 0 -6"><span class='ocrx_word' id='word_1_59' title='bbox 889 571 938 594; x_wconf 73' lang='lat' dir='ltr'>lbi</span> <span class='ocrx_word' id='word_1_60' title='bbox 959 573 1131 594; x_wconf 72' lang='lat' dir='ltr'>timum-unt</span> <span class='ocrx_word' id='word_1_61' title='bbox 1150 573 1276 600; x_wconf 67' lang='lat' dir='ltr'>timon-e,</span> <span class='ocrx_word' id='word_1_62' title='bbox 1292 572 1346 594; x_wconf 72' lang='lat' dir='ltr'>ubi</span> <span class='ocrx_word' id='word_1_63' title='bbox 1365 578 1425 594; x_wconf 86' lang='lat' dir='ltr'>non</span> <span class='ocrx_word' id='word_1_64' title='bbox 1442 574 1511 595; x_wconf 68' lang='lat' dir='ltr'>ern!</span> <span class='ocrx_word' id='word_1_65' title='bbox 1529 573 1633 595; x_wconf 70' lang='lat' dir='ltr'>timor.</span> 
     </span>
    </p>

    <p class='ocr_par' dir='ltr' id='par_1_7' title="bbox 417 620 2095 839">
     <span class='ocr_line' id='line_1_10' title="bbox 516 620 2094 667; baseline 0.001 -14"><span class='ocrx_word' id='word_1_66' title='bbox 516 620 745 666; x_wconf 84' lang='lat' dir='ltr'>Reprehendit</span> <span class='ocrx_word' id='word_1_67' title='bbox 772 621 834 655; x_wconf 88' lang='lat' dir='ltr'>hos</span> <span class='ocrx_word' id='word_1_68' title='bbox 861 622 1045 666; x_wconf 81' lang='lat' dir='ltr'>psalmista.</span> <span class='ocrx_word' id='word_1_69' title='bbox 1077 621 1190 655; x_wconf 88' lang='lat' dir='ltr'>ludaei</span> <span class='ocrx_word' id='word_1_70' title='bbox 1216 632 1299 667; x_wconf 83' lang='lat' dir='ltr'>ergo</span> <span class='ocrx_word' id='word_1_71' title='bbox 1324 622 1357 654; x_wconf 90' lang='lat' dir='ltr'>in</span> <span class='ocrx_word' id='word_1_72' title='bbox 1384 621 1585 655; x_wconf 80' lang='lat' dir='ltr'>infidelitate</span> <span class='ocrx_word' id='word_1_73' title='bbox 1615 627 1829 659; x_wconf 79' lang='lat' dir='ltr'>constantes,</span> <span class='ocrx_word' id='word_1_74' title='bbox 1857 633 1946 655; x_wconf 72' lang='lat' dir='ltr'>vano</span> <span class='ocrx_word' id='word_1_75' title='bbox 1971 622 2094 656; x_wconf 90' lang='lat' dir='ltr'>timore</span> 
     </span>
     <span class='ocr_line' id='line_1_11' title="bbox 420 679 2091 724; baseline 0 -12"><span class='ocrx_word' id='word_1_76' title='bbox 420 684 648 724; x_wconf 70' lang='lat' dir='ltr'>expaverunt,</span> <span class='ocrx_word' id='word_1_77' title='bbox 669 690 772 723; x_wconf 80' lang='lat' dir='ltr'>quem</span> <span class='ocrx_word' id='word_1_78' title='bbox 791 679 895 723; x_wconf 82' lang='lat' dir='ltr'>gratis</span> <span class='ocrx_word' id='word_1_79' title='bbox 912 680 1042 724; x_wconf 76' lang='lat' dir='ltr'>experti</span> <span class='ocrx_word' id='word_1_80' title='bbox 1062 685 1152 711; x_wconf 88' lang='lat' dir='ltr'>sunt.</span> <span class='ocrx_word' id='word_1_81' title='bbox 1176 679 1321 718; x_wconf 88' lang='lat' dir='ltr'>Quinam</span> <span class='ocrx_word' id='word_1_82' title='bbox 1341 691 1423 713; x_wconf 69' lang='lat' dir='ltr'>xero</span> <span class='ocrx_word' id='word_1_83' title='bbox 1443 679 1503 712; x_wconf 89' lang='lat' dir='ltr'>fuit</span> <span class='ocrx_word' id='word_1_84' title='bbox 1523 679 1578 713; x_wconf 87' lang='lat' dir='ltr'>hic</span> <span class='ocrx_word' id='word_1_85' title='bbox 1595 679 1718 712; x_wconf 82' lang='lat' dir='ltr'>stultus</span> <span class='ocrx_word' id='word_1_86' title='bbox 1736 679 1862 713; x_wconf 78' lang='lat' dir='ltr'>timor?</span> <span class='ocrx_word' id='word_1_87' title='bbox 1875 679 2091 717; x_wconf 90' lang='lat' dir='ltr'>Timuerunt,</span> 
     </span>
     <span class='ocr_line' id='line_1_12' title="bbox 419 734 2095 781; baseline 0.001 -13"><span class='ocrx_word' id='word_1_88' title='bbox 419 747 460 768; x_wconf 86' lang='lat' dir='ltr'>ne</span> <span class='ocrx_word' id='word_1_89' title='bbox 487 737 511 767; x_wconf 75' lang='lat' dir='ltr'>si</span> <span class='ocrx_word' id='word_1_90' title='bbox 542 734 630 769; x_wconf 89' lang='lat' dir='ltr'>forte</span> <span class='ocrx_word' id='word_1_91' title='bbox 655 735 826 769; x_wconf 81' lang='lat' dir='ltr'>Christum</span> <span class='ocrx_word' id='word_1_92' title='bbox 853 735 1087 771; x_wconf 75' lang='lat' dir='ltr'>admitterent.</span> <span class='ocrx_word' id='word_1_93' title='bbox 1117 737 1150 769; x_wconf 91' lang='lat' dir='ltr'>in</span> <span class='ocrx_word' id='word_1_94' title='bbox 1177 747 1324 781; x_wconf 82' lang='lat' dir='ltr'>eumque</span> <span class='ocrx_word' id='word_1_95' title='bbox 1351 735 1548 775; x_wconf 79' lang='lat' dir='ltr'>crederent,</span> <span class='ocrx_word' id='word_1_96' title='bbox 1576 737 1683 770; x_wconf 82' lang='lat' dir='ltr'>Deum</span> <span class='ocrx_word' id='word_1_97' title='bbox 1711 736 1937 770; x_wconf 75' lang='lat' dir='ltr'>offenderent.</span> <span class='ocrx_word' id='word_1_98' title='bbox 1967 736 2095 776; x_wconf 77' lang='lat' dir='ltr'>Quam-</span> 
     </span>
     <span class='ocr_line' id='line_1_13' title="bbox 417 793 2090 839; baseline 0.001 -13"><span class='ocrx_word' id='word_1_99' title='bbox 417 805 521 839; x_wconf 85' lang='lat' dir='ltr'>quam</span> <span class='ocrx_word' id='word_1_100' title='bbox 547 793 706 827; x_wconf 72' lang='lat' dir='ltr'>versiculi</span> <span class='ocrx_word' id='word_1_101' title='bbox 732 805 850 827; x_wconf 80' lang='lat' dir='ltr'>sensus</span> <span class='ocrx_word' id='word_1_102' title='bbox 875 793 918 827; x_wconf 91' lang='grc'>(10</span> <span class='ocrx_word' id='word_1_103' title='bbox 944 793 1162 827; x_wconf 77' lang='lat' dir='ltr'>credentibus</span> <span class='ocrx_word' id='word_1_104' title='bbox 1187 805 1326 839; x_wconf 88' lang='lat' dir='ltr'>quoque</span> <span class='ocrx_word' id='word_1_105' title='bbox 1351 794 1416 827; x_wconf 88' lang='lat' dir='ltr'>dici</span> <span class='ocrx_word' id='word_1_106' title='bbox 1443 800 1577 839; x_wconf 86' lang='lat' dir='ltr'>potest,</span> <span class='ocrx_word' id='word_1_107' title='bbox 1606 795 1650 827; x_wconf 89' lang='lat' dir='ltr'>ita</span> <span class='ocrx_word' id='word_1_108' title='bbox 1678 800 1713 827; x_wconf 91' lang='lat' dir='ltr'>ut</span> <span class='ocrx_word' id='word_1_109' title='bbox 1742 793 1807 827; x_wconf 91' lang='lat' dir='ltr'>loci</span> <span class='ocrx_word' id='word_1_110' title='bbox 1838 794 2004 827; x_wconf 85' lang='lat' dir='ltr'>sententia</span> <span class='ocrx_word' id='word_1_111' title='bbox 2029 793 2090 827; x_wconf 86' lang='lat' dir='ltr'>sit:</span> 
     </span>
    </p>
   </div>
   <div class='ocr_carea' id='block_1_5' title="bbox 347 850 2093 896">
    <p class='ocr_par' dir='ltr' id='par_1_8' title="bbox 347 850 2093 896">
     <span class='ocr_line' id='line_1_14' title="bbox 347 850 2093 896; baseline -0.001 -11"><span class='ocrx_word' id='word_1_112' title='bbox 347 867 378 885; x_wconf 51' lang='grc' dir='ltr'>ἢ.»</span> <span class='ocrx_word' id='word_1_113' title='bbox 417 852 542 896; x_wconf 49' lang='lat' dir='ltr'>Moysis</span> <span class='ocrx_word' id='word_1_114' title='bbox 567 850 706 895; x_wconf 84' lang='lat' dir='ltr'>quidem</span> <span class='ocrx_word' id='word_1_115' title='bbox 733 850 783 883; x_wconf 79' lang='lat' dir='ltr'>lcx</span> <span class='ocrx_word' id='word_1_116' title='bbox 812 862 957 896; x_wconf 88' lang='lat' dir='ltr'>poenam</span> <span class='ocrx_word' id='word_1_117' title='bbox 985 850 1169 888; x_wconf 64' lang='lat' dir='ltr'>insci-chau</span> <span class='ocrx_word' id='word_1_118' title='bbox 1190 850 1313 884; x_wconf 82' lang='lat' dir='ltr'>Christi</span> <span class='ocrx_word' id='word_1_119' title='bbox 1340 857 1454 884; x_wconf 88' lang='lat' dir='ltr'>autem</span> <span class='ocrx_word' id='word_1_120' title='bbox 1480 852 1584 885; x_wconf 85' lang='lat' dir='ltr'>timor</span> <span class='ocrx_word' id='word_1_121' title='bbox 1610 858 1719 885; x_wconf 87' lang='lat' dir='ltr'>castus</span> <span class='ocrx_word' id='word_1_122' title='bbox 1744 858 1814 889; x_wconf 85' lang='lat' dir='ltr'>est;</span> <span class='ocrx_word' id='word_1_123' title='bbox 1836 851 1914 885; x_wconf 84' lang='lat' dir='ltr'>facit</span> <span class='ocrx_word' id='word_1_124' title='bbox 1940 851 2030 884; x_wconf 91' lang='lat' dir='ltr'>enim</span> <span class='ocrx_word' id='word_1_125' title='bbox 2056 855 2093 884; x_wconf 91' lang='lat' dir='ltr'>ut</span> 
     </span>
    </p>
   </div>
   <div class='ocr_carea' id='block_1_6' title="bbox 414 907 2093 1470">
    <p class='ocr_par' dir='ltr' id='par_1_9' title="bbox 416 907 2093 1069">
     <span class='ocr_line' id='line_1_15' title="bbox 418 907 2090 954; baseline -0.001 -13"><span class='ocrx_word' id='word_1_126' title='bbox 418 915 591 953; x_wconf 85' lang='lat' dir='ltr'>tamquam</span> <span class='ocrx_word' id='word_1_127' title='bbox 611 907 671 940; x_wconf 83' lang='lat' dir='ltr'>tilii</span> <span class='ocrx_word' id='word_1_128' title='bbox 693 913 823 953; x_wconf 76' lang='lat' dir='ltr'>patrem</span> <span class='ocrx_word' id='word_1_129' title='bbox 851 914 1054 941; x_wconf 76' lang='lat' dir='ltr'>metuamus.</span> <span class='ocrx_word' id='word_1_130' title='bbox 1085 909 1175 953; x_wconf 81' lang='lat' dir='ltr'>Ergo</span> <span class='ocrx_word' id='word_1_131' title='bbox 1201 914 1278 953; x_wconf 88' lang='lat' dir='ltr'>post</span> <span class='ocrx_word' id='word_1_132' title='bbox 1305 908 1390 941; x_wconf 91' lang='lat' dir='ltr'>illud</span> <span class='ocrx_word' id='word_1_133' title='bbox 1418 914 1569 954; x_wconf 89' lang='lat' dir='ltr'>tempus,</span> <span class='ocrx_word' id='word_1_134' title='bbox 1590 920 1660 953; x_wconf 86' lang='lat' dir='ltr'>quo</span> <span class='ocrx_word' id='word_1_135' title='bbox 1679 909 1800 942; x_wconf 84' lang='lat' dir='ltr'>Christi</span> <span class='ocrx_word' id='word_1_136' title='bbox 1826 908 1991 941; x_wconf 72' lang='lat' dir='ltr'>adventus</span> <span class='ocrx_word' id='word_1_137' title='bbox 2009 907 2090 945; x_wconf 86' lang='lat' dir='ltr'>fuit,</span> 
     </span>
     <span class='ocr_line' id='line_1_16' title="bbox 416 964 2093 1013; baseline 0 -15"><span class='ocrx_word' id='word_1_138' title='bbox 416 966 539 999; x_wconf 86' lang='lat' dir='ltr'>timore</span> <span class='ocrx_word' id='word_1_139' title='bbox 566 965 735 998; x_wconf 85' lang='lat' dir='ltr'>timebunt</span> <span class='ocrx_word' id='word_1_140' title='bbox 762 964 820 997; x_wconf 89' lang='lat' dir='ltr'>ubi</span> <span class='ocrx_word' id='word_1_141' title='bbox 842 976 910 997; x_wconf 89' lang='lat' dir='ltr'>non</span> <span class='ocrx_word' id='word_1_142' title='bbox 932 971 981 998; x_wconf 88' lang='lat' dir='ltr'>est</span> <span class='ocrx_word' id='word_1_143' title='bbox 1003 966 1123 1004; x_wconf 87' lang='lat' dir='ltr'>timor,</span> <span class='ocrx_word' id='word_1_144' title='bbox 1145 977 1163 999; x_wconf 85' lang='lat' dir='ltr'>a</span> <span class='ocrx_word' id='word_1_145' title='bbox 1182 966 1266 1011; x_wconf 81' lang='lat' dir='ltr'>legis</span> <span class='ocrx_word' id='word_1_146' title='bbox 1285 966 1447 999; x_wconf 90' lang='lat' dir='ltr'>nimirum</span> <span class='ocrx_word' id='word_1_147' title='bbox 1473 967 1594 1004; x_wconf 90' lang='lat' dir='ltr'>minis;</span> <span class='ocrx_word' id='word_1_148' title='bbox 1615 967 1694 1012; x_wconf 85' lang='lat' dir='ltr'>quia</span> <span class='ocrx_word' id='word_1_149' title='bbox 1715 973 1787 1000; x_wconf 89' lang='lat' dir='ltr'>tum</span> <span class='ocrx_word' id='word_1_150' title='bbox 1805 966 1869 1000; x_wconf 89' lang='lat' dir='ltr'>erit</span> <span class='ocrx_word' id='word_1_151' title='bbox 1888 965 2093 1013; x_wconf 86' lang='lat' dir='ltr'>conveniens</span> 
     </span>
     <span class='ocr_line' id='line_1_17' title="bbox 418 1021 1043 1069; baseline 0.002 -15"><span class='ocrx_word' id='word_1_152' title='bbox 418 1023 530 1069; x_wconf 82' lang='lat' dir='ltr'>potius</span> <span class='ocrx_word' id='word_1_153' title='bbox 557 1022 672 1056; x_wconf 88' lang='lat' dir='ltr'>liberis</span> <span class='ocrx_word' id='word_1_154' title='bbox 699 1021 897 1055; x_wconf 82' lang='lat' dir='ltr'>hominibus</span> <span class='ocrx_word' id='word_1_155' title='bbox 924 1023 1043 1067; x_wconf 84' lang='lat' dir='ltr'>pietas.</span> 
     </span>
    </p>

    <p class='ocr_par' dir='ltr' id='par_1_10' title="bbox 919 1086 1590 1113">
     <span class='ocr_line' id='line_1_18' title="bbox 919 1086 1590 1113; baseline 0.003 -4"><span class='ocrx_word' id='word_1_156' title='bbox 919 1086 997 1113; x_wconf 69' lang='lat' dir='ltr'>Quis</span> <span class='ocrx_word' id='word_1_157' title='bbox 1013 1088 1101 1110; x_wconf 69' lang='lat' dir='ltr'>«labit</span> <span class='ocrx_word' id='word_1_158' title='bbox 1118 1095 1154 1110; x_wconf 70' lang='lat' dir='ltr'>ex</span> <span class='ocrx_word' id='word_1_159' title='bbox 1171 1088 1247 1111; x_wconf 71' lang='lat' dir='ltr'>Sion</span> <span class='ocrx_word' id='word_1_160' title='bbox 1264 1088 1405 1111; x_wconf 70' lang='lat' dir='ltr'>salutare</span> <span class='ocrx_word' id='word_1_161' title='bbox 1422 1088 1590 1111; x_wconf 61' lang='lat' dir='ltr'>lsi-abelis?</span> 
     </span>
    </p>

    <p class='ocr_par' dir='ltr' id='par_1_11' title="bbox 414 1137 2092 1470">
     <span class='ocr_line' id='line_1_19' title="bbox 511 1137 2092 1183; baseline -0.001 -12"><span class='ocrx_word' id='word_1_162' title='bbox 511 1137 618 1171; x_wconf 81' lang='lat' dir='ltr'>Cerne</span> <span class='ocrx_word' id='word_1_163' title='bbox 643 1144 856 1183; x_wconf 79' lang='lat' dir='ltr'>quantopere</span> <span class='ocrx_word' id='word_1_164' title='bbox 874 1138 1060 1171; x_wconf 84' lang='lat' dir='ltr'>Dominum</span> <span class='ocrx_word' id='word_1_165' title='bbox 1084 1137 1248 1183; x_wconf 81' lang='lat' dir='ltr'>‹liscupit,</span> <span class='ocrx_word' id='word_1_166' title='bbox 1271 1144 1304 1172; x_wconf 89' lang='lat' dir='ltr'>et</span> <span class='ocrx_word' id='word_1_167' title='bbox 1322 1149 1425 1183; x_wconf 89' lang='lat' dir='ltr'>quam</span> <span class='ocrx_word' id='word_1_168' title='bbox 1445 1149 1520 1172; x_wconf 92' lang='lat' dir='ltr'>non·</span> <span class='ocrx_word' id='word_1_169' title='bbox 1535 1138 1659 1172; x_wconf 89' lang='lat' dir='ltr'>tolerat</span> <span class='ocrx_word' id='word_1_170' title='bbox 1678 1137 1784 1171; x_wconf 87' lang='lat' dir='ltr'>futuri</span> <span class='ocrx_word' id='word_1_171' title='bbox 1805 1138 1970 1183; x_wconf 90' lang='lat' dir='ltr'>temporis</span> <span class='ocrx_word' id='word_1_172' title='bbox 1989 1147 2092 1182; x_wconf 83' lang='lat' dir='ltr'>expe·</span> 
     </span>
     <span class='ocr_line' id='line_1_20' title="bbox 416 1194 2092 1240; baseline -0.001 -13"><span class='ocrx_word' id='word_1_173' title='bbox 416 1195 597 1227; x_wconf 80' lang='lat' dir='ltr'>ctationeni</span> <span class='ocrx_word' id='word_1_174' title='bbox 616 1206 686 1239; x_wconf 86' lang='lat' dir='ltr'>quo</span> <span class='ocrx_word' id='word_1_175' title='bbox 706 1194 853 1228; x_wconf 83' lang='lat' dir='ltr'>salutare</span> <span class='ocrx_word' id='word_1_176' title='bbox 871 1195 930 1227; x_wconf 89' lang='lat' dir='ltr'>Dei</span> <span class='ocrx_word' id='word_1_177' title='bbox 952 1196 1073 1240; x_wconf 80' lang='lat' dir='ltr'>patris,</span> <span class='ocrx_word' id='word_1_178' title='bbox 1092 1206 1214 1240; x_wconf 81' lang='lat' dir='ltr'>nempe</span> <span class='ocrx_word' id='word_1_179' title='bbox 1233 1195 1402 1233; x_wconf 85' lang='lat' dir='ltr'>Christus,</span> <span class='ocrx_word' id='word_1_180' title='bbox 1420 1202 1620 1229; x_wconf 74' lang='lat' dir='ltr'>exorturum</span> <span class='ocrx_word' id='word_1_181' title='bbox 1639 1195 1726 1228; x_wconf 80' lang='lat' dir='ltr'>erat!</span> <span class='ocrx_word' id='word_1_182' title='bbox 1743 1196 1830 1229; x_wconf 87' lang='lat' dir='ltr'>Dicit</span> <span class='ocrx_word' id='word_1_183' title='bbox 1847 1201 1958 1228; x_wconf 84' lang='lat' dir='ltr'>autem</span> <span class='ocrx_word' id='word_1_184' title='bbox 1979 1195 2092 1239; x_wconf 87' lang='lat' dir='ltr'>ipsum</span> 
     </span>
     <span class='ocr_line' id='line_1_21' title="bbox 416 1250 2088 1297; baseline 0 -14"><span class='ocrx_word' id='word_1_185' title='bbox 416 1251 563 1284; x_wconf 80' lang='lat' dir='ltr'>salutare</span> <span class='ocrx_word' id='word_1_186' title='bbox 590 1251 764 1287; x_wconf 78' lang='lat' dir='ltr'>Israhelis,</span> <span class='ocrx_word' id='word_1_187' title='bbox 786 1252 866 1296; x_wconf 89' lang='lat' dir='ltr'>quia</span> <span class='ocrx_word' id='word_1_188' title='bbox 886 1253 1070 1297; x_wconf 87' lang='lat' dir='ltr'>primarius</span> <span class='ocrx_word' id='word_1_189' title='bbox 1097 1252 1239 1285; x_wconf 75' lang='lat' dir='ltr'>fortasse</span> <span class='ocrx_word' id='word_1_190' title='bbox 1257 1253 1461 1287; x_wconf 86' lang='lat' dir='ltr'>adveniendi</span> <span class='ocrx_word' id='word_1_191' title='bbox 1489 1251 1565 1286; x_wconf 83' lang='lat' dir='ltr'>finis</span> <span class='ocrx_word' id='word_1_192' title='bbox 1586 1252 1712 1286; x_wconf 83' lang='lat' dir='ltr'>Israhel</span> <span class='ocrx_word' id='word_1_193' title='bbox 1734 1252 1808 1286; x_wconf 84' lang='lat' dir='ltr'>fuit.</span> <span class='ocrx_word' id='word_1_194' title='bbox 1838 1252 1928 1285; x_wconf 75' lang='lat' dir='ltr'>Dixit</span> <span class='ocrx_word' id='word_1_195' title='bbox 1947 1251 2038 1285; x_wconf 88' lang='lat' dir='ltr'>enim</span> <span class='ocrx_word' id='word_1_196' title='bbox 2058 1250 2088 1283; x_wconf 70' lang='grc' dir='ltr'><strong><em>ἐ</em></strong></span> 
     </span>
     <span class='ocr_line' id='line_1_22' title="bbox 417 1309 2088 1355; baseline 0 -13"><span class='ocrx_word' id='word_1_197' title='bbox 417 1321 484 1343; x_wconf 81' lang='lat' dir='ltr'>non</span> <span class='ocrx_word' id='word_1_198' title='bbox 504 1321 578 1342; x_wconf 79' lang='lat' dir='ltr'>suni</span> <span class='ocrx_word' id='word_1_199' title='bbox 598 1310 719 1342; x_wconf 76' lang='lat' dir='ltr'>missus</span> <span class='ocrx_word' id='word_1_200' title='bbox 739 1310 802 1342; x_wconf 89' lang='lat' dir='ltr'>nisi</span> <span class='ocrx_word' id='word_1_201' title='bbox 822 1309 865 1342; x_wconf 89' lang='lat' dir='ltr'>ad</span> <span class='ocrx_word' id='word_1_202' title='bbox 885 1321 922 1343; x_wconf 79' lang='grc'>01</span> <span class='ocrx_word' id='word_1_203' title='bbox 931 1321 967 1344; x_wconf 89' lang='lat' dir='ltr'>es</span> <span class='ocrx_word' id='word_1_204' title='bbox 985 1309 1181 1355; x_wconf 84' lang='lat' dir='ltr'>deperditas</span> <span class='ocrx_word' id='word_1_205' title='bbox 1200 1310 1325 1343; x_wconf 84' lang='lat' dir='ltr'>domus</span> <span class='ocrx_word' id='word_1_206' title='bbox 1344 1310 1513 1344; x_wconf 83' lang='lat' dir='ltr'>Israhelis.</span> <span class='ocrx_word' id='word_1_207' title='bbox 1535 1311 1601 1343; x_wconf 85' lang='lat' dir='ltr'>Aut</span> <span class='ocrx_word' id='word_1_208' title='bbox 1621 1310 1688 1344; x_wconf 91' lang='lat' dir='ltr'>alio</span> <span class='ocrx_word' id='word_1_209' title='bbox 1707 1309 1825 1344; x_wconf 87' lang='lat' dir='ltr'>modo.</span> <span class='ocrx_word' id='word_1_210' title='bbox 1842 1310 1928 1349; x_wconf 84' lang='lat' dir='ltr'>Quia</span> <span class='ocrx_word' id='word_1_211' title='bbox 1946 1319 2088 1353; x_wconf 83' lang='lat' dir='ltr'>nempe,</span> 
     </span>
     <span class='ocr_line' id='line_1_23' title="bbox 414 1366 2092 1412; baseline -0.001 -12"><span class='ocrx_word' id='word_1_212' title='bbox 414 1373 449 1400; x_wconf 89' lang='lat' dir='ltr'>ut</span> <span class='ocrx_word' id='word_1_213' title='bbox 477 1366 576 1400; x_wconf 59' lang='lat' dir='ltr'>divus</span> <span class='ocrx_word' id='word_1_214' title='bbox 604 1367 725 1400; x_wconf 89' lang='lat' dir='ltr'>Paulus</span> <span class='ocrx_word' id='word_1_215' title='bbox 753 1366 870 1399; x_wconf 81' lang='lat' dir='ltr'>scribit</span> <span class='ocrx_word' id='word_1_216' title='bbox 896 1367 924 1405; x_wconf 80' lang='lat'>&#39;‚</span> <span class='ocrx_word' id='word_1_217' title='bbox 956 1367 1161 1400; x_wconf 86' lang='lat' dir='ltr'>ludaeorum</span> <span class='ocrx_word' id='word_1_218' title='bbox 1187 1373 1283 1400; x_wconf 85' lang='lat' dir='ltr'>erant</span> <span class='ocrx_word' id='word_1_219' title='bbox 1309 1368 1572 1412; x_wconf 85' lang='lat' dir='ltr'>promissiones,</span> <span class='ocrx_word' id='word_1_220' title='bbox 1600 1367 1785 1412; x_wconf 80' lang='lat' dir='ltr'>legislatio,</span> <span class='ocrx_word' id='word_1_221' title='bbox 1807 1366 1947 1405; x_wconf 87' lang='lat' dir='ltr'>foedus,</span> <span class='ocrx_word' id='word_1_222' title='bbox 1973 1371 2006 1399; x_wconf 85' lang='lat' dir='ltr'>et</span> <span class='ocrx_word' id='word_1_223' title='bbox 2030 1376 2092 1411; x_wconf 85' lang='lat' dir='ltr'>pa-</span> 
     </span>
     <span class='ocr_line' id='line_1_24' title="bbox 416 1423 2091 1470; baseline -0.001 -13"><span class='ocrx_word' id='word_1_224' title='bbox 416 1430 502 1461; x_wconf 84' lang='lat' dir='ltr'>tres,</span> <span class='ocrx_word' id='word_1_225' title='bbox 523 1424 614 1457; x_wconf 88' lang='lat' dir='ltr'>unde</span> <span class='ocrx_word' id='word_1_226' title='bbox 641 1424 748 1458; x_wconf 87' lang='lat' dir='ltr'>factus</span> <span class='ocrx_word' id='word_1_227' title='bbox 774 1430 823 1458; x_wconf 87' lang='lat' dir='ltr'>est</span> <span class='ocrx_word' id='word_1_228' title='bbox 850 1424 1039 1458; x_wconf 89' lang='lat' dir='ltr'>secundum</span> <span class='ocrx_word' id='word_1_229' title='bbox 1066 1435 1204 1458; x_wconf 87' lang='lat' dir='ltr'>carnem</span> <span class='ocrx_word' id='word_1_230' title='bbox 1222 1423 1386 1458; x_wconf 89' lang='lat' dir='ltr'>Christus.</span> <span class='ocrx_word' id='word_1_231' title='bbox 1415 1425 1577 1470; x_wconf 87' lang='lat' dir='ltr'>Diseupio</span> <span class='ocrx_word' id='word_1_232' title='bbox 1600 1426 1704 1470; x_wconf 84' lang='lat' dir='ltr'>igitur</span> <span class='ocrx_word' id='word_1_233' title='bbox 1723 1425 1909 1458; x_wconf 79' lang='lat' dir='ltr'>adventum</span> <span class='ocrx_word' id='word_1_234' title='bbox 1933 1424 2024 1462; x_wconf 88' lang='lat' dir='ltr'>eius,</span> <span class='ocrx_word' id='word_1_235' title='bbox 2045 1423 2091 1456; x_wconf 92' lang='lat' dir='ltr'>ait</span> 
     </span>
    </p>
   </div>
   <div class='ocr_carea' id='block_1_7' title="bbox 408 1539 2090 2285">
    <p class='ocr_par' dir='ltr' id='par_1_12' title="bbox 410 1539 2090 1886">
     <span class='ocr_line' id='line_1_25' title="bbox 509 1539 2089 1577; baseline -0.002 -9"><span class='ocrx_word' id='word_1_236' title='bbox 509 1542 632 1569; x_wconf 80' lang='lat' dir='ltr'>Profecto</span> <span class='ocrx_word' id='word_1_237' title='bbox 653 1546 764 1569; x_wconf 87' lang='lat' dir='ltr'>sanctus</span> <span class='ocrx_word' id='word_1_238' title='bbox 782 1542 968 1577; x_wconf 75' lang='lat' dir='ltr'>Hieronymus</span> <span class='ocrx_word' id='word_1_239' title='bbox 988 1540 1072 1576; x_wconf 83' lang='lat' dir='ltr'>praef.</span> <span class='ocrx_word' id='word_1_240' title='bbox 1089 1541 1122 1568; x_wconf 90' lang='lat' dir='ltr'>ad</span> <span class='ocrx_word' id='word_1_241' title='bbox 1142 1541 1189 1568; x_wconf 88' lang='lat' dir='ltr'>lib.</span> <span class='ocrx_word' id='word_1_242' title='bbox 1206 1542 1280 1567; x_wconf 63' lang='lat' dir='ltr'>XVI.</span> <span class='ocrx_word' id='word_1_243' title='bbox 1296 1542 1325 1568; x_wconf 92' lang='lat' dir='ltr'>in</span> <span class='ocrx_word' id='word_1_244' title='bbox 1345 1542 1458 1574; x_wconf 86' lang='lat' dir='ltr'>lsaiam,</span> <span class='ocrx_word' id='word_1_245' title='bbox 1479 1542 1528 1569; x_wconf 91' lang='lat' dir='ltr'>etsi</span> <span class='ocrx_word' id='word_1_246' title='bbox 1549 1542 1598 1569; x_wconf 88' lang='lat' dir='ltr'>hos</span> <span class='ocrx_word' id='word_1_247' title='bbox 1614 1546 1668 1569; x_wconf 88' lang='lat' dir='ltr'>tres</span> <span class='ocrx_word' id='word_1_248' title='bbox 1686 1541 1833 1569; x_wconf 82' lang='lat' dir='ltr'>versiculos</span> <span class='ocrx_word' id='word_1_249' title='bbox 1849 1542 1878 1568; x_wconf 91' lang='lat' dir='ltr'>in</span> <span class='ocrx_word' id='word_1_250' title='bbox 1897 1540 2018 1568; x_wconf 88' lang='lat' dir='ltr'>ecclesiis</span> <span class='ocrx_word' id='word_1_251' title='bbox 2035 1539 2089 1574; x_wconf 83' lang='lat' dir='ltr'>legi</span> 
     </span>
     <span class='ocr_line' id='line_1_26' title="bbox 411 1582 2087 1620; baseline -0.002 -8"><span class='ocrx_word' id='word_1_252' title='bbox 411 1594 467 1612; x_wconf 88' lang='grc'><strong>11011</strong></span> <span class='ocrx_word' id='word_1_253' title='bbox 486 1590 580 1620; x_wconf 70' lang='lat' dir='ltr'>negat,</span> <span class='ocrx_word' id='word_1_254' title='bbox 601 1590 722 1613; x_wconf 79' lang='lat' dir='ltr'>attamen</span> <span class='ocrx_word' id='word_1_255' title='bbox 741 1594 755 1612; x_wconf 88' lang='grc'>3</span> <span class='ocrx_word' id='word_1_256' title='bbox 775 1585 861 1612; x_wconf 84' lang='grc' dir='ltr'><strong>Ρ31110</strong></span> <span class='ocrx_word' id='word_1_257' title='bbox 880 1585 931 1617; x_wconf 87' lang='lat' dir='ltr'>(ad</span> <span class='ocrx_word' id='word_1_258' title='bbox 949 1586 1030 1611; x_wconf 79' lang='lat' dir='ltr'>Rom.</span> <span class='ocrx_word' id='word_1_259' title='bbox 1048 1586 1097 1611; x_wconf 89' lang='lat'>111.</span> <span class='ocrx_word' id='word_1_260' title='bbox 1115 1588 1217 1617; x_wconf 83' lang='lat' dir='ltr'>13.)ex</span> <span class='ocrx_word' id='word_1_261' title='bbox 1235 1586 1317 1612; x_wconf 76' lang='lat' dir='ltr'>variis</span> <span class='ocrx_word' id='word_1_262' title='bbox 1335 1585 1448 1620; x_wconf 89' lang='lat' dir='ltr'>psalmis</span> <span class='ocrx_word' id='word_1_263' title='bbox 1469 1590 1495 1612; x_wconf 94' lang='lat' dir='ltr'>et</span> <span class='ocrx_word' id='word_1_264' title='bbox 1514 1594 1545 1612; x_wconf 80' lang='lat' dir='ltr'>ex</span> <span class='ocrx_word' id='word_1_265' title='bbox 1566 1586 1635 1612; x_wconf 85' lang='lat' dir='ltr'>isaia</span> <span class='ocrx_word' id='word_1_266' title='bbox 1656 1585 1784 1613; x_wconf 84' lang='lat' dir='ltr'>collectos</span> <span class='ocrx_word' id='word_1_267' title='bbox 1804 1584 1921 1618; x_wconf 85' lang='lat' dir='ltr'>iudicat,</span> <span class='ocrx_word' id='word_1_268' title='bbox 1941 1588 1968 1612; x_wconf 88' lang='lat' dir='ltr'>et</span> <span class='ocrx_word' id='word_1_269' title='bbox 1988 1582 2087 1610; x_wconf 86' lang='lat' dir='ltr'>deinde</span> 
     </span>
     <span class='ocr_line' id='line_1_27' title="bbox 411 1626 2090 1665; baseline -0.002 -9"><span class='ocrx_word' id='word_1_270' title='bbox 411 1629 444 1656; x_wconf 88' lang='lat' dir='ltr'>ab</span> <span class='ocrx_word' id='word_1_271' title='bbox 464 1630 518 1656; x_wconf 90' lang='lat' dir='ltr'>alio</span> <span class='ocrx_word' id='word_1_272' title='bbox 538 1630 630 1657; x_wconf 88' lang='lat' dir='ltr'>nescio</span> <span class='ocrx_word' id='word_1_273' title='bbox 653 1638 721 1665; x_wconf 90' lang='lat' dir='ltr'>quo,</span> <span class='ocrx_word' id='word_1_274' title='bbox 742 1638 772 1656; x_wconf 86' lang='lat' dir='ltr'>ex</span> <span class='ocrx_word' id='word_1_275' title='bbox 793 1629 871 1657; x_wconf 88' lang='lat' dir='ltr'>Pauli</span> <span class='ocrx_word' id='word_1_276' title='bbox 895 1629 1012 1664; x_wconf 86' lang='lat' dir='ltr'>epistola</span> <span class='ocrx_word' id='word_1_277' title='bbox 1031 1629 1066 1656; x_wconf 87' lang='lat' dir='ltr'>ad</span> <span class='ocrx_word' id='word_1_278' title='bbox 1089 1629 1164 1656; x_wconf 87' lang='lat' dir='ltr'>hunc</span> <span class='ocrx_word' id='word_1_279' title='bbox 1186 1629 1284 1664; x_wconf 79' lang='lat' dir='ltr'>psalmi</span> <span class='ocrx_word' id='word_1_280' title='bbox 1304 1629 1396 1656; x_wconf 88' lang='lat' dir='ltr'>locum</span> <span class='ocrx_word' id='word_1_281' title='bbox 1419 1629 1576 1656; x_wconf 87' lang='lat' dir='ltr'>translatos.</span> <span class='ocrx_word' id='word_1_282' title='bbox 1600 1630 1768 1665; x_wconf 78' lang='lat' dir='ltr'>Hieronymo</span> <span class='ocrx_word' id='word_1_283' title='bbox 1789 1629 1964 1664; x_wconf 86' lang='lat' dir='ltr'>adquiescere</span> <span class='ocrx_word' id='word_1_284' title='bbox 1983 1626 2090 1654; x_wconf 78' lang='lat' dir='ltr'>videtur</span> 
     </span>
     <span class='ocr_line' id='line_1_28' title="bbox 411 1670 2089 1709; baseline -0.002 -9"><span class='ocrx_word' id='word_1_285' title='bbox 411 1673 586 1701; x_wconf 86' lang='lat' dir='ltr'>doctissimus</span> <span class='ocrx_word' id='word_1_286' title='bbox 606 1674 790 1700; x_wconf 80' lang='lat' dir='ltr'>Bellarminus</span> <span class='ocrx_word' id='word_1_287' title='bbox 808 1674 838 1700; x_wconf 90' lang='lat' dir='ltr'>in</span> <span class='ocrx_word' id='word_1_288' title='bbox 855 1681 906 1700; x_wconf 89' lang='lat' dir='ltr'>suo</span> <span class='ocrx_word' id='word_1_289' title='bbox 926 1673 959 1700; x_wconf 85' lang='lat' dir='ltr'>ad</span> <span class='ocrx_word' id='word_1_290' title='bbox 978 1673 1053 1700; x_wconf 85' lang='lat' dir='ltr'>hunc</span> <span class='ocrx_word' id='word_1_291' title='bbox 1071 1673 1169 1708; x_wconf 82' lang='lat' dir='ltr'>psalmi</span> <span class='ocrx_word' id='word_1_292' title='bbox 1187 1673 1278 1700; x_wconf 89' lang='lat' dir='ltr'>locum</span> <span class='ocrx_word' id='word_1_293' title='bbox 1296 1674 1502 1700; x_wconf 86' lang='lat' dir='ltr'>commentario.</span> <span class='ocrx_word' id='word_1_294' title='bbox 1523 1674 1611 1700; x_wconf 89' lang='lat' dir='ltr'>Immo</span> <span class='ocrx_word' id='word_1_295' title='bbox 1628 1673 1700 1701; x_wconf 90' lang='lat' dir='ltr'>idem</span> <span class='ocrx_word' id='word_1_296' title='bbox 1717 1673 1758 1700; x_wconf 72' lang='lat' dir='ltr'>vir</span> <span class='ocrx_word' id='word_1_297' title='bbox 1776 1677 1941 1709; x_wconf 89' lang='lat' dir='ltr'>purpuratus</span> <span class='ocrx_word' id='word_1_298' title='bbox 1959 1671 1993 1699; x_wconf 89' lang='lat' dir='ltr'>de</span> <span class='ocrx_word' id='word_1_299' title='bbox 2008 1670 2089 1698; x_wconf 81' lang='lat' dir='ltr'>verbo</span> 
     </span>
     <span class='ocr_line' id='line_1_29' title="bbox 410 1713 2088 1753; baseline -0.002 -9"><span class='ocrx_word' id='word_1_300' title='bbox 410 1718 461 1744; x_wconf 87' lang='lat' dir='ltr'>Dei</span> <span class='ocrx_word' id='word_1_301' title='bbox 480 1717 528 1744; x_wconf 89' lang='lat' dir='ltr'>lib.</span> <span class='ocrx_word' id='word_1_302' title='bbox 550 1719 585 1743; x_wconf 85' lang='grc' dir='ltr'>ΙΙ.</span> <span class='ocrx_word' id='word_1_303' title='bbox 607 1726 665 1753; x_wconf 89' lang='lat' dir='ltr'>cap.</span> <span class='ocrx_word' id='word_1_304' title='bbox 686 1721 712 1744; x_wconf 77' lang='lat'>2.</span> <span class='ocrx_word' id='word_1_305' title='bbox 734 1721 793 1752; x_wconf 86' lang='lat' dir='ltr'>post</span> <span class='ocrx_word' id='word_1_306' title='bbox 813 1717 926 1744; x_wconf 81' lang='lat' dir='ltr'>relatam</span> <span class='ocrx_word' id='word_1_307' title='bbox 950 1717 1109 1752; x_wconf 74' lang='lat' dir='ltr'>Hieronymi</span> <span class='ocrx_word' id='word_1_308' title='bbox 1129 1718 1308 1750; x_wconf 83' lang='lat' dir='ltr'>sententiam,</span> <span class='ocrx_word' id='word_1_309' title='bbox 1330 1717 1429 1745; x_wconf 80' lang='lat' dir='ltr'>diserte</span> <span class='ocrx_word' id='word_1_310' title='bbox 1450 1717 1558 1744; x_wconf 85' lang='lat' dir='ltr'>scribit:</span> <span class='ocrx_word' id='word_1_311' title='bbox 1582 1729 1593 1739; x_wconf 72' lang='grc' dir='ltr'>ιι</span> <span class='ocrx_word' id='word_1_312' title='bbox 1615 1716 1704 1749; x_wconf 88' lang='lat' dir='ltr'>dices,</span> <span class='ocrx_word' id='word_1_313' title='bbox 1724 1717 1746 1744; x_wconf 88' lang='lat' dir='ltr'>si</span> <span class='ocrx_word' id='word_1_314' title='bbox 1766 1717 1804 1743; x_wconf 89' lang='lat' dir='ltr'>ita</span> <span class='ocrx_word' id='word_1_315' title='bbox 1823 1720 1876 1749; x_wconf 90' lang='lat' dir='ltr'>est,</span> <span class='ocrx_word' id='word_1_316' title='bbox 1897 1723 1946 1743; x_wconf 88' lang='lat' dir='ltr'>cur</span> <span class='ocrx_word' id='word_1_317' title='bbox 1968 1713 2088 1742; x_wconf 86' lang='lat' dir='ltr'>Ecclesia</span> 
     </span>
     <span class='ocr_line' id='line_1_30' title="bbox 411 1759 2089 1796; baseline -0.002 -8"><span class='ocrx_word' id='word_1_318' title='bbox 411 1761 439 1788; x_wconf 91' lang='lat' dir='ltr'>in</span> <span class='ocrx_word' id='word_1_319' title='bbox 462 1761 580 1789; x_wconf 84' lang='lat' dir='ltr'>editione</span> <span class='ocrx_word' id='word_1_320' title='bbox 602 1762 710 1794; x_wconf 55' lang='lat' dir='ltr'>uulgata</span> <span class='ocrx_word' id='word_1_321' title='bbox 735 1762 784 1788; x_wconf 92' lang='grc'><strong>1105</strong></span> <span class='ocrx_word' id='word_1_322' title='bbox 804 1761 950 1789; x_wconf 76' lang='lat' dir='ltr'>versiculos</span> <span class='ocrx_word' id='word_1_323' title='bbox 974 1769 1031 1788; x_wconf 87' lang='lat' dir='ltr'>esse</span> <span class='ocrx_word' id='word_1_324' title='bbox 1055 1762 1173 1796; x_wconf 80' lang='lat' dir='ltr'>patitur?</span> <span class='ocrx_word' id='word_1_325' title='bbox 1192 1762 1330 1788; x_wconf 69' lang='lat' dir='ltr'>Nimirum</span> <span class='ocrx_word' id='word_1_326' title='bbox 1354 1769 1385 1789; x_wconf 90' lang='lat' dir='ltr'>ea</span> <span class='ocrx_word' id='word_1_327' title='bbox 1406 1761 1440 1789; x_wconf 90' lang='lat' dir='ltr'>de</span> <span class='ocrx_word' id='word_1_328' title='bbox 1461 1770 1561 1794; x_wconf 83' lang='lat' dir='ltr'>causa,</span> <span class='ocrx_word' id='word_1_329' title='bbox 1581 1762 1712 1796; x_wconf 88' lang='lat' dir='ltr'>quoniam</span> <span class='ocrx_word' id='word_1_330' title='bbox 1733 1765 1799 1788; x_wconf 84' lang='lat' dir='ltr'>sunt</span> <span class='ocrx_word' id='word_1_331' title='bbox 1819 1760 1900 1787; x_wconf 84' lang='lat' dir='ltr'>etiam</span> <span class='ocrx_word' id='word_1_332' title='bbox 1924 1759 1977 1794; x_wconf 88' lang='lat' dir='ltr'>ipsi</span> <span class='ocrx_word' id='word_1_333' title='bbox 1997 1765 2089 1786; x_wconf 85' lang='lat' dir='ltr'>sacrae</span> 
     </span>
     <span class='ocr_line' id='line_1_31' title="bbox 410 1802 2089 1841; baseline -0.002 -10"><span class='ocrx_word' id='word_1_334' title='bbox 410 1807 560 1840; x_wconf 85' lang='lat' dir='ltr'>scripturae</span> <span class='ocrx_word' id='word_1_335' title='bbox 578 1810 667 1840; x_wconf 85' lang='lat' dir='ltr'>partes</span> <span class='ocrx_word' id='word_1_336' title='bbox 687 1806 835 1841; x_wconf 86' lang='lat' dir='ltr'>quaedam;</span> <span class='ocrx_word' id='word_1_337' title='bbox 851 1810 877 1832; x_wconf 88' lang='lat' dir='ltr'>et</span> <span class='ocrx_word' id='word_1_338' title='bbox 893 1806 1024 1841; x_wconf 85' lang='lat' dir='ltr'>quoniam</span> <span class='ocrx_word' id='word_1_339' title='bbox 1044 1806 1103 1832; x_wconf 87' lang='lat' dir='ltr'>siue</span> <span class='ocrx_word' id='word_1_340' title='bbox 1120 1805 1277 1833; x_wconf 82' lang='lat' dir='ltr'>turbatione</span> <span class='ocrx_word' id='word_1_341' title='bbox 1294 1810 1321 1833; x_wconf 87' lang='lat' dir='ltr'>et</span> <span class='ocrx_word' id='word_1_342' title='bbox 1339 1806 1470 1833; x_wconf 83' lang='lat' dir='ltr'>scandalo</span> <span class='ocrx_word' id='word_1_343' title='bbox 1487 1806 1581 1841; x_wconf 90' lang='lat' dir='ltr'>populi</span> <span class='ocrx_word' id='word_1_344' title='bbox 1598 1814 1654 1833; x_wconf 90' lang='lat' dir='ltr'>non</span> <span class='ocrx_word' id='word_1_345' title='bbox 1672 1810 1782 1841; x_wconf 87' lang='lat' dir='ltr'>possent</span> <span class='ocrx_word' id='word_1_346' title='bbox 1798 1804 1913 1837; x_wconf 84' lang='lat' dir='ltr'>auferri,</span> <span class='ocrx_word' id='word_1_347' title='bbox 1928 1811 1992 1830; x_wconf 91' lang='lat' dir='ltr'>cum</span> <span class='ocrx_word' id='word_1_348' title='bbox 2006 1802 2089 1837; x_wconf 85' lang='lat' dir='ltr'>longo</span> 
     </span>
     <span class='ocr_line' id='line_1_32' title="bbox 410 1849 1780 1886; baseline 0.001 -11"><span class='ocrx_word' id='word_1_349' title='bbox 410 1850 464 1875; x_wconf 88' lang='lat' dir='ltr'>iam</span> <span class='ocrx_word' id='word_1_350' title='bbox 487 1854 605 1884; x_wconf 88' lang='lat' dir='ltr'>tempore</span> <span class='ocrx_word' id='word_1_351' title='bbox 625 1850 661 1877; x_wconf 89' lang='lat' dir='ltr'>ibi</span> <span class='ocrx_word' id='word_1_352' title='bbox 684 1850 800 1876; x_wconf 75' lang='lat' dir='ltr'>fuerint:</span> <span class='ocrx_word' id='word_1_353' title='bbox 822 1849 959 1884; x_wconf 87' lang='lat' dir='ltr'>quomodo</span> <span class='ocrx_word' id='word_1_354' title='bbox 980 1850 1062 1876; x_wconf 85' lang='lat' dir='ltr'>etiam</span> <span class='ocrx_word' id='word_1_355' title='bbox 1085 1850 1188 1884; x_wconf 76' lang='lat' dir='ltr'>patitur</span> <span class='ocrx_word' id='word_1_356' title='bbox 1209 1850 1360 1877; x_wconf 88' lang='lat' dir='ltr'>nonnullos</span> <span class='ocrx_word' id='word_1_357' title='bbox 1380 1858 1484 1877; x_wconf 86' lang='lat' dir='ltr'>errores</span> <span class='ocrx_word' id='word_1_358' title='bbox 1504 1850 1746 1886; x_wconf 74' lang='lat' dir='ltr'>typographorum.</span> <span class='ocrx_word' id='word_1_359' title='bbox 1769 1862 1780 1872; x_wconf 74' lang='grc' dir='ltr'>υ</span> 
     </span>
    </p>

    <p class='ocr_par' dir='ltr' id='par_1_13' title="bbox 408 1891 2089 2285">
     <span class='ocr_line' id='line_1_33' title="bbox 509 1891 2088 1929; baseline -0.002 -9"><span class='ocrx_word' id='word_1_360' title='bbox 509 1894 584 1928; x_wconf 85' lang='lat' dir='ltr'>Quae</span> <span class='ocrx_word' id='word_1_361' title='bbox 604 1902 688 1928; x_wconf 91' lang='lat' dir='ltr'>quum</span> <span class='ocrx_word' id='word_1_362' title='bbox 709 1894 745 1920; x_wconf 88' lang='lat' dir='ltr'>ita</span> <span class='ocrx_word' id='word_1_363' title='bbox 763 1902 791 1920; x_wconf 83' lang='lat' dir='ltr'>se</span> <span class='ocrx_word' id='word_1_364' title='bbox 811 1893 941 1925; x_wconf 83' lang='lat' dir='ltr'>habeant,</span> <span class='ocrx_word' id='word_1_365' title='bbox 961 1898 1081 1920; x_wconf 84' lang='lat' dir='ltr'>attamen</span> <span class='ocrx_word' id='word_1_366' title='bbox 1101 1902 1150 1926; x_wconf 61' lang='lat' dir='ltr'>ego</span> <span class='ocrx_word' id='word_1_367' title='bbox 1171 1893 1235 1920; x_wconf 90' lang='lat' dir='ltr'>nolo</span> <span class='ocrx_word' id='word_1_368' title='bbox 1256 1893 1426 1921; x_wconf 88' lang='lat' dir='ltr'>indefensam</span> <span class='ocrx_word' id='word_1_369' title='bbox 1446 1902 1558 1929; x_wconf 90' lang='lat' dir='ltr'>prorsus</span> <span class='ocrx_word' id='word_1_370' title='bbox 1579 1894 1648 1921; x_wconf 87' lang='lat' dir='ltr'>hanc</span> <span class='ocrx_word' id='word_1_371' title='bbox 1665 1901 1721 1920; x_wconf 90' lang='lat' dir='ltr'>rem</span> <span class='ocrx_word' id='word_1_372' title='bbox 1741 1892 1898 1920; x_wconf 85' lang='lat' dir='ltr'>destituere.</span> <span class='ocrx_word' id='word_1_373' title='bbox 1915 1891 2025 1918; x_wconf 83' lang='lat' dir='ltr'>Etenim</span> <span class='ocrx_word' id='word_1_374' title='bbox 2042 1897 2088 1917; x_wconf 89' lang='lat' dir='ltr'>co-</span> 
     </span>
     <span class='ocr_line' id='line_1_34' title="bbox 411 1934 2089 1973; baseline -0.001 -10"><span class='ocrx_word' id='word_1_375' title='bbox 411 1937 460 1964; x_wconf 85' lang='lat' dir='ltr'>dex</span> <span class='ocrx_word' id='word_1_376' title='bbox 479 1946 604 1965; x_wconf 84' lang='lat' dir='ltr'>omnium</span> <span class='ocrx_word' id='word_1_377' title='bbox 624 1946 782 1972; x_wconf 63' lang='lat' dir='ltr'>graecorum</span> <span class='ocrx_word' id='word_1_378' title='bbox 801 1938 1010 1973; x_wconf 83' lang='lat' dir='ltr'>antiquissimus</span> <span class='ocrx_word' id='word_1_379' title='bbox 1029 1939 1187 1970; x_wconf 80' lang='lat' dir='ltr'>vaticanus,</span> <span class='ocrx_word' id='word_1_380' title='bbox 1207 1946 1288 1973; x_wconf 89' lang='lat' dir='ltr'>quem</span> <span class='ocrx_word' id='word_1_381' title='bbox 1311 1946 1374 1973; x_wconf 88' lang='lat' dir='ltr'>prae</span> <span class='ocrx_word' id='word_1_382' title='bbox 1394 1939 1482 1966; x_wconf 90' lang='lat' dir='ltr'>oculis</span> <span class='ocrx_word' id='word_1_383' title='bbox 1504 1938 1606 1970; x_wconf 84' lang='lat' dir='ltr'>habeo,</span> <span class='ocrx_word' id='word_1_384' title='bbox 1627 1946 1652 1973; x_wconf 90' lang='lat' dir='ltr'>p.</span> <span class='ocrx_word' id='word_1_385' title='bbox 1669 1941 1729 1965; x_wconf 83' lang='lat'>6:30.</span> <span class='ocrx_word' id='word_1_386' title='bbox 1745 1937 1852 1965; x_wconf 82' lang='lat' dir='ltr'>exhibet</span> <span class='ocrx_word' id='word_1_387' title='bbox 1869 1937 1897 1963; x_wconf 92' lang='lat' dir='ltr'>in</span> <span class='ocrx_word' id='word_1_388' title='bbox 1916 1935 2021 1971; x_wconf 87' lang='lat' dir='ltr'>psalmo</span> <span class='ocrx_word' id='word_1_389' title='bbox 2038 1934 2089 1961; x_wconf 89' lang='lat' dir='ltr'>hos</span> 
     </span>
     <span class='ocr_line' id='line_1_35' title="bbox 411 1978 2088 2017; baseline -0.001 -10"><span class='ocrx_word' id='word_1_390' title='bbox 411 1982 571 2014; x_wconf 69' lang='lat' dir='ltr'>versiculos,</span> <span class='ocrx_word' id='word_1_391' title='bbox 591 1987 618 2009; x_wconf 85' lang='lat' dir='ltr'>et</span> <span class='ocrx_word' id='word_1_392' title='bbox 636 1982 746 2017; x_wconf 88' lang='lat' dir='ltr'>quidem</span> <span class='ocrx_word' id='word_1_393' title='bbox 766 1990 821 2008; x_wconf 90' lang='lat' dir='ltr'>non</span> <span class='ocrx_word' id='word_1_394' title='bbox 840 1982 868 2009; x_wconf 92' lang='lat' dir='ltr'>in</span> <span class='ocrx_word' id='word_1_395' title='bbox 891 1984 1027 2017; x_wconf 70' lang='lat' dir='ltr'>margine,</span> <span class='ocrx_word' id='word_1_396' title='bbox 1048 1986 1079 2009; x_wconf 90' lang='lat' dir='ltr'>ut</span> <span class='ocrx_word' id='word_1_397' title='bbox 1100 1991 1114 2009; x_wconf 89' lang='lat' dir='ltr'>a</span> <span class='ocrx_word' id='word_1_398' title='bbox 1135 1983 1278 2009; x_wconf 88' lang='lat' dir='ltr'>nonnullis</span> <span class='ocrx_word' id='word_1_399' title='bbox 1300 1987 1399 2010; x_wconf 89' lang='lat' dir='ltr'>temere</span> <span class='ocrx_word' id='word_1_400' title='bbox 1418 1983 1575 2010; x_wconf 86' lang='lat' dir='ltr'>dictitatum</span> <span class='ocrx_word' id='word_1_401' title='bbox 1593 1982 1658 2015; x_wconf 84' lang='lat' dir='ltr'>suit,</span> <span class='ocrx_word' id='word_1_402' title='bbox 1678 1982 1726 2009; x_wconf 89' lang='lat' dir='ltr'>sed</span> <span class='ocrx_word' id='word_1_403' title='bbox 1741 1983 1771 2008; x_wconf 90' lang='grc'>111</span> <span class='ocrx_word' id='word_1_404' title='bbox 1789 1982 1850 2016; x_wconf 88' lang='lat' dir='ltr'>ipso</span> <span class='ocrx_word' id='word_1_405' title='bbox 1868 1983 2011 2013; x_wconf 70' lang='lat' dir='ltr'>contextu,</span> <span class='ocrx_word' id='word_1_406' title='bbox 2029 1978 2088 2006; x_wconf 86' lang='lat' dir='ltr'>sine</span> 
     </span>
     <span class='ocr_line' id='line_1_36' title="bbox 410 2021 2088 2061; baseline -0.002 -9"><span class='ocrx_word' id='word_1_407' title='bbox 410 2026 466 2053; x_wconf 89' lang='lat' dir='ltr'>ullo</span> <span class='ocrx_word' id='word_1_408' title='bbox 486 2034 562 2058; x_wconf 78' lang='lat' dir='ltr'>veru,</span> <span class='ocrx_word' id='word_1_409' title='bbox 582 2027 641 2052; x_wconf 89' lang='lat' dir='ltr'>sine</span> <span class='ocrx_word' id='word_1_410' title='bbox 661 2026 717 2052; x_wconf 80' lang='grc'><strong>11110</strong></span> <span class='ocrx_word' id='word_1_411' title='bbox 735 2026 954 2060; x_wconf 81' lang='lat' dir='ltr'>interpolationis</span> <span class='ocrx_word' id='word_1_412' title='bbox 971 2027 1092 2060; x_wconf 61' lang='lat' dir='ltr'>vestigio.</span> <span class='ocrx_word' id='word_1_413' title='bbox 1114 2026 1204 2053; x_wconf 81' lang='lat' dir='ltr'>Codex</span> <span class='ocrx_word' id='word_1_414' title='bbox 1223 2031 1315 2053; x_wconf 84' lang='lat' dir='ltr'>autem</span> <span class='ocrx_word' id='word_1_415' title='bbox 1337 2027 1380 2053; x_wconf 89' lang='lat' dir='ltr'>hic</span> <span class='ocrx_word' id='word_1_416' title='bbox 1403 2027 1544 2054; x_wconf 78' lang='lat' dir='ltr'>vaticanus</span> <span class='ocrx_word' id='word_1_417' title='bbox 1564 2027 1622 2053; x_wconf 85' lang='lat' dir='ltr'>iure</span> <span class='ocrx_word' id='word_1_418' title='bbox 1641 2027 1792 2061; x_wconf 86' lang='lat' dir='ltr'>meritoque</span> <span class='ocrx_word' id='word_1_419' title='bbox 1811 2025 1974 2052; x_wconf 71' lang='lat' dir='ltr'>sixtinorum</span> <span class='ocrx_word' id='word_1_420' title='bbox 1990 2021 2088 2050; x_wconf 78' lang='lat' dir='ltr'>biblio-</span> 
     </span>
     <span class='ocr_line' id='line_1_37' title="bbox 411 2062 2088 2107; baseline -0.002 -9"><span class='ocrx_word' id='word_1_421' title='bbox 411 2080 470 2098; x_wconf 89' lang='lat' dir='ltr'>rum</span> <span class='ocrx_word' id='word_1_422' title='bbox 491 2071 642 2098; x_wconf 80' lang='lat' dir='ltr'>editoribus</span> <span class='ocrx_word' id='word_1_423' title='bbox 662 2070 744 2105; x_wconf 74' lang='lat' dir='ltr'>praef.</span> <span class='ocrx_word' id='word_1_424' title='bbox 761 2079 787 2105; x_wconf 90' lang='lat' dir='ltr'>p.</span> <span class='ocrx_word' id='word_1_425' title='bbox 804 2074 829 2097; x_wconf 77' lang='lat'>2.</span> <span class='ocrx_word' id='word_1_426' title='bbox 853 2084 862 2092; x_wconf 65' lang='lat' dir='ltr'>n</span> <span class='ocrx_word' id='word_1_427' title='bbox 886 2076 947 2097; x_wconf 87' lang='lat' dir='ltr'>ante</span> <span class='ocrx_word' id='word_1_428' title='bbox 968 2076 1089 2105; x_wconf 85' lang='lat' dir='ltr'>tempora</span> <span class='ocrx_word' id='word_1_429' title='bbox 1110 2072 1140 2097; x_wconf 77' lang='lat' dir='ltr'>B.</span> <span class='ocrx_word' id='word_1_430' title='bbox 1158 2072 1334 2107; x_wconf 61' lang='lat' dir='ltr'>Hieronymi,</span> <span class='ocrx_word' id='word_1_431' title='bbox 1356 2076 1381 2098; x_wconf 90' lang='lat' dir='ltr'>et</span> <span class='ocrx_word' id='word_1_432' title='bbox 1399 2080 1455 2098; x_wconf 90' lang='lat' dir='ltr'>non</span> <span class='ocrx_word' id='word_1_433' title='bbox 1472 2071 1559 2104; x_wconf 74' lang='lat' dir='ltr'>infra,</span> <span class='ocrx_word' id='word_1_434' title='bbox 1578 2071 1695 2106; x_wconf 84' lang='lat' dir='ltr'>scriptus</span> <span class='ocrx_word' id='word_1_435' title='bbox 1712 2070 1866 2103; x_wconf 82' lang='lat' dir='ltr'>videbatur,</span> <span class='ocrx_word' id='word_1_436' title='bbox 1886 2074 1913 2096; x_wconf 89' lang='lat' dir='ltr'>et</span> <span class='ocrx_word' id='word_1_437' title='bbox 1931 2062 2002 2096; x_wconf 81' lang='lat' dir='ltr'>intei·</span> <span class='ocrx_word' id='word_1_438' title='bbox 2018 2071 2088 2094; x_wconf 81' lang='lat' dir='ltr'>cete-</span> 
     </span>
     <span class='ocr_line' id='line_1_38' title="bbox 409 2110 2087 2151; baseline -0.002 -10"><span class='ocrx_word' id='word_1_439' title='bbox 409 2123 453 2141; x_wconf 89' lang='lat' dir='ltr'>ros</span> <span class='ocrx_word' id='word_1_440' title='bbox 473 2116 593 2150; x_wconf 89' lang='lat' dir='ltr'>optimus</span> <span class='ocrx_word' id='word_1_441' title='bbox 615 2115 749 2142; x_wconf 87' lang='lat' dir='ltr'>iudicatus</span> <span class='ocrx_word' id='word_1_442' title='bbox 771 2115 831 2142; x_wconf 80' lang='lat' dir='ltr'>fuit.</span> <span class='ocrx_word' id='word_1_443' title='bbox 853 2126 866 2137; x_wconf 67' lang='lat' dir='ltr'>n</span> <span class='ocrx_word' id='word_1_444' title='bbox 887 2116 1030 2150; x_wconf 80' lang='lat' dir='ltr'>Ceteroqui</span> <span class='ocrx_word' id='word_1_445' title='bbox 1056 2116 1242 2151; x_wconf 71' lang='lat' dir='ltr'>Hieronymus</span> <span class='ocrx_word' id='word_1_446' title='bbox 1267 2116 1340 2142; x_wconf 89' lang='lat' dir='ltr'>hunc</span> <span class='ocrx_word' id='word_1_447' title='bbox 1363 2124 1417 2142; x_wconf 90' lang='lat' dir='ltr'>non</span> <span class='ocrx_word' id='word_1_448' title='bbox 1438 2116 1521 2149; x_wconf 72' lang='lat' dir='ltr'>vidit,</span> <span class='ocrx_word' id='word_1_449' title='bbox 1543 2124 1631 2151; x_wconf 89' lang='lat' dir='ltr'>neque</span> <span class='ocrx_word' id='word_1_450' title='bbox 1650 2116 1723 2142; x_wconf 88' lang='lat' dir='ltr'>enim</span> <span class='ocrx_word' id='word_1_451' title='bbox 1747 2115 1936 2142; x_wconf 79' lang='lat' dir='ltr'>auctoritatem</span> <span class='ocrx_word' id='word_1_452' title='bbox 1957 2113 2015 2140; x_wconf 83' lang='lat' dir='ltr'>elus</span> <span class='ocrx_word' id='word_1_453' title='bbox 2035 2110 2087 2138; x_wconf 88' lang='grc'><strong>1100</strong></span> 
     </span>
     <span class='ocr_line' id='line_1_39' title="bbox 408 2156 2087 2196; baseline -0.002 -10"><span class='ocrx_word' id='word_1_454' title='bbox 408 2159 468 2186; x_wconf 82' lang='grc'><strong>1000</strong></span> <span class='ocrx_word' id='word_1_455' title='bbox 485 2160 654 2194; x_wconf 62' lang='grc'><strong>110010115501.</strong></span> <span class='ocrx_word' id='word_1_456' title='bbox 676 2159 784 2186; x_wconf 84' lang='lat' dir='ltr'>Codicis</span> <span class='ocrx_word' id='word_1_457' title='bbox 805 2160 920 2186; x_wconf 74' lang='lat' dir='ltr'>vaticani</span> <span class='ocrx_word' id='word_1_458' title='bbox 940 2160 1055 2194; x_wconf 86' lang='lat' dir='ltr'>patriam</span> <span class='ocrx_word' id='word_1_459' title='bbox 1074 2160 1115 2187; x_wconf 69' lang='lat' dir='ltr'>rel</span> <span class='ocrx_word' id='word_1_460' title='bbox 1133 2161 1267 2187; x_wconf 61' lang='lat' dir='ltr'>ori-,tinem</span> <span class='ocrx_word' id='word_1_461' title='bbox 1285 2160 1411 2187; x_wconf 86' lang='lat' dir='ltr'>nondum</span> <span class='ocrx_word' id='word_1_462' title='bbox 1429 2168 1479 2195; x_wconf 59' lang='lat' dir='ltr'>ego</span> <span class='ocrx_word' id='word_1_463' title='bbox 1498 2161 1624 2196; x_wconf 75' lang='lat' dir='ltr'>cognovi3</span> <span class='ocrx_word' id='word_1_464' title='bbox 1644 2160 1690 2187; x_wconf 88' lang='lat' dir='ltr'>sed</span> <span class='ocrx_word' id='word_1_465' title='bbox 1708 2165 1779 2187; x_wconf 84' lang='lat' dir='ltr'>certe</span> <span class='ocrx_word' id='word_1_466' title='bbox 1793 2159 1927 2193; x_wconf 80' lang='lat' dir='ltr'>Georgius</span> <span class='ocrx_word' id='word_1_467' title='bbox 1943 2156 2087 2194; x_wconf 70' lang='lat' dir='ltr'>Syncellus</span> 
     </span>
     <span class='ocr_line' id='line_1_40' title="bbox 409 2201 2086 2241; baseline -0.002 -10"><span class='ocrx_word' id='word_1_468' title='bbox 409 2205 436 2231; x_wconf 92' lang='lat' dir='ltr'>in</span> <span class='ocrx_word' id='word_1_469' title='bbox 458 2204 552 2232; x_wconf 89' lang='lat' dir='ltr'>chron.</span> <span class='ocrx_word' id='word_1_470' title='bbox 574 2204 616 2231; x_wconf 90' lang='lat' dir='ltr'>ed.</span> <span class='ocrx_word' id='word_1_471' title='bbox 638 2205 719 2239; x_wconf 82' lang='lat' dir='ltr'>paris.</span> <span class='ocrx_word' id='word_1_472' title='bbox 741 2213 766 2239; x_wconf 88' lang='lat' dir='ltr'>p.</span> <span class='ocrx_word' id='word_1_473' title='bbox 788 2208 848 2231; x_wconf 78' lang='grc'><strong>203.</strong></span> <span class='ocrx_word' id='word_1_474' title='bbox 872 2209 1054 2239; x_wconf 78' lang='lat' dir='ltr'>pervetustum</span> <span class='ocrx_word' id='word_1_475' title='bbox 1079 2205 1227 2240; x_wconf 75' lang='lat' dir='ltr'>quemdam</span> <span class='ocrx_word' id='word_1_476' title='bbox 1252 2210 1384 2233; x_wconf 84' lang='lat' dir='ltr'>memorat</span> <span class='ocrx_word' id='word_1_477' title='bbox 1409 2206 1531 2233; x_wconf 82' lang='lat' dir='ltr'>codicem</span> <span class='ocrx_word' id='word_1_478' title='bbox 1553 2205 1852 2241; x_wconf 65' lang='lat' dir='ltr'>septuagintaviralem,</span> <span class='ocrx_word' id='word_1_479' title='bbox 1871 2212 1902 2231; x_wconf 89' lang='lat' dir='ltr'>ex</span> <span class='ocrx_word' id='word_1_480' title='bbox 1925 2201 2086 2230; x_wconf 84' lang='lat' dir='ltr'>caesariensi</span> 
     </span>
     <span class='ocr_line' id='line_1_41' title="bbox 408 2245 2085 2285; baseline -0.001 -11"><span class='ocrx_word' id='word_1_481' title='bbox 408 2248 594 2283; x_wconf 82' lang='lat' dir='ltr'>Cappadociae</span> <span class='ocrx_word' id='word_1_482' title='bbox 611 2248 775 2275; x_wconf 83' lang='lat' dir='ltr'>bibliotheca</span> <span class='ocrx_word' id='word_1_483' title='bbox 793 2257 806 2275; x_wconf 92' lang='lat' dir='ltr'>a</span> <span class='ocrx_word' id='word_1_484' title='bbox 827 2257 854 2275; x_wconf 85' lang='lat' dir='ltr'>se</span> <span class='ocrx_word' id='word_1_485' title='bbox 871 2253 1027 2284; x_wconf 74' lang='lat' dir='ltr'>acceptum,</span> <span class='ocrx_word' id='word_1_486' title='bbox 1044 2250 1090 2283; x_wconf 89' lang='lat' dir='ltr'>qui</span> <span class='ocrx_word' id='word_1_487' title='bbox 1109 2257 1138 2275; x_wconf 90' lang='lat' dir='ltr'>ex</span> <span class='ocrx_word' id='word_1_488' title='bbox 1157 2250 1312 2284; x_wconf 85' lang='lat' dir='ltr'>antiquiore</span> <span class='ocrx_word' id='word_1_489' title='bbox 1329 2249 1420 2277; x_wconf 86' lang='lat' dir='ltr'>adhuc</span> <span class='ocrx_word' id='word_1_490' title='bbox 1435 2249 1587 2285; x_wconf 89' lang='lat' dir='ltr'>descriptus</span> <span class='ocrx_word' id='word_1_491' title='bbox 1601 2250 1690 2277; x_wconf 85' lang='lat' dir='ltr'>fuerat</span> <span class='ocrx_word' id='word_1_492' title='bbox 1701 2249 1807 2282; x_wconf 83' lang='lat' dir='ltr'>codice,</span> <span class='ocrx_word' id='word_1_493' title='bbox 1822 2248 1877 2276; x_wconf 70' lang='lat' dir='ltr'>din·</span> <span class='ocrx_word' id='word_1_494' title='bbox 1890 2245 1985 2274; x_wconf 86' lang='lat' dir='ltr'>Basilii</span> <span class='ocrx_word' id='word_1_495' title='bbox 2002 2253 2085 2272; x_wconf 86' lang='lat' dir='ltr'>manu</span> 
     </span>
    </p>
   </div>
   <div class='ocr_carea' id='block_1_8' title="bbox 376 2289 2085 2329">
    <p class='ocr_par' dir='ltr' id='par_1_14' title="bbox 376 2289 2085 2329">
     <span class='ocr_line' id='line_1_42' title="bbox 376 2289 2085 2329; baseline -0.001 -11"><span class='ocrx_word' id='word_1_496' title='bbox 376 2325 378 2327; x_wconf 21' lang='grc' dir='ltr'><strong><em>ι</em></strong></span> <span class='ocrx_word' id='word_1_497' title='bbox 408 2292 561 2319; x_wconf 87' lang='lat' dir='ltr'>emendato.</span> <span class='ocrx_word' id='word_1_498' title='bbox 583 2294 626 2318; x_wconf 78' lang='lat' dir='ltr'>Me.</span> <span class='ocrx_word' id='word_1_499' title='bbox 646 2293 735 2319; x_wconf 82' lang='lat' dir='ltr'>hercle</span> <span class='ocrx_word' id='word_1_500' title='bbox 755 2294 870 2319; x_wconf 82' lang='lat' dir='ltr'>maxime</span> <span class='ocrx_word' id='word_1_501' title='bbox 892 2298 1042 2328; x_wconf 75' lang='lat' dir='ltr'>permovet,</span> <span class='ocrx_word' id='word_1_502' title='bbox 1064 2292 1136 2327; x_wconf 87' lang='lat' dir='ltr'>quod</span> <span class='ocrx_word' id='word_1_503' title='bbox 1159 2293 1186 2319; x_wconf 93' lang='lat' dir='ltr'>hi</span> <span class='ocrx_word' id='word_1_504' title='bbox 1207 2293 1332 2320; x_wconf 75' lang='lat' dir='ltr'>versiculi</span> <span class='ocrx_word' id='word_1_505' title='bbox 1354 2294 1382 2320; x_wconf 91' lang='grc'>111</span> <span class='ocrx_word' id='word_1_506' title='bbox 1402 2298 1456 2320; x_wconf 84' lang='grc'><strong>13111</strong></span> <span class='ocrx_word' id='word_1_507' title='bbox 1480 2294 1582 2328; x_wconf 76' lang='lat' dir='ltr'>insigni</span> <span class='ocrx_word' id='word_1_508' title='bbox 1602 2298 1684 2329; x_wconf 88' lang='lat' dir='ltr'>atque</span> <span class='ocrx_word' id='word_1_509' title='bbox 1705 2291 1912 2327; x_wconf 85' lang='lat' dir='ltr'>incomparabili</span> <span class='ocrx_word' id='word_1_510' title='bbox 1931 2289 2024 2318; x_wconf 75' lang='lat' dir='ltr'>codice</span> <span class='ocrx_word' id='word_1_511' title='bbox 2044 2296 2085 2316; x_wconf 88' lang='lat' dir='ltr'>re-</span> 
     </span>
    </p>
   </div>
   <div class='ocr_carea' id='block_1_9' title="bbox 405 2333 2088 2899">
    <p class='ocr_par' dir='ltr' id='par_1_15' title="bbox 405 2333 2088 2899">
     <span class='ocr_line' id='line_1_43' title="bbox 408 2333 2084 2372; baseline -0.002 -10"><span class='ocrx_word' id='word_1_512' title='bbox 408 2336 540 2368; x_wconf 82' lang='lat' dir='ltr'>citentur,</span> <span class='ocrx_word' id='word_1_513' title='bbox 557 2340 583 2363; x_wconf 87' lang='lat' dir='ltr'>et</span> <span class='ocrx_word' id='word_1_514' title='bbox 601 2336 674 2371; x_wconf 87' lang='lat' dir='ltr'>quod</span> <span class='ocrx_word' id='word_1_515' title='bbox 694 2340 806 2363; x_wconf 82' lang='lat' dir='ltr'>testetur</span> <span class='ocrx_word' id='word_1_516' title='bbox 821 2337 1021 2372; x_wconf 71' lang='lat' dir='ltr'>Hieronymus,</span> <span class='ocrx_word' id='word_1_517' title='bbox 1036 2340 1068 2364; x_wconf 92' lang='lat' dir='ltr'>ut</span> <span class='ocrx_word' id='word_1_518' title='bbox 1089 2337 1143 2363; x_wconf 91' lang='lat' dir='ltr'>iam</span> <span class='ocrx_word' id='word_1_519' title='bbox 1162 2336 1233 2369; x_wconf 84' lang='lat' dir='ltr'>dixi,</span> <span class='ocrx_word' id='word_1_520' title='bbox 1249 2345 1294 2364; x_wconf 89' lang='lat' dir='ltr'>eos</span> <span class='ocrx_word' id='word_1_521' title='bbox 1314 2346 1329 2364; x_wconf 90' lang='lat' dir='ltr'>a</span> <span class='ocrx_word' id='word_1_522' title='bbox 1348 2337 1506 2364; x_wconf 86' lang='lat' dir='ltr'>christianis</span> <span class='ocrx_word' id='word_1_523' title='bbox 1525 2337 1647 2365; x_wconf 87' lang='lat' dir='ltr'>ecclesiis</span> <span class='ocrx_word' id='word_1_524' title='bbox 1665 2337 1694 2364; x_wconf 89' lang='lat' dir='ltr'>in</span> <span class='ocrx_word' id='word_1_525' title='bbox 1713 2336 1840 2372; x_wconf 87' lang='lat' dir='ltr'>psalterio</span> <span class='ocrx_word' id='word_1_526' title='bbox 1859 2334 1961 2362; x_wconf 88' lang='lat' dir='ltr'>cantari</span> <span class='ocrx_word' id='word_1_527' title='bbox 1981 2333 2084 2360; x_wconf 89' lang='lat' dir='ltr'>solitos.</span> 
     </span>
     <span class='ocr_line' id='line_1_44' title="bbox 407 2377 2084 2416; baseline -0.002 -10"><span class='ocrx_word' id='word_1_528' title='bbox 407 2380 561 2412; x_wconf 84' lang='lat' dir='ltr'>Postremo,</span> <span class='ocrx_word' id='word_1_529' title='bbox 582 2385 613 2407; x_wconf 88' lang='lat' dir='ltr'>ut</span> <span class='ocrx_word' id='word_1_530' title='bbox 631 2381 684 2407; x_wconf 89' lang='lat' dir='ltr'>alia</span> <span class='ocrx_word' id='word_1_531' title='bbox 704 2381 808 2416; x_wconf 82' lang='lat' dir='ltr'>aliquot</span> <span class='ocrx_word' id='word_1_532' title='bbox 828 2381 983 2408; x_wconf 87' lang='lat' dir='ltr'>testimonia</span> <span class='ocrx_word' id='word_1_533' title='bbox 1007 2380 1123 2413; x_wconf 85' lang='lat' dir='ltr'>addam,</span> <span class='ocrx_word' id='word_1_534' title='bbox 1144 2381 1225 2408; x_wconf 85' lang='lat' dir='ltr'>habet</span> <span class='ocrx_word' id='word_1_535' title='bbox 1246 2382 1295 2408; x_wconf 91' lang='lat' dir='ltr'>hos</span> <span class='ocrx_word' id='word_1_536' title='bbox 1314 2381 1461 2408; x_wconf 88' lang='lat' dir='ltr'>versiculos</span> <span class='ocrx_word' id='word_1_537' title='bbox 1474 2381 1566 2408; x_wconf 51' lang='lat' dir='ltr'>scodex</span> <span class='ocrx_word' id='word_1_538' title='bbox 1588 2382 1669 2409; x_wconf 88' lang='lat' dir='ltr'>etiam</span> <span class='ocrx_word' id='word_1_539' title='bbox 1689 2385 1812 2416; x_wconf 86' lang='lat' dir='ltr'>pervetus</span> <span class='ocrx_word' id='word_1_540' title='bbox 1834 2380 1956 2416; x_wconf 82' lang='lat' dir='ltr'>syriacus</span> <span class='ocrx_word' id='word_1_541' title='bbox 1976 2377 2084 2404; x_wconf 91' lang='lat' dir='ltr'>ambro-</span> 
     </span>
     <span class='ocr_line' id='line_1_45' title="bbox 407 2420 2088 2460; baseline -0.002 -10"><span class='ocrx_word' id='word_1_542' title='bbox 407 2423 516 2457; x_wconf 85' lang='lat' dir='ltr'>sianus,</span> <span class='ocrx_word' id='word_1_543' title='bbox 532 2432 612 2459; x_wconf 89' lang='lat' dir='ltr'>quem</span> <span class='ocrx_word' id='word_1_544' title='bbox 630 2425 694 2451; x_wconf 89' lang='lat' dir='ltr'>item</span> <span class='ocrx_word' id='word_1_545' title='bbox 716 2425 782 2451; x_wconf 88' lang='lat' dir='ltr'>meis</span> <span class='ocrx_word' id='word_1_546' title='bbox 798 2424 887 2451; x_wconf 89' lang='lat' dir='ltr'>oculis</span> <span class='ocrx_word' id='word_1_547' title='bbox 906 2424 974 2456; x_wconf 74' lang='lat' dir='ltr'>vidi,</span> <span class='ocrx_word' id='word_1_548' title='bbox 991 2432 1127 2459; x_wconf 82' lang='lat' dir='ltr'>quemque</span> <span class='ocrx_word' id='word_1_549' title='bbox 1148 2424 1259 2451; x_wconf 87' lang='lat' dir='ltr'>demum</span> <span class='ocrx_word' id='word_1_550' title='bbox 1277 2434 1300 2451; x_wconf 81' lang='lat' dir='ltr'>v.</span> <span class='ocrx_word' id='word_1_551' title='bbox 1318 2425 1352 2451; x_wconf 89' lang='grc'>01.</span> <span class='ocrx_word' id='word_1_552' title='bbox 1371 2426 1502 2460; x_wconf 76' lang='lat' dir='ltr'>Bugatius</span> <span class='ocrx_word' id='word_1_553' title='bbox 1521 2425 1616 2453; x_wconf 84' lang='lat' dir='ltr'>edidit.</span> <span class='ocrx_word' id='word_1_554' title='bbox 1639 2426 1749 2453; x_wconf 83' lang='lat' dir='ltr'>Habent</span> <span class='ocrx_word' id='word_1_555' title='bbox 1764 2425 1891 2460; x_wconf 67' lang='lat' dir='ltr'>mlgatus</span> <span class='ocrx_word' id='word_1_556' title='bbox 1910 2422 1975 2454; x_wconf 87' lang='lat' dir='ltr'>lat.,</span> <span class='ocrx_word' id='word_1_557' title='bbox 1990 2420 2088 2451; x_wconf 50' lang='grc'><strong>3131154</strong></span> 
     </span>
     <span class='ocr_line' id='line_1_46' title="bbox 408 2467 2084 2504; baseline -0.001 -11"><span class='ocrx_word' id='word_1_558' title='bbox 408 2472 432 2493; x_wconf 89' lang='lat' dir='ltr'>et</span> <span class='ocrx_word' id='word_1_559' title='bbox 453 2468 588 2503; x_wconf 86' lang='lat' dir='ltr'>aethiops,</span> <span class='ocrx_word' id='word_1_560' title='bbox 611 2473 716 2503; x_wconf 86' lang='lat' dir='ltr'>praeter</span> <span class='ocrx_word' id='word_1_561' title='bbox 733 2473 843 2496; x_wconf 85' lang='lat' dir='ltr'>catenas</span> <span class='ocrx_word' id='word_1_562' title='bbox 859 2469 1011 2501; x_wconf 75' lang='lat' dir='ltr'>vaticanas,</span> <span class='ocrx_word' id='word_1_563' title='bbox 1032 2477 1100 2503; x_wconf 86' lang='lat' dir='ltr'>quas</span> <span class='ocrx_word' id='word_1_564' title='bbox 1119 2476 1200 2503; x_wconf 84' lang='lat' dir='ltr'>supra</span> <span class='ocrx_word' id='word_1_565' title='bbox 1219 2469 1367 2503; x_wconf 69' lang='lat' dir='ltr'>appellavi3</span> <span class='ocrx_word' id='word_1_566' title='bbox 1387 2477 1450 2496; x_wconf 90' lang='lat' dir='ltr'>nam</span> <span class='ocrx_word' id='word_1_567' title='bbox 1471 2470 1618 2504; x_wconf 87' lang='lat' dir='ltr'>quominus</span> <span class='ocrx_word' id='word_1_568' title='bbox 1637 2470 1822 2496; x_wconf 71' lang='lat' dir='ltr'>vaticanomm</span> <span class='ocrx_word' id='word_1_569' title='bbox 1842 2467 1967 2495; x_wconf 70' lang='lat' dir='ltr'>codicum</span> <span class='ocrx_word' id='word_1_570' title='bbox 1985 2471 2084 2499; x_wconf 85' lang='lat' dir='ltr'>conge-</span> 
     </span>
     <span class='ocr_line' id='line_1_47' title="bbox 408 2509 2086 2550; baseline -0.001 -13"><span class='ocrx_word' id='word_1_571' title='bbox 408 2512 474 2538; x_wconf 87' lang='lat' dir='ltr'>riem</span> <span class='ocrx_word' id='word_1_572' title='bbox 496 2513 524 2538; x_wconf 89' lang='lat' dir='ltr'>in</span> <span class='ocrx_word' id='word_1_573' title='bbox 547 2514 685 2547; x_wconf 78' lang='lat' dir='ltr'>praesenti</span> <span class='ocrx_word' id='word_1_574' title='bbox 702 2517 821 2544; x_wconf 84' lang='lat' dir='ltr'>scruter,</span> <span class='ocrx_word' id='word_1_575' title='bbox 842 2517 962 2547; x_wconf 84' lang='lat' dir='ltr'>tempore</span> <span class='ocrx_word' id='word_1_576' title='bbox 986 2512 1140 2547; x_wconf 86' lang='lat' dir='ltr'>prohibeor.</span> <span class='ocrx_word' id='word_1_577' title='bbox 1163 2513 1338 2547; x_wconf 62' lang='lat' dir='ltr'>Leaebantur</span> <span class='ocrx_word' id='word_1_578' title='bbox 1359 2514 1388 2539; x_wconf 91' lang='lat' dir='ltr'>in</span> <span class='ocrx_word' id='word_1_579' title='bbox 1412 2514 1516 2548; x_wconf 90' lang='lat' dir='ltr'>psalmo</span> <span class='ocrx_word' id='word_1_580' title='bbox 1538 2514 1566 2540; x_wconf 81' lang='lat' dir='ltr'>hi</span> <span class='ocrx_word' id='word_1_581' title='bbox 1589 2514 1712 2541; x_wconf 77' lang='lat' dir='ltr'>versiculi</span> <span class='ocrx_word' id='word_1_582' title='bbox 1734 2521 1750 2540; x_wconf 91' lang='lat' dir='ltr'>a</span> <span class='ocrx_word' id='word_1_583' title='bbox 1773 2512 1877 2548; x_wconf 79' lang='lat' dir='ltr'>graecis</span> <span class='ocrx_word' id='word_1_584' title='bbox 1897 2509 2034 2550; x_wconf 75' lang='lat' dir='ltr'>patribus,</span> <span class='ocrx_word' id='word_1_585' title='bbox 2053 2512 2086 2535; x_wconf 92' lang='lat' dir='ltr'>ut</span> 
     </span>
     <span class='ocr_line' id='line_1_48' title="bbox 407 2551 2083 2592; baseline -0.001 -12"><span class='ocrx_word' id='word_1_586' title='bbox 407 2563 488 2590; x_wconf 84' lang='lat' dir='ltr'>supra</span> <span class='ocrx_word' id='word_1_587' title='bbox 507 2556 639 2590; x_wconf 77' lang='lat' dir='ltr'>dixImus,</span> <span class='ocrx_word' id='word_1_588' title='bbox 656 2557 790 2589; x_wconf 84' lang='lat' dir='ltr'>Diodoro,</span> <span class='ocrx_word' id='word_1_589' title='bbox 804 2556 962 2590; x_wconf 77' lang='lat' dir='ltr'>Theodoro,</span> <span class='ocrx_word' id='word_1_590' title='bbox 978 2557 1080 2592; x_wconf 72' lang='lat' dir='ltr'>cyrillo</span> <span class='ocrx_word' id='word_1_591' title='bbox 1097 2562 1206 2590; x_wconf 77' lang='lat' dir='ltr'>nostro,</span> <span class='ocrx_word' id='word_1_592' title='bbox 1221 2551 1251 2583; x_wconf 84' lang='lat' dir='ltr'>ac</span> <span class='ocrx_word' id='word_1_593' title='bbox 1268 2557 1402 2592; x_wconf 71' lang='lat' dir='ltr'>Didyn103</span> <span class='ocrx_word' id='word_1_594' title='bbox 1420 2558 1520 2592; x_wconf 90' lang='lat' dir='ltr'>quibus</span> <span class='ocrx_word' id='word_1_595' title='bbox 1537 2557 1607 2585; x_wconf 88' lang='lat' dir='ltr'>addo</span> <span class='ocrx_word' id='word_1_596' title='bbox 1626 2558 1737 2585; x_wconf 82' lang='lat' dir='ltr'>tertium</span> <span class='ocrx_word' id='word_1_597' title='bbox 1755 2561 1858 2592; x_wconf 88' lang='lat' dir='ltr'>patrem</span> <span class='ocrx_word' id='word_1_598' title='bbox 1875 2553 2083 2582; x_wconf 85' lang='lat' dir='ltr'>alexandrinum</span> 
     </span>
     <span class='ocr_line' id='line_1_49' title="bbox 409 2596 2082 2637; baseline -0.001 -13"><span class='ocrx_word' id='word_1_599' title='bbox 409 2599 605 2631; x_wconf 72' lang='lat' dir='ltr'>Athanasium,</span> <span class='ocrx_word' id='word_1_600' title='bbox 626 2609 656 2627; x_wconf 88' lang='lat' dir='ltr'>ex</span> <span class='ocrx_word' id='word_1_601' title='bbox 677 2602 735 2627; x_wconf 88' lang='lat' dir='ltr'>eius</span> <span class='ocrx_word' id='word_1_602' title='bbox 754 2601 782 2627; x_wconf 90' lang='lat' dir='ltr'>in</span> <span class='ocrx_word' id='word_1_603' title='bbox 805 2601 924 2636; x_wconf 87' lang='lat' dir='ltr'>psalmos</span> <span class='ocrx_word' id='word_1_604' title='bbox 948 2600 1108 2635; x_wconf 73' lang='lat' dir='ltr'>fragmentis</span> <span class='ocrx_word' id='word_1_605' title='bbox 1130 2609 1144 2627; x_wconf 92' lang='grc'><strong>3</strong></span> <span class='ocrx_word' id='word_1_606' title='bbox 1170 2600 1374 2629; x_wconf 70' lang='lat' dir='ltr'>montfauconio</span> <span class='ocrx_word' id='word_1_607' title='bbox 1396 2602 1521 2635; x_wconf 74' lang='lat' dir='ltr'>vulgatis.</span> <span class='ocrx_word' id='word_1_608' title='bbox 1542 2602 1730 2637; x_wconf 77' lang='lat' dir='ltr'>Legebantur,</span> <span class='ocrx_word' id='word_1_609' title='bbox 1752 2601 1910 2628; x_wconf 76' lang='lat' dir='ltr'>observante</span> <span class='ocrx_word' id='word_1_610' title='bbox 1929 2596 2082 2627; x_wconf 84' lang='lat' dir='ltr'>Sabaterio,</span> 
     </span>
     <span class='ocr_line' id='line_1_50' title="bbox 409 2639 2081 2680; baseline -0.001 -13"><span class='ocrx_word' id='word_1_611' title='bbox 409 2642 490 2668; x_wconf 84' lang='lat' dir='ltr'>iidem</span> <span class='ocrx_word' id='word_1_612' title='bbox 509 2644 631 2670; x_wconf 68' lang='lat' dir='ltr'>versiculi</span> <span class='ocrx_word' id='word_1_613' title='bbox 651 2653 665 2671; x_wconf 89' lang='lat' dir='ltr'>a</span> <span class='ocrx_word' id='word_1_614' title='bbox 686 2645 805 2677; x_wconf 82' lang='lat' dir='ltr'>tustino,</span> <span class='ocrx_word' id='word_1_615' title='bbox 825 2648 851 2671; x_wconf 88' lang='lat' dir='ltr'>et</span> <span class='ocrx_word' id='word_1_616' title='bbox 868 2653 882 2671; x_wconf 88' lang='grc'><strong>3</strong></span> <span class='ocrx_word' id='word_1_617' title='bbox 902 2644 995 2671; x_wconf 86' lang='grc'><strong>13111115</strong></span> <span class='ocrx_word' id='word_1_618' title='bbox 1014 2643 1136 2679; x_wconf 88' lang='lat' dir='ltr'>patribus</span> <span class='ocrx_word' id='word_1_619' title='bbox 1154 2644 1313 2678; x_wconf 75' lang='lat' dir='ltr'>Ambrosio,</span> <span class='ocrx_word' id='word_1_620' title='bbox 1334 2647 1504 2678; x_wconf 59' lang='lat' dir='ltr'>Augustino,</span> <span class='ocrx_word' id='word_1_621' title='bbox 1525 2645 1699 2678; x_wconf 84' lang='lat' dir='ltr'>Cassiodoro,</span> <span class='ocrx_word' id='word_1_622' title='bbox 1719 2645 1832 2680; x_wconf 78' lang='lat' dir='ltr'>Optam,</span> <span class='ocrx_word' id='word_1_623' title='bbox 1847 2643 1894 2678; x_wconf 89' lang='lat' dir='ltr'>qui</span> <span class='ocrx_word' id='word_1_624' title='bbox 1908 2648 2003 2669; x_wconf 87' lang='lat' dir='ltr'>omnes</span> <span class='ocrx_word' id='word_1_625' title='bbox 2015 2639 2081 2666; x_wconf 85' lang='lat' dir='ltr'>itala</span> 
     </span>
     <span class='ocr_line' id='line_1_51' title="bbox 408 2682 2082 2723; baseline 0 -13"><span class='ocrx_word' id='word_1_626' title='bbox 408 2689 494 2711; x_wconf 71' lang='lat' dir='ltr'>vetere.</span> <span class='ocrx_word' id='word_1_627' title='bbox 515 2695 544 2712; x_wconf 74' lang='lat' dir='ltr'>ex</span> <span class='ocrx_word' id='word_1_628' title='bbox 568 2695 663 2721; x_wconf 68' lang='lat' dir='ltr'>graeco</span> <span class='ocrx_word' id='word_1_629' title='bbox 682 2688 802 2715; x_wconf 84' lang='lat' dir='ltr'>derivata</span> <span class='ocrx_word' id='word_1_630' title='bbox 825 2688 984 2715; x_wconf 88' lang='lat' dir='ltr'>utebantur.</span> <span class='ocrx_word' id='word_1_631' title='bbox 1007 2688 1130 2723; x_wconf 86' lang='lat' dir='ltr'>Denique</span> <span class='ocrx_word' id='word_1_632' title='bbox 1155 2688 1222 2715; x_wconf 90' lang='lat' dir='ltr'>mihi</span> <span class='ocrx_word' id='word_1_633' title='bbox 1247 2687 1354 2715; x_wconf 66' lang='lat' dir='ltr'>videtur</span> <span class='ocrx_word' id='word_1_634' title='bbox 1379 2689 1552 2723; x_wconf 76' lang='lat' dir='ltr'>credibilius,</span> <span class='ocrx_word' id='word_1_635' title='bbox 1572 2689 1668 2716; x_wconf 85' lang='lat' dir='ltr'>divum</span> <span class='ocrx_word' id='word_1_636' title='bbox 1692 2689 1809 2716; x_wconf 89' lang='lat' dir='ltr'>Paulum</span> <span class='ocrx_word' id='word_1_637' title='bbox 1834 2695 1865 2715; x_wconf 83' lang='lat' dir='ltr'>ex</span> <span class='ocrx_word' id='word_1_638' title='bbox 1888 2686 1968 2722; x_wconf 89' lang='lat' dir='ltr'>pleno</span> <span class='ocrx_word' id='word_1_639' title='bbox 1990 2682 2082 2717; x_wconf 83' lang='lat' dir='ltr'>atiquo</span> 
     </span>
     <span class='ocr_line' id='line_1_52' title="bbox 408 2726 2067 2768; baseline 0.002 -14"><span class='ocrx_word' id='word_1_640' title='bbox 408 2729 527 2761; x_wconf 88' lang='lat' dir='ltr'>psalterii</span> <span class='ocrx_word' id='word_1_641' title='bbox 547 2731 652 2763; x_wconf 77' lang='lat' dir='ltr'>codice,</span> <span class='ocrx_word' id='word_1_642' title='bbox 673 2733 761 2766; x_wconf 84' lang='lat' dir='ltr'>qualis</span> <span class='ocrx_word' id='word_1_643' title='bbox 779 2737 819 2759; x_wconf 88' lang='lat' dir='ltr'>est</span> <span class='ocrx_word' id='word_1_644' title='bbox 839 2733 993 2765; x_wconf 87' lang='lat' dir='ltr'>vaticanus,</span> <span class='ocrx_word' id='word_1_645' title='bbox 1015 2733 1064 2759; x_wconf 90' lang='lat' dir='ltr'>hos</span> <span class='ocrx_word' id='word_1_646' title='bbox 1082 2732 1229 2759; x_wconf 68' lang='lat' dir='ltr'>versiculos</span> <span class='ocrx_word' id='word_1_647' title='bbox 1247 2732 1368 2766; x_wconf 87' lang='lat' dir='ltr'>expedite</span> <span class='ocrx_word' id='word_1_648' title='bbox 1388 2734 1526 2768; x_wconf 82' lang='lat' dir='ltr'>recitasse,</span> <span class='ocrx_word' id='word_1_649' title='bbox 1546 2742 1627 2768; x_wconf 91' lang='lat' dir='ltr'>quam</span> <span class='ocrx_word' id='word_1_650' title='bbox 1647 2733 1779 2760; x_wconf 76' lang='lat' dir='ltr'>laboriose</span> <span class='ocrx_word' id='word_1_651' title='bbox 1797 2737 1828 2759; x_wconf 83' lang='lat' dir='ltr'>ex</span> <span class='ocrx_word' id='word_1_652' title='bbox 1846 2731 1949 2766; x_wconf 89' lang='lat' dir='ltr'>quinti,</span> <span class='ocrx_word' id='word_1_653' title='bbox 1967 2726 2067 2758; x_wconf 62' lang='lat' dir='ltr'>octavia</span> 
     </span>
     <span class='ocr_line' id='line_1_53' title="bbox 409 2772 2079 2812; baseline 0.001 -14"><span class='ocrx_word' id='word_1_654' title='bbox 409 2772 490 2800; x_wconf 79' lang='lat' dir='ltr'>noni.</span> <span class='ocrx_word' id='word_1_655' title='bbox 511 2774 694 2809; x_wconf 62' lang='lat' dir='ltr'>tricesimique</span> <span class='ocrx_word' id='word_1_656' title='bbox 713 2777 802 2810; x_wconf 76' lang='lat' dir='ltr'>‘quinti</span> <span class='ocrx_word' id='word_1_657' title='bbox 823 2784 853 2803; x_wconf 91' lang='grc'>30</span> <span class='ocrx_word' id='word_1_658' title='bbox 873 2778 938 2803; x_wconf 84' lang='grc'><strong>110111</strong></span> <span class='ocrx_word' id='word_1_659' title='bbox 959 2777 1126 2811; x_wconf 84' lang='lat' dir='ltr'>psalmorum</span> <span class='ocrx_word' id='word_1_660' title='bbox 1146 2776 1302 2811; x_wconf 86' lang='lat' dir='ltr'>particulis,</span> <span class='ocrx_word' id='word_1_661' title='bbox 1324 2781 1513 2812; x_wconf 84' lang='lat' dir='ltr'>postremoque</span> <span class='ocrx_word' id='word_1_662' title='bbox 1531 2785 1562 2804; x_wconf 89' lang='lat' dir='ltr'>ex</span> <span class='ocrx_word' id='word_1_663' title='bbox 1582 2777 1651 2804; x_wconf 84' lang='lat' dir='ltr'>lsaia</span> <span class='ocrx_word' id='word_1_664' title='bbox 1670 2785 1728 2812; x_wconf 88' lang='lat' dir='ltr'>cap.</span> <span class='ocrx_word' id='word_1_665' title='bbox 1750 2778 1824 2803; x_wconf 83' lang='lat' dir='ltr'><strong>LIX.</strong></span> <span class='ocrx_word' id='word_1_666' title='bbox 1845 2780 1887 2807; x_wconf 87' lang='lat'>7.,</span> <span class='ocrx_word' id='word_1_667' title='bbox 1907 2773 2079 2801; x_wconf 81' lang='lat' dir='ltr'>consarcina-</span> 
     </span>
     <span class='ocr_line' id='line_1_54' title="bbox 408 2816 2085 2857; baseline 0.002 -17"><span class='ocrx_word' id='word_1_668' title='bbox 408 2816 486 2853; x_wconf 66' lang='lat' dir='ltr'>visse.</span> <span class='ocrx_word' id='word_1_669' title='bbox 508 2816 564 2842; x_wconf 80' lang='lat' dir='ltr'>Stat</span> <span class='ocrx_word' id='word_1_670' title='bbox 586 2825 649 2851; x_wconf 72' lang='lat' dir='ltr'>ergo</span> <span class='ocrx_word' id='word_1_671' title='bbox 670 2827 717 2846; x_wconf 87' lang='lat' dir='ltr'>sua</span> <span class='ocrx_word' id='word_1_672' title='bbox 743 2821 849 2855; x_wconf 84' lang='lat' dir='ltr'>propria</span> <span class='ocrx_word' id='word_1_673' title='bbox 870 2822 914 2852; x_wconf 68' lang='lat' dir='ltr'>(ni</span> <span class='ocrx_word' id='word_1_674' title='bbox 934 2822 971 2848; x_wconf 92' lang='lat' dir='ltr'>rei</span> <span class='ocrx_word' id='word_1_675' title='bbox 992 2821 1078 2848; x_wconf 91' lang='lat' dir='ltr'>nimio</span> <span class='ocrx_word' id='word_1_676' title='bbox 1097 2829 1188 2848; x_wconf 87' lang='lat' dir='ltr'>amore</span> <span class='ocrx_word' id='word_1_677' title='bbox 1207 2820 1319 2847; x_wconf 83' lang='lat' dir='ltr'>fortasse</span> <span class='ocrx_word' id='word_1_678' title='bbox 1338 2821 1434 2853; x_wconf 82' lang='lat' dir='ltr'>fallor)</span> <span class='ocrx_word' id='word_1_679' title='bbox 1455 2821 1520 2849; x_wconf 88' lang='lat' dir='ltr'>huic</span> <span class='ocrx_word' id='word_1_680' title='bbox 1541 2822 1638 2856; x_wconf 84' lang='lat' dir='ltr'>psalmi</span> <span class='ocrx_word' id='word_1_681' title='bbox 1663 2821 1817 2857; x_wconf 88' lang='lat' dir='ltr'>particulae</span> <span class='ocrx_word' id='word_1_682' title='bbox 1836 2819 2000 2851; x_wconf 88' lang='lat' dir='ltr'>auctoritas,</span> <span class='ocrx_word' id='word_1_683' title='bbox 2018 2817 2085 2853; x_wconf 87' lang='lat' dir='ltr'>quin</span> 
     </span>
     <span class='ocr_line' id='line_1_55' title="bbox 405 2859 1357 2899; baseline 0.004 -13"><span class='ocrx_word' id='word_1_684' title='bbox 405 2866 437 2885; x_wconf 83' lang='lat' dir='ltr'>ea</span> <span class='ocrx_word' id='word_1_685' title='bbox 457 2867 488 2886; x_wconf 85' lang='lat' dir='ltr'>ex</span> <span class='ocrx_word' id='word_1_686' title='bbox 507 2859 567 2886; x_wconf 90' lang='lat' dir='ltr'>aliis</span> <span class='ocrx_word' id='word_1_687' title='bbox 586 2868 723 2889; x_wconf 81' lang='lat' dir='ltr'>sacrorum</span> <span class='ocrx_word' id='word_1_688' title='bbox 742 2863 890 2891; x_wconf 88' lang='lat' dir='ltr'>bibliorum</span> <span class='ocrx_word' id='word_1_689' title='bbox 909 2864 977 2892; x_wconf 90' lang='lat' dir='ltr'>locis</span> <span class='ocrx_word' id='word_1_690' title='bbox 997 2865 1153 2892; x_wconf 85' lang='lat' dir='ltr'>necessario</span> <span class='ocrx_word' id='word_1_691' title='bbox 1171 2865 1357 2899; x_wconf 86' lang='lat' dir='ltr'>conquiratur.</span> 
     </span>
    </p>
   </div>
   <div class='ocr_carea' id='block_1_10' title="bbox 1363 2938 1372 2953">
    <p class='ocr_par' dir='ltr' id='par_1_16' title="bbox 1363 2938 1372 2953">
     <span class='ocr_line' id='line_1_56' title="bbox 1363 2938 1372 2953; baseline 0 0"><span class='ocrx_word' id='word_1_692' title='bbox 1363 2938 1372 2953; x_wconf 62' lang='grc' dir='ltr'><strong><em>Λ</em></strong></span> 
     </span>
    </p>
   </div>
  </div>
 </body>
</html>
