2205 3177
725 209 983 233 EXPLANATtONIS
1010 210 1042 231 m
1068 198 1181 231 uanos
1206 210 1330 232 niseum.
1803 201 1870 233 279

186 280 288 316 nibus
316 278 498 311 hominum
526 276 655 314 factos:
684 287 793 320 quum
819 280 936 307 contra
963 285 1064 306 verns
1091 286 1128 306 ae
1156 274 1356 307 naturaliter
1383 275 1472 307 Deus
1498 285 1515 307 a
1543 275 1679 308 nemine
1709 276 1751 308 sit
1782 287 1876 309 crea—

190 346 244 372 tus
257 363 264 373 ,
285 337 393 369 immo
413 336 484 380 ipse
504 335 620 380 potius
638 344 726 379 quae
745 342 932 375 numquam
955 330 1087 363 fuerant
1109 331 1150 364 atl
1170 332 1385 365 existentiam
1405 332 1619 377 produxerit.
1649 352 1671 357 -
1698 333 1800 378 Capta
1827 340 1875 366 est

191 406 274 439 ergo
300 394 466 427 Samaria.
488 393 560 426 Deo
585 402 687 437 opem
714 389 947 423 subtrahente.
978 388 1089 433 Atque
1116 394 1151 421 nt
1179 395 1272 422 retro
1298 389 1385 427 dixi,
1407 390 1537 423 etiamsi
1563 390 1678 423 nullus
1697 402 1738 423 ex
1757 390 1876 436 appel—

193 453 269 486 latis
295 450 386 496 apud
413 450 568 484 ethnicos
594 449 658 482 diis
684 447 861 491 regionem
888 446 1065 491 propriam
1096 453 1351 485 conservasset,
1381 447 1464 480 nihil
1497 447 1562 481 hoc
1589 448 1631 481 ad
1657 449 1789 487 Deum,
1818 449 1875 493 qui

193 520 273 542 vere
300 507 570 551 natm-aliterque
588 507 678 538 Deus
705 515 848 548 magnus
875 510 937 536 est.
967 504 1006 536 Et
1034 503 1082 536 illi
1109 504 1250 548 quidem
1270 503 1439 538 visibilem
1466 506 1706 539 tantummodo
1729 505 1875 540 formam

194 565 237 600 ab
264 566 413 599 humana
433 571 505 598 arte
524 563 633 597 sortiti
652 568 751 600 sunt,
775 561 829 594 hic
848 566 962 595 autem
983 561 1194 594 universitati
1214 573 1329 594 rerum
1350 563 1511 607 imperat,
1534 569 1565 596 et
1593 570 1800 608 potestatum
1826 571 1874 598 est

193 624 369 657 dominus.

824 685 1020 707 Vestimenta
1037 692 1093 707 sua
1107 685 1245 708 discidit.

290 739 437 772 Cralru.
467 735 591 773 Viden,
614 735 793 780 quomodo
812 746 929 768 rerum
949 745 1089 768 suarum
1108 734 1255 773 oblitus,
1279 735 1338 768 Dei
1365 739 1463 768 causa
1482 743 1630 775 maeret,
1652 743 1685 771 et
1705 737 1871 771 ultionem

194 796 368 841 postulat?
393 792 553 831 Discidit,
577 793 704 837 inquit.
729 793 930 825 vestimenta
956 803 1034 830 sua,
1055 797 1088 825 et
1114 803 1249 826 saccum
1269 792 1398 831 induit,
1421 798 1452 825 et
1480 793 1647 838 templum
1666 795 1803 828 Domini
1823 796 1875 828 in-

193 864 328 897 gressus
345 857 406 884 est.
423 850 599 890 Quaenam
619 862 701 884 vero
718 848 920 883 lacerandae
939 850 1040 882 vestis
1059 860 1158 882 causa
1176 850 1270 883 erat?
1283 851 1356 883 Mos
1371 849 1576 883 Iudaeorum
1595 850 1675 889 fuit,
1692 851 1718 883 si
1736 852 1875 896 quando

194 915 313 943 contra
333 909 444 941 Deum
462 907 695 953 blasphemias
721 907 899 945 audirent,
921 906 955 940 id
976 906 1149 943 factitare:
1171 907 1265 951 quod
1292 909 1326 941 in
1352 908 1536 952 evangeliis
1555 919 1694 953 quoque
1712 920 1730 942 a
1749 909 1873 954 Caipha

193 966 319 998 factum
346 971 519 999 narratur.

727 1029 877 1052 Praeeidi
893 1029 1144 1058 magnitudinem
1161 1029 1246 1051 cedri
1262 1030 1338 1052 eius.

289 1079 435 1112 CvRiLm.
458 1079 642 1113 Cuiusnam
662 1079 767 1112 vero?
786 1077 905 1112 Libani
925 1078 1083 1112 videlicet
1104 1090 1163 1111 seu
1183 1078 1338 1112 Iudaeae.
1361 1078 1550 1113 Altitudine
1570 1091 1652 1113 vero
1671 1080 1781 1119 cedri,
1802 1092 1872 1126 reg-

193 1147 275 1169 num
302 1137 456 1182 ipsorum
483 1136 636 1170 denotat.
665 1156 688 1161 —
714 1136 882 1169 Futurum
908 1136 1036 1181 quippe
1062 1142 1133 1169 erat
1162 1142 1196 1169 ut
1214 1137 1350 1169 Ezeciae
1375 1137 1470 1181 regni
1494 1138 1528 1170 in
1555 1137 1662 1171 altum
1689 1138 1871 1172 extollere-

193 1200 249 1226 tur
274 1193 396 1238 gloria.

446 1260 580 1288 Ponam,
597 1261 718 1288 inquit,
734 1260 887 1283 circulum
904 1261 937 1282 in
956 1261 1087 1282 naribus
1102 1260 1184 1288 eius,
1200 1262 1231 1282 et
1248 1266 1367 1283 camum
1384 1262 1417 1283 in
1434 1261 1528 1284 labiis
1544 1262 1621 1284 eins.

288 1311 436 1345 Crixum.
465 1313 615 1356 Nempe,
638 1317 673 1344 ut
693 1312 740 1344 sic
759 1310 854 1356 loqui
874 1311 941 1343 iam
960 1321 1029 1343 non
1049 1310 1183 1344 audeat.
1208 1311 1451 1345 Verumtamen
1470 1312 1620 1350 etiamsi,
1641 1323 1719 1346 cum
1739 1313 1870 1358 reliqua

193 1368 415 1402 multitudine
442 1380 511 1402 non
538 1369 638 1413 periit
663 1368 709 1412 (1)
733 1367 942 1413 praedictam
962 1366 1009 1400 ob
1028 1379 1184 1406 causam,
1208 1374 1349 1413 propter
1374 1380 1479 1414 qnam
1504 1369 1634 1403 Pharao
1659 1381 1799 1415 quoque
1818 1382 1873 1405 ce-

194 1432 348 1459 terorum
367 1426 425 1470 qui
445 1424 677 1471 puniebantur
698 1425 947 1469 Aegyptiorum
966 1430 1120 1458 servatus
1139 1431 1189 1458 est
1207 1432 1396 1470 spectator,
1419 1432 1566 1460 attamen
1586 1426 1676 1461 filios
1695 1438 1774 1461 suos
1794 1439 1872 1473 par—

193 1482 316 1515 ricidas
343 1488 460 1515 nactus
486 1488 552 1518 est,
576 1482 689 1515 statim
717 1492 755 1514 ac
782 1481 816 1514 in
842 1491 938 1514 suam
965 1481 1140 1526 regionem
1167 1493 1341 1527 regressus
1368 1483 1441 1517 fuit.

726 1546 897 1576 Protegam
914 1547 1023 1569 urbem
1038 1547 1121 1570 hanc
1138 1549 1268 1575 propte·-
1285 1555 1342 1571 me.

288 1596 436 1630 enum.
466 1597 539 1630 Hoc
566 1597 658 1629 enim
683 1597 792 1630 Deum
819 1595 929 1629 decet.
960 1597 1145 1641 Propterea
1172 1596 1205 1630 id
1233 1597 1353 1632 faciam
1378 1600 1445 1632 mei
1472 1610 1589 1639 causa,
1622 1611 1690 1633 non
1717 1600 1811 1646 quod
1838 1600 1871 1633 hi

193 1653 320 1687 auxilio
346 1653 440 1698 digni
468 1654 547 1687 sint.

339 1718 549 1748 Egressusque
565 1718 697 1748 angelus
713 1718 841 1741 nomini
858 1719 1013 1746 percussit
1029 1719 1063 1741 in
1080 1720 1192 1742 castris
1208 1719 1406 1746 Assyriorum
1423 1721 1607 1745 mlxxxv.
1622 1722 1723 1745 milia·

288 1768 436 1801 CYRILLI.
466 1767 623 1801 Solutum
649 1774 699 1801 est
724 1767 875 1807 bellum,
899 1774 1112 1802 recesserunt
1138 1780 1216 1803 cum
1242 1771 1401 1815 perieulis
1427 1772 1556 1805 minae:
1578 1774 1623 1806 ita
1649 1779 1685 1806 ut
1711 1773 1870 1818 posthinc

194 1825 518 1870 Hierosolymorum
531 1826 664 1860 incolae
677 1827 737 1860 Dei
757 1826 883 1860 auxilio
898 1837 1108 1872 magnopere
1123 1827 1201 1861 laeti
1216 1828 1385 1862 dicerent:
1402 1831 1597 1864 convertisti
1611 1830 1741 1864 luctum
1755 1842 1870 1865 meum

194 1882 226 1915 in
252 1882 416 1927 gandium
437 1882 534 1916 mihi.
563 1882 715 1917 Observa
742 1895 856 1917 rerum
883 1885 1162 1922 conversionem:
1185 1886 1364 1920 considera
1383 1886 1504 1920 sedulo
1527 1886 1652 1921 verba:
1675 1889 1869 1922 convertisti

194 1939 323 1973 luctum
344 1951 459 1973 meum
479 1941 513 1973 in
532 1940 695 1985 gaudium
714 1941 810 1974 mihi.
829 1941 973 1975 Grandis
991 1948 1063 1975 erat
1083 1942 1195 1976 luctus
1213 1942 1260 1976 ob
1279 1943 1428 1978 hostium
1449 1944 1722 1982 multitudinem,
1741 1945 1870 1990 grande

193 2008 301 2042 aeque
328 2003 445 2042 postea
472 1997 535 2031 fuit
560 1997 723 2043 gaudium
748 1997 795 2032 ob
821 1999 1014 2032 occisorum
1042 2011 1236 2034 numerum.

786 2115 945 2118 mh—
954 2104 1277 2130 «ege—*2

436 2185 472 2218 S.
502 2184 645 2218 Irenaei
669 2183 822 2230 episcopi
847 2184 1075 2230 lugdunensis
1091 2185 1306 2231 fragmenta
1334 2186 1403 2219 (luo
1429 2199 1475 2219 etz?
1502 2188 1622 2220 eadem

853 2250 971 2274 renem
998 2250 1123 2275 calena
1151 2243 1209 2288 (2).

290 2345 423 2377 laesum
450 2355 544 2377 Leon.
574 2355 625 2377 ΕΡ.
655 2344 768 2382 Lavit,
792 2344 920 2389 inquit,
944 2344 975 2376 in
1003 2343 1148 2377 Iordane
1173 2345 1308 2390 septies.
1338 2345 1439 2379 Haud
1466 2346 1590 2380 frustra
1616 2347 1699 2380 olim
1719 2348 1869 2382 Naaman

194 2401 370 2447 leprosus,
393 2401 542 2435 lavando
567 2401 752 2434 mundatus
778 2407 847 2439 est;
868 2401 926 2434 sed
947 2400 989 2434 ad
1010 2407 1161 2435 nostram
1187 2402 1437 2440 eruditionem,
1460 2405 1517 2448 qui
1546 2406 1690 2450 peccatis
1716 2404 1793 2439 facti
1820 2406 1868 2439 le-

195 2460 307 2503 prosi,
329 2459 451 2492 sanctis
477 2459 573 2504 aquis
594 2465 631 2492 et
656 2459 792 2492 Domini
819 2459 1033 2492 invocatione
1059 2457 1231 2492 veteribus
1256 2460 1365 2506 culpis
1388 2461 1612 2500 mundamur,
1637 2474 1697 2496 eeu
1722 2462 1868 2497 infantes

194 2527 311 2549 recens
336 2517 405 2550 nati
432 2516 629 2562 spiritaliter
655 2517 864 2561 regenerati,
893 2517 975 2549 sicut
1003 2523 1033 2550 et
1061 2517 1227 2550 Dominus
1254 2518 1318 2550 ait:
1349 2518 1409 2551 nisi
1436 2520 1512 2564 quis
1537 2526 1674 2553 renatus
1700 2520 1800 2554 fuerit
1826 2532 1865 2555 ex

194 2569 280 2617 a'qua
306 2579 340 2606 et
364 2573 505 2618 spiritu,
528 2584 598 2606 non
623 2572 764 2606 intrabit
788 2574 823 2606 in
849 2585 995 2618 regnum
1021 2573 1208 2607 caelorum.

290 2630 423 2663 infixam
443 2641 538 2663 Lusi).
561 2641 612 2662 ΕΡ.
641 2631 672 2663 Si
694 2629 830 2664 Elissaei
850 2631 995 2664 cadaver
1014 2631 1188 2664 hominem
1209 2637 1385 2666 mortuum
1404 2633 1592 2671 suscitavit,
1615 2641 1745 2679 quanto
1765 2636 1870 2680 magis

194 2687 284 2721 Deus
311 2687 491 2720 hominum
517 2698 663 2732 corpora
688 2688 778 2721 vitae
803 2689 957 2722 restituta
984 2689 1017 2722 in
1045 2688 1207 2722 iudicium
1234 2689 1404 2723 adducet?

292 2786 326 2815 x1)
345 2783 460 2810 Videtur
478 2783 654 2811 scribendum
674 2784 701 2811 in
721 2792 816 2817 graeco
837 2788 1003 2813 συναπώλησε
1024 2793 1072 2819 pro
1093 2788 1279 2813 comminuas.

291 2831 327 2861 (2)
346 2830 385 2855 De
405 2828 446 2855 his
466 2828 570 2855 irenaei
589 2832 615 2855 et
635 2836 695 2855 mox
713 2829 858 2864 Theophili
876 2830 1036 2865 fragmentis
1055 2830 1110 2857 dixi
1131 2831 1157 2857 in
1178 2839 1238 2865 pag.
1256 2840 1294 2863 gr.
1318 2836 1371 2858 tw.
1388 2837 1412 2858 vt
1430 2836 1487 2859 Μ.»
1512 2834 1684 2867 Dogmata-as
1704 2841 1732 2860 ex
1756 2835 1863 2860 tronum

195 2872 367 2899 auctoritates
388 2872 440 2898 iam
461 2872 704 2900 animadvertimus
723 2881 747 2908 p,
769 2876 828 2900 447.

1910 692 2009 718 maog.
2018 693 2091 714 Χιλκὶ

1910 1153 1947 1174 Gr.
1963 1160 1984 1179 p⁴
2005 1158 2037 1174 mz

1909 2359 1934 2378 {T
1960 2360 2011 2380 lieu.
2029 2360 2043 2379 V
2070 2363 2087 2380 lt

1908 2419 1943 2435 ¹112
1960 2424 1973 2441 p
1999 2420 2041 2436 147⁷

1910 2636 1945 2681 lli*
1963 2637 2015 2656 ttw.
2032 2637 2081 2657 xttt
